4110 6456
411 336 545 393 1571

1827 328 1919 383 EX
1957 324 2116 384 ORIG
2126 318 2258 382 E‘NE

3527 324 3666 381 1572

405 458 603 513 acerbe
629 464 935 528 correptus,
968 464 1029 509 ut
1062 468 1092 508 a
1123 459 1395 508 conventu
1426 448 1837 507 abscinderetur
1880 449 1986 504 Ec-
2015 453 2062 510 Α
2092 460 2314 502 necesse
2330 461 2452 503 eum
2474 446 2874 517 correptionem
2893 452 3132 517 paterna:
3146 444 3484 502 austeritatis
3499 462 3667 515 agno-

407 547 610 608 clesim,
638 561 742 600 non
781 556 958 599 tamen
991 542 1114 597 odio
1147 541 1335 596 habuit
1365 552 1678 612 arguentem
1703 583 1717 605 ,
1744 542 1836 595 sed
1869 541 1989 595 ani-

408 638 837 691 madversionem
885 635 1157 705 patienter
1219 634 1429 703 accepit
1483 645 1539 687 et
1589 633 1803 688 fortiter
1840 634 1983 688 tulit.

412 731 523 800 Ego
548 732 779 784 arbitror
808 732 949 799 quod
978 729 1144 783 etiam
1176 726 1433 796 majorem
1459 726 1710 782 affectum
1742 728 1987 797 concepit

411 837 536 891 erga
570 821 790 874 Paulum
818 862 832 884 ,
866 830 1025 888 atque
1054 834 1183 889 erga
1208 832 1397 872 onmes
1443 818 1534 885 qui
1585 820 1801 873 statutis
1833 817 1984 873 Pauli

411 915 463 968 in
496 913 612 980 ejus
643 913 1115 965 animadversione
1153 924 1464 980 paruerant.
1502 910 1658 966 Unde
1703 924 1757 966 et
1789 912 1987 967 Paulus

407 1007 731 1058 sententiam
778 1012 998 1057 revocat
1020 1041 1036 1065 ,
1069 1012 1123 1056 et
1151 1003 1384 1072 ejectum
1430 1001 1768 1072 reconjungit
1801 1003 1988 1056 Eccle-

408 1096 523 1157 siaa,
558 1105 608 1148 et
645 1096 797 1149 addit
828 1097 1016 1151 dicens
1045 1095 1091 1127 ⁸⁸
1120 1113 1132 1148 :
1161 1096 1483 1163 Con/innate
1522 1098 1574 1150 in
1601 1114 1717 1150 eum
1752 1098 1987 1150 Charita-

408 1195 533 1240 tem.
570 1185 712 1239 Vidit
746 1188 889 1240 enim
929 1202 1052 1241 eum
1104 1196 1226 1255 post
1272 1188 1800 1242 animadversionem
1856 1204 1988 1243 con-

409 1291 661 1330 servasse
704 1276 1026 1330 charitatem
1071 1292 1085 1328 :
1134 1284 1186 1329 et
1235 1275 1356 1329 ideo
1403 1276 1541 1329 dixit
1590 1285 1648 1330 ut
1672 1279 1833 1330 etiam
1867 1287 1987 1345 post

410 1375 689 1434 peccatum
739 1380 842 1419 non
878 1376 983 1417 tam
1027 1363 1356 1417 tribueretur
1390 1364 1437 1417 ei
1486 1364 1764 1427 Charitas,
1811 1366 1987 1419 inerat

408 1457 576 1519 enim,
611 1457 703 1509 sed
736 1466 790 1507 ut
821 1456 889 1509 ab
919 1456 1174 1510 omnibus
1196 1472 1258 1509 ea
1299 1471 1417 1523 qua:
1452 1455 1625 1509 iuerat
1653 1455 1985 1510 firmaretur.

408 1545 643 1601 Necesse
672 1556 755 1602 est
799 1562 931 1616 ergo
958 1564 1079 1601 eum
1131 1549 1222 1618 qui
1274 1558 1463 1618 peccat
1491 1549 1645 1616 argui
1683 1564 1699 1600 :
1733 1548 1825 1601 sed
1850 1562 1985 1615 quo-

408 1638 555 1692 niam
588 1638 769 1707 gravis
800 1639 955 1692 nobis
996 1636 1407 1701 infirmioribus,
1443 1639 1695 1705 quamvis
1731 1638 1803 1693 sit
1840 1640 1988 1694 utilis

410 1727 508 1781 ista
534 1730 827 1797 correptio,
855 1728 995 1783 ferre.
1020 1745 1139 1784 eam
1170 1730 1270 1785 sub
1296 1732 1539 1785 omnimn
1573 1732 1861 1799 praesentia
1892 1732 1986 1787 de-

408 1821 661 1874 vitamus.
690 1822 753 1874 Et
779 1822 906 1891 quid
930 1822 1048 1876 dico
1078 1824 1317 1877 omnium
1355 1826 1638 1894 praesentia
1664 1826 1982 1881 ?lnterdum

409 1926 477 1964 ne
517 1912 652 1965 duos
686 1912 900 1981 quidem
932 1929 1057 1967 cum
1084 1918 1362 1984 arguimur
1401 1918 1592 1972 adesse
1634 1918 1874 1987 patimur
1905 1929 1986 1971 Ie-

406 2014 516 2057 stes
540 2041 557 2066 ,
586 2003 677 2056 sed
712 2003 990 2072 culpamus
1051 2017 1367 2075 arguentem
1420 2018 1474 2062 et
1518 2009 1750 2063 dicimus
1779 2011 1983 2079 :Oporv

407 2103 584 2148 tnerat
620 2104 669 2149 te
701 2096 798 2149 soli
847 2095 978 2149 mihi
1028 2096 1210 2152 dicere
1260 2115 1380 2168 quae
1413 2101 1583 2165 velis,
1626 2113 1680 2155 et
1726 2118 1834 2156 non
1882 2104 1984 2159 sub

406 2187 699 2241 multorum
726 2191 1012 2257 prtcsentia
1036 2192 1217 2245 facere
1241 2192 1373 2246 mihi
1403 2195 1676 2248 ruborem.
1705 2196 1983 2265 Dolcmus,

403 2274 698 2345 iactamur,
734 2277 1135 2334 effervescimus
1160 2322 1173 2345 ,
1205 2291 1259 2337 et
1296 2282 1349 2337 in
1395 2284 1748 2342 interioribus
1787 2290 1983 2345 animae

407 2368 657 2423 sensibus
687 2371 1019 2426 cruciamur.
1052 2372 1202 2438 Quod
1234 2374 1277 2428 si
1311 2375 1427 2429 talis
1461 2378 1731 2447 correptio
1764 2390 1846 2433 est
1876 2396 1981 2449 qua

408 2459 475 2511 ab
507 2458 813 2514 hominibus
843 2460 925 2513 vel
957 2476 1139 2514 coram
1170 2461 1478 2519 hominibus
1510 2470 1810 2537 arguimur,
1854 2473 1984 2540 Quid

409 2547 669 2604 faciemus
695 2551 740 2604 si
774 2551 913 2606 Dens
941 2569 1037 2607 nos
1068 2562 1289 2624 arguat,
1322 2557 1367 2610 si
1406 2559 1517 2627 ipse
1558 2560 1699 2615 Deus
1739 2564 1984 2621 confutet

407 2652 460 2694 et
492 2645 685 2711 arguat
717 2644 767 2696 in
798 2643 978 2700 furore
1000 2649 1027 2699 ?
1054 2646 1163 2702 Nos
1188 2649 1275 2718 qui
1311 2650 1550 2721 episcopi
1579 2657 1853 2724 arguentis
1877 2658 1984 2713 ira-

409 2731 657 2786 cundiam
696 2733 839 2788 ferre
870 2750 974 2789 non
1008 2751 1325 2805 possumus,
1376 2742 1469 2800 sed
1506 2742 1857 2814 indignanter
1893 2763 1985 2803 ac-

408 2822 663 2892 cipimus,
714 2825 858 2879 ilium
908 2828 1145 2883 furorem
1187 2831 1282 2900 qui
1319 2829 1412 2886 Dei
1462 2848 1584 2889 esse
1626 2835 1858 2902 dicitur,
1892 2854 1983 2892 ar-

407 2923 659 2980 guentem
695 2932 793 2972 nos
836 2921 1107 2987 quomodo
1156 2921 1505 2979 tolerabimus
1541 2926 1570 2979 ’ἒ
1608 2927 1801 2984 Sciens
1852 2947 1984 3001 ergo

399 3007 665 3073 prepheta
718 3010 1145 3079 quamplurimas
1176 3029 1297 3069 esse
1329 3015 1665 3072 differentias
1698 3024 1980 3090 arguendi,

405 3108 458 3151 et
492 3098 677 3154 volens
709 3102 863 3170 quasi
900 3104 1065 3159 homo
1089 3121 1186 3175 pro
1213 3108 1426 3163 delictis
1449 3111 1664 3179 quidem
1690 3115 1866 3183 argui,
1897 3131 1982 3171 ve-

411 3202 531 3245 rens
560 3204 738 3247 autem
764 3207 830 3248 ne
860 3197 1099 3265 graviori
1130 3200 1391 3267 pondere,
1410 3202 1461 3256 id
1490 3213 1594 3269 est,
1621 3219 1688 3258 ne
1714 3206 1764 3260 in
1794 3207 1980 3266 furore

408 3281 620 3337 Domini
655 3297 1002 3354 argueretur,
1027 3289 1123 3351 ait,
1158 3290 1298 3345 sicut
1327 3293 1439 3361 jam
1468 3305 1522 3349 et
1552 3297 1604 3351 in
1637 3297 1742 3352 alio
1769 3300 1981 3369 psalmo

406 3381 533 3427 ante
554 3374 785 3439 dixerat,
812 3376 977 3432 etiam
1011 3379 1163 3432 hic-3’
1198 3398 1214 3435 :
1251 3382 1493 3449 Domine,
1518 3400 1580 3438 ne
1603 3386 1656 3439 in
1681 3386 1862 3455 furore
1891 3399 1983 3443 tuo

407 3482 601 3535 arguas
630 3482 732 3521 me.
770 3467 1033 3524 Similiter
1055 3481 1234 3527 autem
1265 3474 1397 3530 dicit
1429 3487 1484 3531 et
1524 3480 1669 3548 quod
1709 3481 1975 3551 sequitur:

409 3574 571 3628 neque
616 3561 671 3613 in
703 3562 784 3614 ira
834 3569 929 3616 tua
976 3566 1234 3634 corripias
1280 3584 1380 3623 me.
1430 3569 1658 3639 Oportet
1704 3586 1842 3641 ergo
1880 3590 1982 3631 nos

409 3650 589 3720 aliqua
619 3659 673 3705 et
701 3652 767 3707 de
797 3655 1139 3723 correptione
1169 3658 1350 3714 dicere
1375 3700 1391 3727 ,
1421 3662 1487 3716 de
1514 3676 1618 3731 qua
1655 3664 1984 3733 generaliter

410 3757 507 3796 nos
536 3742 831 3811 Apostolus
871 3746 1031 3801 docet
1062 3747 1249 3804 dicens
1279 3750 1329 3783 ⁸⁸
1360 3769 1373 3805 :
1412 3751 1595 3806 Omnia
1622 3752 1829 3823 quidem
1875 3770 1986 3807 cor-

409 3834 574 3905 reptio
607 3834 676 3888 ad
706 3851 934 3905 premens
962 3854 1065 3893 non
1103 3841 1310 3896 videtur
1335 3844 1517 3913 gaudii
1545 3859 1654 3897 esse
1678 3882 1695 3909 ,
1744 3846 1832 3898 sed
1866 3862 1985 3899 mw-

410 3933 582 3997 roris,
621 3942 801 4003 postea
838 3946 1009 3991 autem
1054 3936 1286 4006 fructum
1333 3938 1727 4006 pacatissimam
1768 3940 1849 3994 his
1895 3940 1984 4010 qui

408 4040 500 4088 per
532 4041 649 4079 eam
692 4028 964 4083 exercitati
1005 4039 1163 4093 sunt,
1215 4031 1397 4084 reddet
1432 4030 1668 4094 iustitiae.
1702 4030 1767 4086 Et
1807 4032 1986 4087 videte

409 4115 572 4170 etiam
602 4131 822 4187 pueros,
845 4121 1296 4188 quemadmodum
1315 4137 1436 4176 eum
1466 4122 1839 4193 corripiuntur
1861 4138 1986 4178 ver-

414 4209 629 4265 beribus
664 4226 693 4264 a
740 4214 1046 4285 paedagogis
1070 4252 1085 4277 ,
1118 4213 1202 4269 vel
1231 4227 1258 4266 a
1306 4213 1621 4272 doctoribus
1649 4216 1980 4282 excitantur,

412 4303 635 4358 moleste
661 4306 878 4375 quidem
909 4306 1202 4377 accipiunt,
1228 4315 1283 4383 et
1307 4322 1576 4362 summum
1606 4308 1803 4363 malum
1834 4308 1984 4379 judi-

410 4404 537 4451 cant
564 4396 803 4457 dolorem
836 4399 982 4453 illum
1003 4440 1018 4465 ,
1047 4401 1139 4468 qui
1179 4401 1257 4457 eis
1287 4415 1450 4456 causa
1483 4402 1803 4458 eruditionis
1837 4400 1981 4457 inﬂi-

2091 553 2244 595 scere
2266 580 2281 605 ,
2312 555 2429 608 quae
2459 556 2527 595 ex
2575 538 2915 611 gravioribus
2959 538 3174 594 delictis
3204 554 3268 593 ac
3298 539 3662 607 ﬂagitiosiori-

2090 630 2192 685 bus
2224 640 2564 698 provocatur.
2601 630 2657 685 Si
2690 631 3019 700 corripiatur
3043 647 3073 685 a
3105 632 3323 686 doctore
3360 646 3524 702 puer,
3554 646 3662 687 non

2090 722 2162 775 ita
2193 734 2443 777 austeros
2472 725 2574 777 erit
2618 725 2874 794 magister
2908 727 3047 780 sicut
3094 732 3249 793 pater
3297 738 3419 780 esse
3465 734 3660 795 potest,

2088 816 2131 869 si
2178 815 2362 884 gravia
2399 816 2591 870 delicta
2626 817 2676 870 in
2712 818 2821 872 ﬁlio
2850 818 3185 888 cognoverit.
3227 817 3283 871 Si
3314 817 3456 870 enim
3498 816 3665 870 corri-

2087 905 2200 974 piat
2227 914 2376 973 pater
2407 921 2503 975 pro
2529 907 2824 977 majoribus
2849 908 3299 977 gravioribusque
3329 908 3589 975 peccatis,
3608 916 3667 961 et

2090 1005 2295 1050 tantum
2350 999 2420 1052 sit
2467 1000 2816 1054 commissum
2868 1000 2965 1054 lilii
3016 999 3163 1067 quod
3212 999 3278 1053 ad
3325 999 3660 1053 iracundiam

2085 1089 2443 1144 concitaverit
2466 1102 2699 1160 patrem,
2727 1094 2845 1147 sine
2874 1094 3037 1147 dubio
3070 1102 3191 1162 post
3218 1093 3516 1156 cruciatus,
3540 1106 3662 1164 post

2085 1180 2347 1247 supplicia
2390 1182 2556 1234 etiam
2604 1182 2967 1237 abdicationis
3009 1197 3170 1253 poena
3226 1183 3516 1237 metuenda
3555 1192 3659 1240 est.

2088 1274 2147 1328 Si
2178 1275 2493 1331 intellexisti
2536 1278 2974 1343 similitudinem,
3010 1277 3181 1332 transi
3212 1277 3341 1331 mihi
3375 1277 3442 1331 ab
3478 1290 3663 1331 exem-

2086 1364 2173 1433 plo
2202 1365 2267 1418 ad
2298 1380 2408 1420 rem
2430 1407 2444 1432 ,
2472 1375 2527 1420 et
2556 1365 2793 1436 intellige
2830 1368 2899 1422 de
2931 1368 3086 1423 nobis
3113 1367 3364 1421 omnibus
3409 1380 3528 1434 quae
3574 1364 3660 1419 di-

2086 1464 2307 1510 cuntur.
2370 1456 2573 1512 Omnes
2620 1458 2857 1529 episcopi
2911 1467 3074 1528 atque
3123 1472 3314 1512 omnes
3357 1458 3669 1528 presbyteri

2087 1547 2173 1602 vel
2223 1547 2436 1603 diaconi
2483 1549 2739 1603 erudiunt
2771 1565 2867 1604 nos
2894 1588 2910 1613 ,
2941 1558 2994 1604 et
3039 1550 3354 1604 erudientes
3403 1549 3663 1604 adhibent

2086 1644 2477 1713 correptiones,
2507 1654 2560 1699 et
2584 1643 2764 1699 verbis
2796 1643 3199 1698 austerioribus
3223 1642 3528 1712 increpant.
3566 1643 3661 1697 Est

2087 1744 2268 1789 autem
2296 1735 2513 1804 quando
2540 1735 2823 1790 erudimur
2851 1734 3016 1789 etiam
3047 1748 3076 1787 a
3108 1734 3568 1803 procuratoribus,
3604 1745 3667 1790 et

2086 1826 2384 1892 actoribus,
2410 1828 2459 1881 id
2483 1835 2567 1883 est
2602 1830 2669 1883 ab
2698 1828 2782 1881 his
2815 1826 3022 1898 angelis
3054 1826 3251 1896 quibus
3280 1827 3503 1881 creditae
3533 1836 3669 1881 sunt

2086 1917 2461 1987 dispensanda:
2512 1929 2565 1973 et
2610 1920 2859 1987 regendae
2901 1918 3094 1972 anima:
3122 1928 3364 1972 nostras:
3398 1918 3660 1987 quemad-

2086 2011 2302 2065 modum
2334 2011 2660 2066 describitur
2692 2013 2746 2066 in
2789 2012 3024 2080 quodam
3074 2010 3191 2065 loco
3216 2010 3441 2079 angelus
3488 2010 3664 2077 ι)ωηί-

2085 2102 2296 2167 tentia),
2324 2101 2415 2172 qui
2460 2117 2560 2158 nos
2592 2102 2816 2173 suscipit
2862 2101 3240 2171 castigandos,
3289 2101 3430 2154 sicut
3463 2097 3665 2154 Pastor

2083 2196 2324 2263 exponit,
2363 2195 2409 2249 si
2441 2197 2525 2250 cui
2567 2204 2747 2249 tamen
2783 2193 2995 2248 libellus
3023 2193 3112 2246 ille
3141 2193 3480 2261 recipiendus
3511 2192 3665 2246 vide—

2087 2293 2193 2339 tur.
2241 2286 2463 2342 Interim
2514 2286 2743 2342 diversis
2806 2284 3203 2339 eruditionibus
3253 2283 3657 2337 succumbimus

2084 2394 2183 2434 nos
2211 2379 2458 2435 homines
2489 2378 2883 2448 castigantibus
2905 2417 2919 2440 ,
2951 2394 3052 2433 nos
3095 2384 3147 2431 et
3195 2374 3613 2443 corripientibus
3640 2391 3658 2428 :

2086 2471 2320 2527 nondum
2366 2480 2540 2526 tamen
2585 2472 2651 2524 ab
2696 2471 2813 2541 ipso
2855 2470 3254 2540 patrefamilias
3299 2469 3659 2538 castigamur,

2083 2563 2177 2617 sed
2233 2578 2262 2615 a
2314 2562 2761 2631 procuratoribus
2799 2562 3009 2630 angelis
3036 2602 3051 2628 ,
3089 2561 3181 2630 qui
3233 2560 3662 2629 uniuscujusque

2086 2652 2255 2709 nostri
2292 2652 2588 2722 castigandi
2628 2661 2793 2719 atque
2839 2650 3165 2704 emendandi
3208 2650 3510 2703 sortiuntur
3538 2648 3660 2705 otii-

2084 2746 2257 2810 cium,
2282 2754 2337 2799 et
2364 2756 2444 2799 est
2482 2743 2821 2798 tolerabilius
2852 2757 2974 2796 cum
3000 2741 3067 2794 ab
3103 2739 3283 2808 aliquo
3314 2740 3505 2792 hormn
3538 2755 3662 2793 cor-

2088 2839 2334 2909 ripimur.
2363 2838 2454 2892 Sic
2479 2851 2693 2907 quoque
2718 2834 3001 2889 interdum
3018 2833 3180 2888 etiam
3207 2831 3497 2903 pzedagogo
3523 2846 3668 2885 com-

2085 2931 2248 2986 missa
2280 2940 2363 2985 est
2384 2939 2570 2984 nostra
2596 2928 2886 2997 correptio.
2918 2925 3053 2980 Nam
3085 2926 3397 2995 quicunque
3424 2927 3523 2979 sub
3548 2923 3677 2993 lege

2084 3032 2262 3086 erant,
2295 3020 2549 3090 quoniam
2595 3020 2678 3074 lex
2710 3016 3036 3088 paedagogus
3065 3025 3254 3071 noster
3283 3015 3385 3069 fuit
3415 3016 3465 3069 in
3500 3012 3661 3068 Chri—

2083 3120 2204 3179 sto,
2240 3109 2614 3179 delinquentes
2643 3108 2696 3162 in
2735 3106 2852 3177 lege
2891 3120 2919 3157 a
2958 3106 3247 3175 paedagogo
3287 3104 3662 3173 corripieban-

2087 3212 2209 3269 tur,
2249 3216 2371 3256 cum
2407 3200 2771 3270 puniebantur
2811 3212 2876 3253 ex
2911 3198 3049 3266 lege.
3100 3195 3472 3251 Puniebantur
3515 3193 3675 3247 enim

2083 3297 2167 3351 vel
2198 3312 2320 3352 cum
2366 3295 2780 3365 Iapidabantur,
2810 3290 2895 3346 vel
2937 3306 3060 3345 cum
3093 3289 3294 3357 aliquid
3326 3302 3514 3342 eorum
3543 3300 3667 3355 quae

2081 3390 2293 3462 Moyses
2334 3388 2630 3458 scripserat
2669 3384 3035 3455 perferebant.
3072 3379 3261 3434 Nullus
3301 3392 3430 3447 ergo
3473 3393 3673 3434 eorum-

2083 3483 2151 3538 de
2180 3482 2378 3552 quibus
2428 3478 2682 3548 superius
2711 3475 2950 3529 diximus
2993 3472 3061 3526 ab
3110 3472 3224 3539 ipso
3271 3467 3677 3537 patrefamilias

2083 3572 2430 3643 puniebatur.
2467 3566 2583 3620 Non
2616 3564 2760 3618 enim
2793 3570 2912 3615 erat
2934 3558 3327 3630 paterfamilias
3357 3557 3464 3621 les,
3492 3569 3677 3624 neque-

2084 3663 2310 3733 angelus
2338 3655 2690 3729 paenitentia.
2723 3652 2829 3708 Sed
2860 3661 2985 3705 sunt
3020 3651 3124 3705 alia
3163 3658 3386 3718 peccata
3417 3662 3514 3716 pro
3551 3648 3675 3714 qui-

2084 3754 2183 3807 bus
2213 3758 2525 3821 peccantem
2557 3749 2671 3816 ipse
2702 3742 3096 3816 paterfamilias
3132 3740 3308 3810 punit,
3361 3753 3485 3793 cum
3519 3739 3665 3790 vide-

2084 3843 2211 3897 licet
2238 3840 2407 3913 682
2447 3839 2539 3909 qui
2566 3852 2873 3893 mensuram
2916 3833 3217 3888 facinorum
3256 3844 3663 3899 supergressus,

2085 3936 2225 3989 ultra
2258 3942 2525 3989 creatura:
2569 3930 2954 3986 contumeliam
3005 3926 3231 3982 sceleris
3269 3924 3351 3977 sui
3388 3923 3666 3991 impietate

2087 4023 2336 4080 tetendit.
2378 4021 2489 4077 Nec
2533 4031 2712 4075 tamen
2756 4020 2905 4075 alius
2925 4018 3047 4088 quis
3087 4016 3238 4071 novit
3265 4022 3464 4085 praeter
3495 4012 3669 4066 Deum

2086 4120 2282 4185 solum,
2316 4118 2409 4188 qui
2440 4116 2524 4172 vel
2558 4116 2778 4185 quando
2813 4111 3264 4185 procuratoribus
3294 4108 3432 4162 tradi
3471 4107 3665 4161 debeat

2085 4212 2460 4282 castigandus,
2493 4207 2577 4261 vel
2602 4207 2692 4276 qui
2726 4204 3102 4272 corripiendus
3128 4200 3423 4265 actoribus,
3450 4195 3675 4267 quando

2085 4307 2250 4362 etiam
2279 4303 2370 4373 qui
2400 4300 2595 4371 subjici
2627 4298 2819 4353 debeat
2847 4296 3173 4365 paedagogo,
3215 4293 3302 4347 cui
3327 4290 3489 4346 etiam
3523 4287 3665 4341 infe~

2086 4399 2263 4453 riores
2297 4394 2407 4448 sint
2449 4393 2644 4446 horum
2698 4388 2940 4442 omnium
2996 4384 3403 4455 correptiones,
3450 4379 3493 4433 si
3546 4378 3675 4445 quis

410 4487 591 4558 gitur:
623 4497 676 4544 et
706 4490 958 4559 quamvis
1002 4491 1277 4560 profectus
1324 4505 1456 4547 suos
1505 4492 1557 4546 in
1610 4492 1981 4562 hujuscemodi
2017 4509 2062 4566 ι)
2091 4489 2299 4546 scilicet
2329 4486 2449 4541 talis
2475 4493 2560 4539 est
2587 4482 2679 4553 qui
2713 4484 2909 4554 ipsam,
2947 4487 3007 4533 ut
3038 4478 3113 4532 ita
3141 4474 3393 4566 dixerim,
3426 4470 3663 4566 divin-ant

412 4580 828 4644 eruditionibus,
877 4582 961 4636 vel
1007 4584 1442 4653 correptionibus
1481 4598 1602 4640 esse
1633 4584 1842 4652 positos
1879 4599 1985 4640 non

412 4670 682 4740 ignorent,
717 4681 893 4727 tamen
927 4673 1155 4731 moleste
1198 4685 1360 4747 atque
1398 4676 1750 4745 impatienter
1782 4674 1984 4732 ferunt.

414 4759 567 4827 Quod
600 4760 646 4817 si
676 4763 910 4818 eruditio
948 4779 1236 4834 puerorum
1285 4766 1662 4837 hujuscemodi
1706 4776 1788 4823 est
1813 4808 1828 4833 ,
1860 4769 1989 4837 quid

413 4853 619 4907 sentire
660 4854 918 4910 debemus
972 4856 1038 4910 de
1080 4858 1237 4913 nobis
1273 4859 1535 4924 senibus,
1587 4859 1801 4928 qualem
1835 4860 1988 4916 nobis

416 4944 499 4999 vel
525 4944 904 5013 eruditionem,
938 4947 1019 5001 vel
1054 4951 1450 5019 correptionem
1485 4949 1771 5005 imminere
1800 4965 1989 5007 cense-

417 5052 558 5099 mus,
595 5051 716 5105 quze
744 5054 846 5092 non
882 5054 911 5093 a
942 5041 1433 5110 dispensatoribus,
1466 5055 1642 5109 neque
1673 5057 1700 5096 a
1736 5044 1987 5114 paedago-

415 5130 499 5202 gis
526 5128 755 5184 infertur
778 5131 801 5185 ?
823 5131 979 5187 Novit
1010 5135 1208 5205 quippe
1242 5132 1522 5203 Scriptura
1554 5135 1903 5205 ptedagogum
1933 5145 1989 5195 et

415 5225 841 5292 dispensatorem
872 5234 927 5281 et
958 5227 1376 5296 ‘procuratorem
1412 5226 1618 5297 parvuli
1646 5244 1659 5281 :
1689 5228 1817 5299 quid
1844 5269 1859 5294 ,
1898 5227 1986 5282 in-

414 5330 575 5385 quam
601 5354 615 5381 ,
662 5316 980 5371 existimare
1003 5357 1020 5383 ,
1056 5318 1141 5373 vel
1189 5320 1393 5374 sentire
1423 5318 1681 5374 debemus
1710 5360 1724 5385 ,
1756 5335 1877 5373 cum
1922 5322 1989 5375 ab

414 5407 532 5474 ipso
561 5408 950 5477 patrefamilias
979 5412 1214 5467 eruditio
1241 5422 1420 5467 nostra
1441 5411 1583 5466 facta
1615 5410 1776 5467 fuerit
1823 5422 1989 5481 atque

413 5502 688 5569 correptio
710 5502 733 5556 τ
758 5500 956 5557 lterum
991 5504 1274 5559 redeamus
1305 5506 1370 5559 ad
1402 5504 1815 5559 similitudinem
1849 5518 1986 5571 pue-

418 5605 622 5650 rorum.
657 5594 712 5647 Si
742 5595 1069 5665 corripiatur
1112 5612 1244 5665 puer
1281 5612 1309 5648 a
1346 5598 1637 5667 paedagogo
1661 5638 1675 5663 ,
1731 5610 1834 5648 non
1881 5594 1985 5648 erit

487 5775 531 5805 "
565 5773 602 5827 Il
629 5773 750 5829 Cor.
785 5791 820 5829 Il
848 5817 861 5842 ,
892 5776 943 5831 8.
1018 5777 1061 5810 ⁸⁷
1105 5778 1189 5833 Ps.
1223 5792 1431 5843 xxxvii,
1474 5776 1527 5829 ἓ.

2091 4596 2309 4638 manum
2344 4580 2394 4633 in
2427 4592 2582 4634 suam
2629 4583 2887 4646 provocet
2925 4571 3203 4627 ultionem.
3249 4565 3304 4620 Si
3350 4559 3671 4616 intellexisti

2087 4690 2206 4746 quae
2232 4674 2374 4729 dicta
2404 4681 2551 4735 sunt,
2584 4670 2629 4725 si
2658 4669 2903 4725 altiorem
2947 4671 3165 4720 secutus
3209 4671 3267 4712 es
3307 4650 3663 4714 intellectum,

2089 4772 2303 4826 intuere
2352 4781 2496 4821 nunc
2537 4764 2772 4836 qualiter
2821 4763 2936 4816 haec
2972 4753 3238 4823 Propheta
3289 4747 3664 4820 prosequitur,

2088 4876 2210 4915 cmn
2239 4857 2372 4913 dicit
2412 4877 2426 4915 :
2457 4857 2627 4914 Etiam
2660 4855 2703 4909 si
2750 4850 2978 4919 corripis
3005 4862 3089 4901 me
3112 4885 3127 4911 ,
3160 4843 3298 4897 Deus
3318 4882 3330 4904 ,
3361 4839 3467 4894 noli
3499 4853 3583 4892 me
3612 4839 3664 4892 in

2095 4951 2175 5006 ira
2211 4951 2509 5020 corripere.
2546 4946 2652 5002 Sed
2700 4957 2802 4997 nos
2848 4955 2951 4995 nec
2992 4937 3190 5006 corrigi
3230 4933 3479 4987 volumus
3504 4969 3518 4994 ,
3570 4944 3669 4983 nec

2094 5042 2443 5113 paedagogum
2471 5037 2707 5109 patimur
2730 5039 3188 5093 commonentem,
3218 5037 3391 5095 neque
3416 5035 3671 5091 procura-

2098 5112 2275 5195 torum
2294 5131 2379 5187 vel
2399 5139 2642 5184 actorum
2676 5124 3052 5194 correptiones
3079 5120 3313 5173 libenter
3346 5112 3669 5183 accipimus,

2095 5234 2149 5287 et
2174 5230 2458 5293 propterea
2493 5221 2561 5274 ab
2592 5219 2704 5288 ipsa
2745 5217 2823 5271 ira
2852 5213 2943 5269 Dei
2972 5208 3372 5279 correptionem
3404 5201 3557 5257 nobis
3583 5200 3669 5254 in-

2099 5320 2221 5376 duci
2254 5331 2475 5373 necesse
2499 5324 2604 5370 est.
2634 5310 2899 5381 Propheta
2924 5307 3067 5363 enim
3096 5303 3227 5359 dicit
3266 5318 3278 5355 :
3321 5297 3574 5361 Domine,
3609 5312 3673 5349 ne

2096 5416 2149 5466 iu
2193 5413 2370 5482 furore
2418 5417 2504 5462 tuo
2550 5419 2742 5476 arguas
2794 5416 2895 5465 me,
2941 5412 3101 5468 neque
3144 5396 3200 5449 in
3243 5394 3324 5447 ira
3365 5398 3458 5445 tua
3507 5387 3675 5441 corri-

2094 5519 2360 5649 Ριξηέέιι
2398 5593 2490 5663 qui
2526 5592 2629 5650 hoc
2660 5587 2818 5654 dicit,
2847 5584 3004 5641 debet
3038 5579 3286 5652 proferre
3327 5576 3559 5645 aliquam
3594 5583 3671 5623 ra-

1604 5774 1647 5807 ”
1674 5772 1838 5828 Hebr.
1868 5788 1975 5836 ιιι,
2008 5771 2091 5825 Η.
