4110 6448
1254 312 1274 337 \

352 361 492 418 {5'75
1782 353 1872 408 EX
1906 352 2211 411 OHIGENE
3485 361 3623 417 1576

352 490 559 542 sanitas
613 484 670 542 in
716 501 874 542 carne
925 501 1039 539 mea
1091 502 1122 539 a
1177 484 1315 555 facie
1356 484 1452 539 ira:
1488 493 1610 539 tua'.
1652 483 1727 537 De
1751 497 1815 537 eo
1851 482 1940 552 qui
1975 481 2019 537 A
2048 480 2218 535 emori
2262 495 2386 536 eam
2438 480 2663 551 faceret,
2714 494 3002 555 antequam
3045 490 3285 559 perfecte
3325 492 3623 547 mortiﬁca-

354 582 498 651 apud
547 580 873 636 Corinthum
924 589 1252 647 peccaverat
1309 577 1568 631 indicavit
1621 574 1936 648 Apostolus,
1968 596 1971 597 ν
2048 580 2220 637 retur,
2254 573 2404 642 prius
2428 574 2563 629 dixit
2591 577 2857 634 inlirmari
2885 595 3102 635 carnem
3130 596 3318 649 suam;
3356 594 3411 638 et
3448 583 3623 640 donec

351 673 542 728 dicens
590 673 636 705 "
678 689 694 727 :
750 670 983 725 Tradere
1022 669 1333 739 Iinjnsmodi
1385 669 1651 723 hominem
1721 668 1939 726 Satanae

349 765 406 819 in
434 764 703 818 interitum
726 763 923 817 carnis.
956 759 1207 831 Nunquid
1235 762 1530 829 putandum
1555 771 1642 815 est
1668 763 1810 831 quod
1834 763 1938 816 itii-

350 871 517 924 qnntn
546 856 661 910 ﬁeri
686 855 899 910 volebat
920 868 1081 923 quem
1102 854 1317 908 dicebat
1337 853 1473 907 tradi
1502 853 1701 909 debere
1721 854 1936 908 Satanae

350 948 406 1002 in
432 948 711 1002 interitum
745 948 971 1002 carnis?
1009 947 1149 1014 Quin
1178 947 1358 1016 potius
1389 956 1636 1016 apparet,
1677 946 1932 1016 quoniam

348 1058 448 1112 pro
480 1041 650 1096 Salute
696 1040 815 1108 ejus
851 1041 1095 1095 tradebat
1143 1055 1361 1096 carnem
1402 1040 1519 1109 ejus
1545 1040 1597 1093 in
1626 1039 1928 1095 interitum.

349 1135 593 1203 Denique
609 1135 755 1188 addit
771 1134 990 1188 dicens:
1015 1132 1236 1187 Tradidi
1255 1133 1511 1203 ejusmodi
1530 1133 1794 1187 hominem
1823 1133 1930 1188 Sa-

347 1236 487 1281 tanae
526 1228 582 1281 in
606 1229 875 1280 interitum
896 1227 1092 1289 carnis,
1120 1238 1173 1280 ut
1196 1228 1410 1295 spiritus
1441 1224 1616 1279 salvus
1647 1226 1738 1296 ﬁat
1768 1227 1822 1280 in
1846 1226 1931 1280 die

348 1317 582 1384 Domini,
623 1321 923 1375 ostendens
950 1337 1054 1376 non
1097 1335 1256 1390 posse
1286 1319 1484 1375 salvari
1517 1319 1790 1387 spiritum,
1824 1318 1927 1373 nisi

347 1429 475 1467 caro
501 1413 554 1468 in
581 1415 859 1469 interitum
887 1416 1217 1470 traderetur.
1247 1414 1380 1480 Quis
1411 1427 1541 1480 ergo
1569 1413 1643 1466 sit
1674 1413 1929 1468 interitus

343 1508 555 1569 carnis,
582 1507 729 1559 audi.
773 1506 909 1571 Quia
945 1506 1090 1575 quod
1129 1506 1417 1567 interierit,
1445 1502 1562 1558 sine
1586 1503 1751 1557 dubio
1782 1519 1926 1557 mor—

346 1606 497 1649 tuum
547 1605 652 1651 est.
690 1595 834 1650 Vivit
859 1606 1039 1650 autem
1081 1612 1211 1650 caro
1264 1596 1318 1649 in
1365 1605 1674 1664 peccatore,
1708 1607 1921 1650 mortua

342 1698 425 1742 est
463 1704 591 1743 caro
618 1688 669 1743 in
700 1689 917 1743 homine
938 1690 1109 1757 justo.
1145 1686 1374 1758 Propter
1405 1691 1548 1760 quod
1586 1697 1640 1744 et
1669 1687 1801 1757 justi
1841 1691 1923 1745 tli-

341 1790 471 1834 cunt
512 1782 558 1814 ⁰⁸
603 1795 617 1831 :
669 1780 885 1847 Semper
941 1783 1398 1851 mortificationem
1444 1782 1575 1837 Jesu
1626 1782 1825 1838 Christi
1866 1786 1920 1837 in

339 1890 556 1937 corpore
584 1885 762 1928 nostro
791 1875 1242 1943 circumferentes,
1275 1887 1328 1931 ut
1361 1886 1408 1931 et
1442 1878 1549 1931 vita
1573 1875 1701 1930 Iesu
1720 1876 1920 1931 Christi

338 1964 703 2033 manifestatur
750 1966 804 2020 in
860 1983 1021 2020 carne
1082 1977 1263 2021 nostra
1318 1969 1552 2021 mortali.
1608 1966 1676 2021 Et
1723 1968 1918 2022 iterum

338 2056 645 2110 mandatum
689 2058 1001 2126 accepimus
1045 2059 1232 2114 dicens
1265 2060 1311 2091 ⁸⁵
1345 2076 1360 2114 :
1396 2060 1718 2128 Mortiﬁcate
1756 2078 1918 2114 ntem-

338 2145 430 2196 bra
456 2159 627 2199 vestra
650 2162 770 2218 qua:
788 2157 908 2202 sunt
930 2165 1087 2215 super
1110 2159 1327 2202 terram.
1355 2148 1420 2203 Et
1444 2149 1635 2203 beatus
1659 2150 1749 2219 qni
1779 2166 1918 2204 mor-

335 2246 460 2291 tuns
489 2248 572 2291 est
603 2250 849 2306 peccato,
888 2240 1187 2294 secundum
1239 2241 1385 2311 quod
1435 2242 1643 2297 dictum
1689 2252 1774 2297 est
1814 2244 1860 2275 ³⁸
1898 2263 1912 2299 :

332 2326 538 2398 Corpus
569 2330 777 2401 quidem
818 2341 1086 2386 mortuum
1123 2343 1199 2388 est
1244 2344 1454 2403 propter
1485 2345 1783 2403 peccatum,
1813 2337 1917 2405 spi-

333 2422 466 2473 ritus
496 2433 671 2475 autem
697 2423 803 2476 rita
827 2423 949 2477 vivit
977 2433 1188 2491 propter
1226 2425 1695 2495 justi/icationem.
1746 2427 1913 2485 Tradi

330 2524 462 2579 ergo
493 2509 545 2563 in
573 2510 849 2565 interitum
874 2514 1055 2567 carnis
1087 2514 1193 2568 tale
1224 2523 1327 2577 est,
1362 2522 1420 2568 ut
1459 2518 1760 2572 emoriatur
1786 2533 1914 2573 sen-

330 2617 424 2655 sus
462 2602 695 2656 carnalis
734 2603 786 2657 in
812 2604 986 2667 nobis,
1022 2612 1076 2659 et
1120 2621 1226 2661 non
1264 2606 1408 2661 vivat
1435 2611 1622 2664 carnis
1644 2610 1913 2678 cupiditas

330 2692 384 2746 in
416 2707 499 2748 ea.
532 2693 612 2748 Ex
638 2710 704 2749 eo
730 2694 877 2749 enim
930 2696 1072 2765 quod
1108 2698 1338 2753 moritur
1387 2715 1583 2757 sensus
1616 2702 1820 2764 carnis,
1852 2710 1913 2756 ut

332 2800 436 2837 non
476 2787 771 2839 secundum
824 2802 1046 2843 carnem
1099 2788 1396 2858 sapiamus,
1445 2792 1674 2860 spiritus
1725 2792 1911 2849 salvus

329 2875 580 2929 eﬁicitur.
610 2877 861 2946 Alioquin
886 2878 1009 2931 dum
1040 2877 1170 2933 vivit
1204 2894 1406 2935 sensus
1438 2881 1489 2935 in
1517 2882 1676 2937 nobis
1700 2882 1908 2950 carnis,

324 2976 377 3021 et
406 2982 534 3022 caro
572 2967 730 3031 vivit,
762 2984 870 3022 non
901 2984 1191 3039 possumus
1220 2972 1287 3027 de
1312 2972 1655 3042 spiritalibus
1693 2988 1905 3042 sapere.

326 3058 439 3116 Hoc
503 3076 632 3129 ergo
678 3061 837 3115 modo
880 3062 1170 3131 Apostolus
1237 3065 1460 3118 tradidit
1512 3066 1564 3120 in
1620 3066 1903 3122 interitum

2047 664 2428 720 inﬁrmabatur
2452 668 2668 737 quidem
2699 685 2847 736 caro,
2874 672 3127 739 spiritum
3161 684 3471 743 promptum
3500 688 3621 730 esse

2045 754 2290 823 dicebat;
2335 772 2458 813 cum
2502 774 2633 816 vero
2687 762 2835 817 cruci
2877 777 2997 817 eam
3049 765 3213 819 tradit
3272 774 3327 819 et
3378 765 3617 836 perfecta

2044 854 2218 901 morte
2253 860 2617 915 consummat,
2642 861 2770 906 tunc
2810 868 2914 907 non
2946 853 3059 923 jam
3107 867 3412 926 promptum
3454 858 3619 926 spiri-

2045 946 2180 1005 tum,
2208 939 2302 995 sed
2335 941 2387 994 in
2416 942 2669 995 manibus
2715 942 2890 997 Patris
2942 943 3178 1012 positum
3210 960 3331 1000 esse
3364 954 3615 1001 testatur.

2041 1029 2167 1085 Hzec
2196 1039 2372 1086 autem
2400 1032 2487 1087 ille
2521 1032 2574 1087 in
2614 1047 2671 1087 se
2701 1035 3015 1090 describens
3053 1038 3255 1091 nostris
3295 1038 3617 1092 eruditioni-

2038 1125 2141 1179 bus
2171 1126 2445 1195 praebebat
2473 1127 2804 1197 exemplum.
2850 1128 3081 1197 Propter
3119 1144 3216 1185 nos
3247 1130 3389 1185 enim
3425 1140 3480 1184 et
3512 1145 3615 1185 no-

2037 1216 2119 1273 bis
2151 1217 2398 1274 inﬁrmus
2424 1228 2565 1274 eral.
2614 1218 2737 1275 Ideo
2771 1222 3177 1277 consideremus
3230 1226 3613 1293 nosmetipsos.

2035 1308 2081 1363 si
2109 1309 2323 1365 inﬁrma
2349 1320 2433 1365 est
2455 1326 2582 1367 caro
2616 1321 2823 1378 nostra,
2860 1313 2904 1368 si
2943 1329 3047 1369 non
3108 1314 3320 1371 deliciis
3365 1315 3612 1370 luxuria-

2034 1416 2138 1471 que
2171 1402 2481 1469 resolvitur,
2514 1404 2626 1459 haze
2663 1406 2709 1459 ei
2744 1406 2937 1459 vitiosa
2982 1407 3193 1461 sanitas
3239 1418 3441 1478 prtesto
3489 1417 3611 1465 est:

2033 1494 2153 1548 vide
2175 1493 2218 1549 si
2244 1510 2338 1564 per
2360 1497 2748 1555 abstinentiam
2780 1499 3161 1573 quoudianam
3194 1500 3413 1554 inﬁrma
3445 1500 3615 1557 elﬁci-

2034 1598 2123 1645 tur
2163 1606 2316 1656 caro,
2341 1593 2383 1647 si
2410 1609 2507 1664 per
2525 1595 2916 1652 continentiam
2950 1596 3215 1651 desideria
3242 1595 3610 1662 refrenantur,

2030 1685 2194 1742 libido
2217 1691 2617 1761 comprimitur,
2636 1691 2763 1745 vitia
2788 1690 3179 1761 conquiescunt
3206 1708 3218 1744 :
3247 1699 3373 1745 tunc
3396 1688 3611 1744 etiamsi

2029 1786 2267 1836 nondum
2317 1793 2570 1837 emortua
2615 1792 2723 1851 est,
2776 1782 2956 1837 tamen
3005 1798 3111 1838 non
3168 1793 3253 1837 est
3302 1782 3509 1837 sanitas
3553 1780 3635 1835 in‘

2026 1886 2190 1927 carne
2216 1874 2442 1939 tua,.sed
2469 1876 2634 1930 etiam
2656 1875 2898 1931 membra
2920 1886 3010 1929 tua
3037 1876 3252 1930 interim
3278 1874 3606 1928 mortiﬁcata

2024 1972 2149 2019 sunt
2172 1981 2332 2033 super
2360 1975 2586 2021 terram.
2619 1966 2757 2034 Quid
2793 1978 2875 2021 est
2902 1976 3081 2022 autem
3114 1966 3257 2035 quod
3301 1963 3428 2021 facit
3455 1965 3607 2022 sanis

2025 2066 2190 2112 tatem
2225 2058 2277 2112 in
2312 2073 2478 2114 carne
2507 2074 2611 2114 non
2635 2060 2793 2114 esse?
2830 2059 2886 2113 Si
2935 2059 3239 2114 sentiamus
3276 2059 3465 2114 faciem
3510 2061 3607 2114 irce

2020 2146 2139 2203 Dei.
2206 2148 2374 2204 Deum
2433 2150 2577 2205 enim
2631 2151 2983 2206 recordamur
3030 2151 3166 2204 iram
3206 2149 3319 2215 Dei,
3367 2159 3422 2204 et
3483 2161 3607 2205 ante

2017 2238 2204 2294 oculos
2246 2239 2452 2294 vultum
2497 2239 2616 2310 ejus
2652 2240 2970 2295 adducimus
3021 2252 3088 2293 ex
3134 2238 3248 2309 ipsa
3312 2236 3606 2292 intuitiono

2016 2329 2170 2397 ejus,
2226 2346 2349 2400 qua:
2399 2341 2618 2401 propter
2646 2331 2748 2385 hoc
2803 2329 2969 2385 facies
3014 2331 3111 2384 ira:
3176 2329 3442 2400 appellata
3496 2338 3604 2394 est,

2017 2422 2343 2476 conturbata
2380 2431 2433 2477 et
2471 2421 2735 2479 exterrita
2773 2437 2902 2478 caro
2963 2421 3273 2478 inﬁrmatur
3302 2429 3464 2490 atque
3488 2420 3605 2474 lan-

2015 2514 2243 2583 guescit.
3076 2532 3079 2533 '

2087 2609 2143 2663 3.
2182 2605 2307 2661 Non
2330 2615 2407 2662 est
2442 2623 2549 2677 paa:
2576 2606 2781 2662 ossibus
2831 2607 2958 2661 meis
3013 2623 3047 2661 a
3095 2606 3234 2674 facie
3265 2617 3602 2676 peccatorum

2013 2717 2273 2757 meorum.
2305 2700 2481 2754 Etiam
2521 2700 2638 2755 haec
2671 2700 2829 2754 debet
2877 2700 3062 2755 dicere
3103 2699 3196 2768 qui
3250 2699 3515 2770 peccavit,
3546 2708 3602 2753 et

2012 2803 2136 2863 post
2189 2800 2469 2861 peccatum
2513 2806 2773 2862 peccasse
2814 2807 2872 2846 se
2908 2790 3248 2855 recordatur,
3298 2790 3437 2845 sicut
3482 2791 3601 2859 ipse

2015 2886 2182 2940 David
2208 2886 2424 2939 dicebat
2450 2884 2501 2938 in
2527 2884 2982 2954 quinquagesimo
3018 2884 3227 2954 psalmo
3256 2883 3303 2915 "’
3332 2902 3347 2939 :
3381 2880 3447 2935 Et
3479 2898 3600 2951 pee-

2012 2991 2191 3033 cutum
2228 2994 2405 3031 meum
2453 2992 2633 3030 coram
2664 2992 2746 3030 me
2793 2988 2869 3030 est
2905 2992 3130 3045 semper.
3181 2974 3321 3030 Sunt
3376 2974 3596 3044 quidam

2010 3074 2104 3145 qui
2143 3089 2265 3127 cum
2290 3071 2638 3142 peccaverint
2672 3068 2854 3124 securi
2879 3077 3006 3122 sunt
3046 3082 3295 3139 prorsus,
3344 3082 3446 3121 nec
3500 3081 3597 3121 co-

322 3153 506 3208 carnis
562 3168 686 3208 eum
750 3154 842 3224 qui
902 3155 1198 3209 secundum
1266 3171 1487 3211 carnem
1554 3159 1791 3227 vixerat,
1849 3170 1907 3215 ut
1935 3183 1980 3243 ο
2013 3167 2277 3236 gitantde
2313 3173 2537 3233 peccato
2569 3177 2689 3227 suo,
2724 3174 2824 3215 nec
2871 3162 3024 3216 venit
3057 3161 3123 3214 ad
3157 3174 3375 3215 sensum
3407 3173 3593 3215 eorum

322 3259 484 3298 sensu
525 3246 710 3299 carnis
746 3256 995 3300 emortuo
1036 3247 1260 3314 spiritus
1292 3248 1349 3303 in
1384 3249 1471 3303 die
1523 3249 1731 3305 Domini
1795 3254 1905 3307 sal-

320 3345 565 3391 varetur.
608 3336 664 3392 Si
704 3337 1020 3392 intellexisti
1069 3338 1428 3407 apostolicum
1468 3356 1801 3408 sermonem,
1835 3344 1903 3398 ad

322 3428 373 3480 id
400 3427 544 3497 quod
577 3429 912 3499 propositum
936 3440 1020 3484 est
1052 3439 1415 3485 revertamur.
1447 3429 1663 3485 Utinam
1698 3434 1750 3488 in
1785 3448 1903 3488 cor-

320 3535 453 3590 pore
477 3536 598 3576 meo
629 3521 673 3577 si
703 3524 919 3592 quando
949 3522 1226 3591 delinquo,
1259 3532 1315 3577 et
1351 3523 1607 3578 delictum
1643 3539 1708 3579 ex
1742 3540 1903 3580 sensu

320 3618 501 3670 carnis
523 3616 706 3683 venit,
759 3619 1216 3689 superdnceretur
1270 3619 1529 3673 interitus
1576 3620 1791 3686 carnis,
1846 3630 1907 3676 ut

319 3709 541 3778 spiritus
570 3708 892 3765 salvaretur.
942 3708 999 3787 Si
1043 3712 1189 3766 enim
1240 3727 1371 3767 caro
1414 3711 1751 3779 inﬁrmatur,
1790 3712 1906 3768 sine

317 3801 483 3857 dubio
509 3802 794 3873 proﬁciens
813 3801 1106 3858 inﬁrmitas
1140 3802 1301 3858 etiam
1331 3802 1400 3857 ad
1428 3804 1902 3860 mortiﬁcationem

318 3896 564 3963 pervenit
608 3896 790 3951 carnis
827 3914 841 3951 :
881 3905 936 3949 et
978 3905 1104 3949 tunc
1152 3894 1238 3950 est
1287 3894 1431 3963 quod
1482 3902 1633 3950 recte
1682 3896 1901 3962 dicitur,

318 3988 571 4055 quoniam
597 4005 698 4042 non
724 3997 798 4042 est
826 3988 1028 4042 sanitas
1060 3988 1114 4041 in
1159 4003 1317 4040 carne
1355 4002 1493 4041 mea.
1531 3986 1587 4041 Si
1622 4001 1749 4042 vero
1792 4003 1900 4042 non

321 4081 628 4134 inlirmatur
685 4080 901 4151 quidem
953 4094 1101 4147 caro,
1151 4080 1245 4134 sed
1298 4078 1440 4134 redit
1491 4078 1557 4132 ad
1610 4080 1899 4135 sanitatem

318 4189 493 4241 suam,
520 4174 571 4227 id
604 4181 710 4237 est,
738 4182 798 4227 ut
831 4172 1007 4241 sapiat
1036 4187 1155 4242 quae
1192 4180 1319 4226 sunt
1357 4172 1561 4240 carnis,
1593 4187 1657 4228 ac
1687 4173 1901 4228 deside-

318 4275 401 4320 ret
437 4265 661 4329 malum,
691 4276 819 4318 tunc
851 4264 1055 4320 sanitas
1094 4273 1180 4318 est
1211 4265 1263 4319 in
1314 4279 1502 4329 carne,
1537 4265 1680 4334 quod
1714 4266 1899 4335 utique

314 4360 531 4428 spiritui
565 4374 669 4411 non
701 4368 782 4412 est
813 4359 1037 4413 bonum.
1086 4358 1191 4413 lste
1235 4374 1367 4428 ergo
1411 4360 1503 4429 qui
1544 4361 1811 4425 arguitur,
1844 4369 1900 4415 et

316 4460 533 4506 recusat
567 4466 663 4520 per
700 4451 937 4506 furorem
978 4451 1189 4505 Domini
1235 4452 1388 4519 argui
1419 4462 1582 4522 atque
1614 4453 1895 4507 iracundia

2012 3258 2140 3330 quid
2174 3256 2315 3312 male
2341 3258 2631 3325 gesserint,
2662 3257 2754 3311 sed
2794 3256 2869 3310 ita
2901 3254 3095 3309 vivunt
3124 3252 3280 3321 quasi
3317 3250 3450 3305 nihil
3478 3265 3597 3304 om-

2013 3359 2143 3410 nino
2194 3352 2621 3411 commiserint:
2654 3350 2743 3405 isti
2789 3364 2920 3420 ergo
2951 3363 3056 3401 non
3109 3354 3342 3415 possunt
3386 3344 3593 3411 dicere,

2009 3448 2137 3517 quia
2188 3456 2459 3517 peccatum
2518 3458 2686 3497 meum
2735 3457 2913 3495 coram
2942 3455 3021 3493 me
3073 3448 3148 3492 est
3199 3454 3423 3506 semper.
3460 3434 3593 3491 Cum

2011 3554 2138 3593 vero
2169 3547 2288 3608 post
2316 3538 2517 3592 dictum
2560 3534 2684 3604 quis
2730 3532 3071 3588 consumitur
3105 3539 3159 3584 et
3193 3529 3449 3598 amigitur
3492 3543 3594 3599 pro

2011 3628 2217 3684 delicto
2242 3644 2342 3684 suo
2369 3636 2424 3683 et
2446 3625 2799 3682 conscientiae
2822 3622 3057 3679 stimulis
3085 3623 3343 3694 agitatur,
3372 3620 3590 3675 morde-

2009 3728 2097 3774 tur
2138 3720 2257 3775 sine
2306 3717 2712 3773 intermissione
2764 3726 2929 3786 atque
2982 3715 3212 3771 occultis
3258 3712 3594 3770 confutatis-

2009 3814 2172 3869 nibus
2200 3813 2572 3882 impngnalur,
2602 3813 2705 3867 iste
2742 3813 2938 3866 merito
2968 3810 3101 3866 dicit
3134 3826 3148 3863 :
3193 3808 3317 3865 Non
3354 3820 3429 3865 est
3477 3824 3584 3880 pas

2008 3904 2211 3959 ossibus
2256 3904 2383 3956 meis
2416 3918 2449 3956 a
2480 3902 2617 3971 facie
2637 3911 2970 3971 peccatorum
3014 3914 3268 3954 meorum.
3311 3898 3407 3955 Est
3457 3910 3591 3953 sane

2006 3998 2177 4053 facies
2209 3998 2455 4067 quaedam
2487 3998 2654 4051 etiam
2691 4004 3062 4065 peccatorum,
3089 4003 3164 4062 et,
3198 4001 3258 4048 ut
3307 3993 3381 4049 ita
3435 3995 3587 4049 dixe-

2006 4090 2129 4157 rim,
2162 4090 2312 4145 color
2341 4089 2560 4159 quidam
2593 4095 2650 4142 et
2678 4087 2911 4156 species,
2950 4102 3049 4156 per
3090 4101 3256 4156 quam
3303 4084 3584 4142 recordari

2002 4192 2059 4236 et
2092 4182 2405 4251 recOgnosci
2450 4178 2626 4235 solent
2656 4194 2718 4233 ea
2763 4193 2883 4248 quae
2933 4178 3228 4249 aliquando
3278 4178 3578 4233 commissa

2004 4281 2151 4328 sunt.
2181 4274 2317 4328 Cum
2352 4287 2481 4327 vero
2512 4282 2637 4326 ante
2660 4271 2849 4327 oculos
2900 4272 3080 4328 cordis
3119 4269 3290 4325 nostri
3324 4270 3586 4325 statueri-

2003 4380 2125 4419 mus
2173 4374 2393 4433 peccata
2446 4371 2652 4428 nostra,
2701 4371 2757 4418 et
2806 4364 3228 4431 unumquodque
3283 4361 3578 4426 intuentes,

2005 4464 2460 4526 recognoscentes
2501 4454 2873 4512 erubescimus
2930 4454 3171 4522 factique
3227 4454 3579 4520 pmnitemus.

313 4542 430 4613 ejus
456 4542 679 4612 corripi,
711 4541 1043 4611 justissimas
1067 4557 1260 4597 causas
1306 4543 1466 4611 hujus
1516 4546 1893 4600 excusationis
1927 4522 1971 4576 Ῑ)
2006 4562 2133 4605 tunc
2160 4552 2542 4605 conturbatiet
2565 4550 2812 4605 exterriti
2838 4550 3032 4603 merito
3063 4546 3296 4599 dicimus
3325 4559 3425 4598 nos
3470 4557 3578 4597 non

311 4637 568 4699 ostendit.
610 4652 864 4692 asserens
918 4653 975 4693 se
1030 4638 1243 4708 sagittis
1297 4640 1587 4695 verborum
1635 4639 1728 4694 Dei
1772 4654 1894 4695 esse

313 4728 605 4795 conﬁxum,
641 4740 696 4784 et
726 4730 797 4783 ita
827 4731 1095 4785 turbatum
1148 4740 1311 4801 atque
1333 4731 1686 4801 perterritum
1716 4748 1743 4785 a
1777 4732 1890 4788 sola

312 4821 458 4875 facie
491 4822 586 4877 ira:
626 4822 858 4884 Domini,
910 4833 968 4876 ut
1006 4824 1149 4878 nulla
1184 4840 1408 4894 prorsus
1462 4826 1517 4879 in
1563 4840 1731 4881 carne
1770 4827 1890 4898 ejus

311 4913 542 4977 sanitas,
578 4915 629 4969 id
661 4924 743 4989 est
796 4915 997 4969 nullum
1042 4918 1300 4986 peccandi
1359 4918 1500 4972 ultra
1556 4917 1885 4975 desiderium

310 5007 593 5062 manserit.
646 5004 866 5060 Memini
917 5020 1001 5060 me
1052 4996 1346 5076 aliquando
1400 5008 1466 5063 de
1516 5008 1612 5064 illo
1644 5010 1888 5078 capitulo

312 5097 582 5167 Evangelii
606 5097 990 5166 disputantem,
1024 5099 1076 5152 in
1109 5114 1217 5167 quo
1248 5099 1509 5168 scriptum
1542 5110 1627 5155 est
1651 5102 1697 5133 ⁸⁸
1722 5116 1737 5156 :
1767 5102 1890 5171 Spi-

311 5191 445 5241 ritus
472 5190 681 5258 quidem
712 5199 986 5258 promptus
1014 5199 1113 5255 est,
1137 5207 1260 5243 caro
1291 5201 1464 5245 autem
1502 5192 1737 5262 inﬁrma.
1781 5195 1884 5251 tale

310 5280 511 5349 aliquid
570 5280 829 5346 sensisse,
882 5279 1023 5350 quod
1079 5290 1367 5347 antequam
1405 5278 1659 5334 Salvator
1702 5294 1890 5337 noster

310 5372 519 5426 veniret
555 5373 622 5426 ad
654 5386 897 5435 crucem,
935 5379 992 5423 et
1037 5369 1385 5440 cruciﬁgeret
1441 5386 1687 5438 carnem,
1722 5383 1883 5444 atque

407 5494 454 5525 ”
484 5492 500 5546 |
535 5492 661 5548 Cor.
711 5509 766 5558 v,
807 5491 861 5546 5.

309 5563 352 5593 "’
384 5562 527 5618 Psal.
561 5580 613 5628 ι,
647 5564 701 5618 5.

381 5679 492 5750 (47)
521 5678 623 5745 Qui
648 5680 785 5734 enim
814 5698 905 5736 nec
934 5680 1132 5747 dolent,
1163 5692 1271 5738 etc.
1303 5682 1508 5737 Catena
1541 5682 1785 5739 Corderii
1818 5694 1871 5738 et

307 5750 427 5802 alia:
454 5752 832 5821 manuscripts:
861 5752 1048 5807 Graeca
1079 5755 1241 5807 verba
1294 5753 1524 5808 all'erunt
1579 5771 1696 5821 qua:
1751 5771 1871 5807 cum

310 5824 410 5875 hoc
463 5821 581 5875 loco
639 5818 867 5878 multum
926 5824 1122 5879 habent
1174 5823 1450 5880 atlin'ttatis
1499 5841 1512 5880 :
1569 5818 1680 5880 Οὐκ
1725 5824 1871 5879 ἔστιν

967 5490 1078 5545 "ll
1115 5490 1250 5551 (tor.
1298 5506 1368 5559 tv,
1409 5494 1499 5549 10.

1606 5494 1652 5526 ’⁸
1712 5494 1921 5552 Coloss.
1982 5515 2062 5567 ιιι,

2004 4644 2207 4698 habere
2234 4659 2425 4711 pacem
2477 4643 2529 4697 in
2560 4643 2775 4700 ossibus
2829 4640 3033 4696 nostris
3067 4655 3096 4692 a
3128 4635 3267 4691 facie
3320 4644 3575 4704 peccato-

2004 4749 2123 4788 l‘lllll
2149 4744 2486 4791 nostrorum.

2074 4823 2129 4878 4.
2160 4823 2337 4876 Addat
2361 4826 2524 4876 etiam
2555 4822 2669 4877 haec
2694 4821 2784 4890 qui
2811 4820 3037 4889 poenitet
3065 4833 3163 4889 pro
3184 4817 3419 4887 peccatis
3441 4818 3573 4883 suis,

2001 4922 2057 4970 et
2083 4914 2224 4969 dicat
2250 4927 2265 4967 :
2302 4914 2439 4979 Quia
2472 4914 2774 4981 iniquitates
2805 4928 2930 4965 mea:
2951 4909 3117 4982 684
3134 4919 3576 4979 superposuerunt

1999 5021 2155 5079 caput
2195 5026 2391 5075 meum,
2426 5010 2562 5063 sicut
2605 5023 2737 5060 onus
2780 5021 2939 5073 grave
2973 5012 3207 5075 gravata:
3259 5012 3382 5057 sunt
3419 5019 3576 5070 super

1995 5123 2096 5161 me.
2124 5106 2227 5173 Qui
2253 5107 2397 5160 enim
2425 5121 2526 5160 nec
2559 5103 2743 5158 dolent
2792 5101 2930 5171 (47),
2983 5116 3083 5156 nec
3135 5106 3432 5169 gravantur
3472 5110 3575 5164 pro

1997 5198 2240 5268 peccatis
2273 5197 2408 5262 suis,
2444 5197 2538 5251 sed
2576 5194 2750 5249 securi
2779 5202 2904 5247 sunt
2936 5201 3099 5261 atque
3131 5196 3184 5245 in
3214 5187 3428 5243 deliciis
3455 5186 3575 5240 ﬁui-

1998 5298 2135 5354 tant,
2165 5291 2278 5343 haec
2331 5288 2514 5341 dicere
2562 5300 2667 5341 nou
2700 5293 2944 5353 possunt,
2998 5297 3099 5338 nec
3152 5281 3395 5335 sentiunt
3431 5279 3576 5349 quod

1996 5380 2312 5450 iniquitates
2352 5378 2570 5448 quidem
2603 5392 2714 5431 suae
2751 5384 3108 5440 excrescunt,
3144 5383 3201 5429 et
3235 5372 3378 5426 ultra
3418 5372 3571 5442 capi-

2273 5498 2318 5530 "
2352 5497 2509 5552 Rom.
2567 5510 2686 5563 vnt,
2732 5494 2818 5549 10.
2923 5494 2970 5526 ³⁸
3029 5491 3222 5547 Matth.
3287 5504 3438 5556 xxvr,
3478 5487 3567 5543 41.

1981 5686 2156 5737 εἰπεῖν
2181 5683 2355 5737 ταῦτα
2382 5688 2506 5745 τοὺς
2531 5682 2603 5751 μὴ
2623 5680 2732 5733 τῶν
2765 5678 2909 5732 ἰδίων
2931 5670 3573 5751 ἁμειρτημάτῳνηςισθα-

1983 5754 2261 5822 καομένους·
2299 5754 2443 5816 τινὲς
2475 5742 2604 5820 κᾷόῦπᾶ
2653 5753 2745 5803 καὶ
2793 5742 3173 5824 saturauimus-cit
3223 5744 3316 5821 κριί
3349 5742 3569 5824 ήρίιντᾳι

1984 5813 2092 5888 toi;
2134 5813 2311 5879 αὐξῶν
2346 5813 2828 5894 nitidissimum,
2867 5819 2940 5881 ὡς
2964 5813 3134 5889 ἡδέως
3175 5813 3343 5869 ταῦτα
3367 5813 3566 5882 pasti.
