4110 6454
439 414 568 471 1581

1120 419 1430 476 SELECTA
1465 419 1530 476 IN
1565 419 1909 480 PSALMOS.
1961 448 2011 459 ο·
2054 416 2291 477 "OMIL.
2335 419 2376 475 ll
2408 420 2475 476 ΙΝ
2508 422 2703 477 l’SAL.
2742 423 3005 479 XXXVII.

3564 430 3585 481 i
3597 426 3704 484 5‘82

436 546 485 589 et
539 545 817 592 steterunt.
850 535 1097 606 ln-teilige
1130 539 1262 592 mihi
1317 538 1530 595 ﬁdelem
1582 539 1801 610 quidem
1836 539 2013 595 homi—
2042 538 2089 596 Α
2119 538 2251 592 nihil
2303 538 2470 593 latere
2520 540 2711 604 Deum,
2744 539 2838 594 sed
2886 540 3026 593 nuda
3076 554 3199 596 esse
3226 540 3408 595 omnia
3442 549 3499 595 et
3524 545 3701 596 maui-

438 642 588 694 ncm,
623 627 716 684 sed
752 639 927 683 tamen
982 628 1279 697 infirmum,
1312 630 1402 700 qui
1443 630 1608 685 etiam
1642 631 1785 685 vinci
1811 632 1878 685 ab
1910 634 2015 687 ali-

433 734 546 788 qua
588 730 811 789 peccato
842 722 1039 790 potuit,
1074 729 1125 775 et
1156 731 1380 791 propter
1399 723 1509 777 hoc
1553 724 1883 794 mugientem
1917 740 2014 795 pro

433 808 655 863 delictis
703 810 840 875 suis,
892 819 948 864 et
1000 812 1149 866 omni
1203 814 1365 867 modo
1413 828 1603 868 curam
1632 815 1876 870 vulneris
1929 817 2013 871 sui

436 901 604 972 686
642 906 1042 973 sanitatemque
1087 906 1481 975 requirentem,
1531 908 1658 962 licet
1708 920 2015 978 praeventus

437 993 508 1047 sit
550 1006 601 1047 et
638 994 837 1065 lapsus,
869 998 1142 1053 volentem
1169 1008 1352 1055 tamen
1385 1001 1652 1057 medelam
1682 1019 1745 1059 ae
1777 1006 2010 1061 salutem

438 1098 717 1151 reparare.
769 1087 823 1141 Si
870 1103 1000 1159 ergo
1029 1089 1334 1161 hujusmodi
1390 1095 1557 1150 homo
1595 1110 1802 1151 memor
1828 1099 2010 1154 delicti

439 1176 519 1229 sui
572 1177 898 1233 confiteatur
942 1194 1060 1251 quze
1110 1185 1408 1250 commisit,
1456 1196 1509 1242 et
1554 1187 1790 1244 humana
1818 1191 2007 1246 confu-

438 1268 591 1324 sione
617 1272 1091 1342 parvipendateos
1135 1279 1224 1347 qui
1268 1281 1613 1349 exprobrant
1666 1298 1791 1338 eum
1840 1284 2013 1339 conti-

439 1367 665 1428 tentem,
702 1374 763 1418 et
808 1375 997 1421 notant
1025 1368 1107 1422 vel
1147 1370 1377 1426 irrident
1417 1392 1429 1427 :
1468 1373 1556 1429 ille
1590 1384 1771 1430 autem
1804 1375 2014 1432 intelli-

435 1466 568 1520 gens
596 1468 693 1522 per
729 1456 832 1512 hoc
861 1460 1083 1515 veniam
1120 1462 1225 1518 sibi
1260 1465 1400 1531 dari,
1428 1474 1487 1519 et
1519 1466 1570 1519 in
1620 1467 1710 1522 die
1761 1484 2014 1525 resurre‘

435 1543 633 1600 ctionis
677 1562 774 1617 pro
808 1549 892 1604 his
922 1552 1117 1621 quibus
1154 1570 1296 1609 nunc
1323 1556 1673 1613 confunditur
1698 1544 1887 1616 coram.
1915 1563 2013 1617 ιιο·

428 1634 698 1701 minibus,
732 1648 859 1693 tunc
886 1652 1014 1696 ante
1040 1643 1263 1713 angelos
1297 1643 1394 1700 Dei
1442 1647 1815 1703 confusionem
1849 1660 2010 1721 atque

430 1728 724 1796 opprobria
756 1746 1075 1798 evasurum,
1127 1747 1186 1790 ut
1235 1738 1371 1793 nolit
1421 1748 1609 1810 tegere
1649 1752 1700 1796 et
1734 1744 2012 1801 occultare

432 1818 698 1873 maculam
735 1836 911 1888 suam,
949 1827 1041 1882 sed
1076 1830 1391 1896 pronuntiet
1422 1831 1678 1887 delictum
1703 1850 2007 1900 suum,nec

428 1908 565 1963 velit
619 1925 739 1967 esse
795 1916 1106 1984 sepulcrum
1164 1919 1472 1994 dealbatam
1503 1925 1545 1989 ⁹,
1600 1925 1745 1994 quod
1796 1927 2007 1982 deforis

424 2000 646 2068 quidem
678 2016 937 2075 appareat
984 2008 1297 2066 hominibus
1344 1992 1675 2081 speciosum,
1708 2016 1760 2070 id
1810 2026 1917 2082 est,
1951 2026 2008 2073 ut

424 2091 739 2151 videntibus
790 2113 848 2152 se
895 2102 1050 2169 quasi
1105 2103 1286 2169 justus
1316 2116 1600 2174 appareat,
1642 2109 1788 2163 intus
1824 2120 2006 2165 autem

420 2183 501 2235 sit
525 2185 761 2254 repletus
782 2191 929 2243 orum
965 2192 1305 2250 immunditia
1323 2206 1376 2251 et
1399 2201 1614 2253 ossibus
1642 2209 2005 2255 mortuorum.

432 2275 488 2329 Si
523 2292 652 2347 ergo
683 2281 755 2334 sit
781 2282 975 2353 aliquis
1002 2285 1116 2359 (52)
1168 2288 1240 2343 ita
1272 2287 1445 2345 ﬁdelis
1486 2299 1544 2346 ut
1590 2291 1637 2346 si
1693 2293 1820 2363 quid
1878 2309 2008 2348 con-

422 2368 577 2424 scius
606 2372 675 2425 sit
704 2372 830 2438 sibi,
872 2379 1129 2444 procedat
1183 2380 1236 2434 in
1274 2383 1512 2437 medium
1554 2393 1610 2440 et
1654 2384 1770 2456 ipse
1804 2386 1885 2441 sui
1910 2402 2007 2441 ac»

428 2470 652 2515 cusator
698 2465 927 2521 exsistat
962 2484 977 2521 :
1019 2469 1072 2523 bi
1102 2481 1281 2525 autem
1327 2474 1419 2542 qui
1451 2472 1695 2530 futurum
1736 2477 1827 2533 Dei
1855 2478 2006 2548 judi-

425 2550 567 2605 cium
597 2568 701 2607 non
735 2566 1003 2626 metuunt,
1047 2561 1161 2617 haec
1194 2564 1479 2620 audientes
1514 2582 1639 2621 cum
1673 2568 2004 2624 infirmanti-

426 2640 526 2695 bus
553 2644 771 2711 quidem
801 2661 907 2702 non
949 2648 1314 2719 intirmentur,
1351 2668 1475 2708 cum
1501 2657 2005 2715 scandalizantibus

427 2746 532 2785 non
562 2744 813 2801 urantur,
852 2750 976 2792 cum
1019 2738 1189 2809 lapsis
1235 2758 1341 2797 non
1365 2742 1610 2812 iaceant,
1643 2749 1737 2802 sed
1769 2749 1952 2805 dicant
1984 2768 1999 2804 :

418 2818 607 2893 Longe
635 2836 687 2881 te
713 2826 858 2910 fac‘a
888 2844 994 2896 me,
1031 2846 1208 2903 neque
1236 2838 1465 2891 accedas
1486 2836 1552 2891 ad
1592 2853 1699 2904 me,
1733 2842 2000 2910 quoniam

421 2916 655 2972 mundus
715 2904 873 2988 sum,
933 2929 989 2976 et
1038 2922 1296 2979 detestari
1352 2925 1611 2996 incipiant
1657 2904 1779 2983 eum
1840 2945 2001 3000 quem

414 3016 550 3062 ante
590 3009 1020 3078 admirabantur,
1059 3023 1113 3069 et
1144 3015 1211 3068 ab
1262 3016 1524 3072 amicitiis
1569 3020 1829 3075 recedant
1880 3021 2001 3090 ejus

422 3099 510 3160 qui
563 3100 817 3155 delictum
866 3118 1024 3158 suum
1082 3105 1256 3161 noluit
1313 3108 1594 3165 occultare
1642 3127 1657 3164 :
1711 3126 1876 3182 super
1914 3114 1998 3168 his

2120 630 2253 684 festa
2284 632 2336 685 in
2380 641 2672 700 conspectu
2697 630 2833 698 ejus,
2866 632 3127 702 quidquid
3159 633 3456 698 abscondo,
3482 635 3729 689 occulto

2115 723 2259 791 quod
2288 724 2460 787 novit,
2487 738 2585 778 cur
2620 738 2725 777 non
2753 725 2930 793 potius
2956 724 3071 793 ipse
3103 740 3189 780 me
3223 740 3413 797 arguo,
3467 726 3580 795 ipse
3616 740 3702 781 me

2117 814 2385 870 confuto?
2417 815 2555 882 Quid
2586 825 2846 885 exspecto
2877 827 3282 883 accusatorem,
3314 833 3435 872 cum
3472 833 3702 872 accusa-

2120 912 2205 956 tor
2236 919 2391 958 meus
2425 905 2767 960 conscientia
2797 920 2915 960 mea
2946 922 3157 960 mecum
3188 907 3299 960 sit?
3340 906 3430 961 Sic
3461 907 3603 962 forte
3642 916 3703 965 et

2118 995 2209 1050 ille
2262 996 2394 1050 mihi
2429 1004 2646 1065 parcet,
2695 998 2741 1051 si
2795 997 2926 1052 mibi
2962 998 3078 1067 ipse
3119 1014 3224 1052 non
3266 1014 3510 1067 parcam.
3554 1000 3698 1070 Ergo

2115 1088 2345 1155 proximi
2373 1089 2474 1141 mei
2508 1087 2572 1141 de
2607 1087 2759 1159 longe
2782 1098 3061 1153 steterunt,
3089 1100 3135 1143 et
3160 1090 3261 1144 vim
3303 1091 3565 1160 faciebant
3605 1092 3699 1163 qui
3736 1116 3744 1143 ι

2116 1179 2417 1248 qutcrebaut
2474 1181 2711 1233 animam
2748 1197 2938 1236 meam.
2962 1181 3034 1235 Et
3064 1183 3162 1252 qui
3207 1184 3510 1253 quaerebant
3551 1184 3697 1240 mala

2112 1267 2245 1321 mihi
2268 1269 2431 1322 locuti
2456 1281 2577 1323 sunt
2604 1271 2915 1326 vanitatem.
2960 1271 3085 1327 Haec
3118 1274 3314 1327 iterum
3352 1276 3418 1329 de
3463 1275 3587 1329 aliis
3615 1276 3701 1330 di-

2116 1362 2211 1414 cit.
2242 1356 2381 1413 Sunt
2413 1360 2558 1414 enim
2588 1359 2808 1430 quidam
2839 1362 2932 1430 qui
2971 1371 3225 1432 quierunt
3268 1363 3410 1417 inala
3437 1367 3601 1431 justo,
3641 1372 3697 1418 et

2114 1465 2225 1506 non
2270 1451 2351 1505 sic
2382 1452 2616 1521 gaudent
2666 1465 2791 1505 cum
2826 1453 3101 1507 audierint
3142 1454 3208 1507 de
3241 1454 3402 1509 bonis
3431 1455 3552 1525 ejus
3588 1455 3694 1510 ali-

2117 1540 2268 1611 quid,
2301 1541 2443 1595 sicut
2464 1540 2812 1612 gratulantur
2836 1556 2957 1595 cum
2995 1544 3272 1597 audierint
3304 1544 3470 1609 mala,
3502 1557 3555 1600 et
3578 1544 3695 1600 vel-

2113 1641 2177 1686 ut
2226 1633 2486 1688 insultant
2533 1648 2656 1689 cum
2709 1635 2762 1689 in
2811 1633 2968 1690 malis
3010 1635 3285 1704 aliquibus
3328 1637 3566 1691 viderint
3608 1636 3697 1706 ju-

2115 1735 2280 1780 stum.
2316 1725 2380 1781 Et
2435 1728 2522 1781 isti
2559 1735 2689 1783 sunt
2715 1727 2808 1796 qui
2858 1742 2982 1782 cum
3029 1728 3265 1782 viderint
3288 1728 3491 1795 juStum
3524 1728 3698 1784 conii-

2117 1829 2324 1875 tentem
2376 1832 2599 1891 peccata
2651 1837 2771 1886 sua,
2822 1821 2971 1877 velut
3004 1823 3227 1876 noxium
3250 1825 3522 1891 quoddam
3559 1840 3692 1880 evo-

2114 1923 2268 1966 munt
2302 1914 2470 1979 virus,
2504 1923 2727 1983 propter
2783 1914 2926 1982 quod
2968 1913 3101 1968 dicit
3134 1930 3147 1967 :
3180 1912 3247 1965 Et
3279 1916 3381 1967 vim
3428 1914 3695 1983 faciebant

2104 2005 2201 2073 qui
2243 2005 2548 2071 quarebant
2591 2004 2825 2057 animam
2884 2020 3076 2057 meum.
3138 2002 3205 2057 Et
3248 2006 3338 2074 qui
3384 2006 3692 2075 qumebant

2109 2095 2251 2149 maia
2278 2097 2405 2148 mihi
2429 2096 2590 2149 locuti
2618 2106 2736 2150 sunt
2764 2098 3041 2150 vanitates.
3078 2095 3139 2149 Et
3190 2111 3323 2151 vere
3353 2098 3692 2154 manifesti!-

2109 2186 2250 2241 sime
2274 2188 2614 2257 pervidetur,
2642 2189 2767 2256 quia
2797 2203 2904 2241 non
2938 2186 3113 2241 solum
3159 2186 3194 2241 ii
3242 2186 3334 2256 qui
3363 2187 3516 2256 justo
3541 2204 3692 2257 qua:-

2108 2287 2239 2330 runt
2289 2277 2455 2340 mala,
2504 2278 2599 2332 sed
2635 2276 2797 2332 etiam
2828 2277 3009 2332 omnis
3049 2277 3141 2345 qui
3198 2277 3504 2347 cuicunque
3548 2280 3687 2333 mala

2108 2380 2338 2425 conatur
2378 2370 2602 2438 inferre,
2646 2370 2891 2439 loquitur
2918 2370 3243 2424 vanitatem.
3276 2367 3392 2424 Non
3423 2371 3567 2425 enim
3604 2369 3689 2423 lo-

2104 2462 2294 2531 quitur
2318 2476 2381 2516 ea
2431 2476 2552 2531 qua:
2606 2462 2905 2517 secundum
2945 2459 3118 2514 Deum
3170 2470 3319 2526 sunt,
3368 2462 3460 2531 qui
3491 2461 3690 2532 (μίξει-ξι

2108 2567 2271 2622 agere
2301 2552 2463 2607 mala.
2517 2549 2673 2608 Unde
2723 2561 2940 2621 oportet
2997 2551 3175 2621 magis
3232 2568 3478 2619 quaerere
3522 2553 3687 2607 bona.

2109 2643 2330 2699 Utinam
2359 2658 2643 2713 possemus
2682 2644 2847 2698 etiam
2890 2642 2975 2697 bis
3024 2643 3113 2711 qui
3148 2642 3383 2697 oderunt
3436 2657 3534 2698 nos
3567 2643 3693 2699 red-

2107 2736 2237 2791 dere
2264 2736 2404 2790 bona
2438 2751 2539 2805 pro
2597 2736 2774 2802 malis,
2806 2744 2863 2790 et
2898 2735 3135 2789 inimicis
3186 2736 3389 2790 nostris
3432 2737 3515 2789 vel
3556 2752 3687 2791 sua-

2106 2828 2235 2883 dere
2258 2843 2378 2897 qua:
2404 2826 2545 2883 bona
2573 2838 2718 2891 sunt,
2748 2826 2833 2880 vel
2864 2836 3055 2896 optare
3086 2826 3297 2881 feroces
3343 2829 3556 2882 animos
3584 2841 3682 2882 eo-

2107 2935 2227 2974 rum
2263 2922 2330 2975 ad
2357 2920 2704 2976 concordiam
2744 2931 2907 2987 atque
2938 2933 3125 2988 pacem
3179 2933 3465 2985 revocare,
3503 2930 3557 2972 ut
3591 2934 3689 2986 per

2104 3011 2208 3066 hoc
2236 3012 2527 3083 efﬁciamur
2553 3011 2655 3079 filii
2678 3008 2856 3063 Patris
2879 3010 2969 3078 qui
3001 3009 3055 3062 in
3093 3008 3235 3063 caelis
3261 3019 3360 3075 est,
3396 3010 3487 3079 qui
3520 3011 3684 3064 solem

2101 3119 2256 3159 suum
2280 3104 2411 3158 oriri
2432 3103 2583 3171 jubet
2609 3118 2770 3170 super
2789 3101 2955 3155 bonos
2981 3108 3030 3154 et
3060 3101 3252 3164 malos,
3292 3110 3340 3155 et
3365 3102 3500 3169 pluit
3522 3117 3681 3169 super

421 3208 552 3261 ergo
578 3207 979 3265 consequenter
1028 3199 1161 3254 dicit
1194 3199 1289 3267 qui
1332 3202 1759 3271 exomologesin,
1809 3204 1862 3259 id
1914 3215 1999 3262 est
2025 3216 2069 3274 ς,
2094 3195 2271 3264 fuit”
2302 3206 2349 3249 ει
2382 3195 2612 3264 inim“
2657 3194 2721 3247 ¹¹ο

416 3282 818 3339 confessionem
846 3286 974 3342 facit
1002 3306 1015 3341 :
1045 3289 1215 3343 Amici
1244 3291 1343 3345 mei
1367 3302 1414 3345 et
1445 3294 1674 3361 proximi
1694 3296 1794 3349 mei
1814 3297 2001 3352 adver-

424 3390 540 3427 sum
585 3393 666 3429 me
691 3381 1244 3450 apprOpinquaverunt
1273 3392 1319 3436 et
1346 3394 1627 3450 steterunt,
1671 3396 1719 3440 et
1769 3391 1997 3455 proximi

422 3465 525 3518 mei
563 3465 628 3519 de
650 3466 803 3538 longe
826 3476 1101 3524 steterunt.
1147 3471 1253 3527 Sed
1283 3475 1395 3529 haec
1421 3490 1526 3530 non
1561 3488 1776 3546 oportet
1802 3479 1998 3535 formi—

418 3554 556 3610 dare
586 3573 707 3611 eum
741 3561 831 3628 qui
883 3573 1005 3630 post
1048 3562 1308 3618 delictum
1370 3566 1572 3621 salvari
1610 3570 1779 3637 cupit,
1822 3586 1998 3640 neque

414 3657 602 3702 notam
633 3664 824 3706 eorum
876 3656 1292 3723 pertimescere,
1330 3658 1423 3727 qui
1479 3674 1575 3713 sua
1609 3662 1829 3730 quidem
1864 3677 1993 3728 pec-

412 3749 539 3794 cata
562 3757 673 3796 non
706 3744 971 3814 cogitant,
998 3762 1095 3801 nec
1135 3765 1406 3803 memores
1435 3750 1734 3819 Scriptura:
1762 3762 1889 3807 sunt
1916 3754 1997 3807 di-

415 3832 556 3886 vina:
598 3834 830 3890 dicentis
880 3836 974 3889 ηε
1027 3836 1159 3891 Noli
1206 3839 1572 3909 improperare
1621 3843 1822 3897 homini
1865 3861 1994 3898 con-

414 3926 632 3978 verteuti
664 3942 718 3980 se
744 3943 775 3979 a
794 3936 1026 3995 peccato,
1058 3927 1150 3982 sed
1175 3945 1375 3984 memor
1396 3941 1505 3984 esto
1528 3936 1780 4001 quoniam
1809 3952 1990 3991 omnes

412 4032 595 4069 sumus
628 4018 685 4071 in
720 4016 907 4087 culpis.
944 4017 1062 4073 Non
1093 4036 1224 4089 ergo
1273 4023 1475 4089 Cogitet
1520 4023 1587 4077 de
1620 4023 1840 4093 talibus,
1897 4026 1991 4080 sed

411 4105 615 4177 cogitet
661 4108 733 4163 de
781 4109 961 4163 anima
999 4125 1117 4173 sua,
1167 4125 1404 4167 exorans
1437 4112 1629 4177 Deum,
1679 4124 1737 4170 ut
1768 4117 1836 4169 ab
1873 4116 1989 4186 ipso

412 4200 733 4255 exaudiatur
782 4209 834 4254 et
878 4201 1193 4257 sublevetur
1249 4214 1371 4273 post
1432 4220 1620 4262 casum
1685 4223 1866 4273 suum,
1925 4220 1988 4264 ut

410 4291 585 4361 possit
630 4294 792 4347 etiam
819 4293 1001 4350 dicere
1030 4310 1150 4365 quae
1182 4305 1484 4365 sequuntur
1523 4314 1538 4351 :
1570 4297 1835 4365 Quoniam
1882 4302 1988 4354 ini-

408 4381 661 4450 quitatem
689 4400 857 4437 meam
879 4401 971 4455 ego
1002 4387 1379 4453 pronuntiabo,
1402 4398 1449 4440 et
1480 4389 1722 4456 cogitabo
1747 4407 1841 4458 pro
1868 4407 1988 4459 pec-

408 4482 526 4526 cato
561 4489 692 4528 meo.
725 4472 874 4530 Licet
904 4476 1064 4531 amici
1099 4477 1203 4531 mei
1245 4484 1299 4530 et
1323 4478 1557 4545 proximi
1587 4479 1689 4534 mei
1725 4480 1983 4535 contrarii

2170 3287 2226 3341 2.
2265 3286 2367 3353 Qui
2399 3301 2528 3356 ergo
2556 3283 2855 3355 quau-ebant
2919 3282 3066 3336 mala
3092 3282 3219 3335 mihi
3247 3282 3411 3337 locuti
3437 3293 3556 3338 sunt
3587 3300 3681 3337 va-

2100 3384 2315 3445 nitates,
2349 3390 2396 3433 et
2428 3377 2612 3431 dolum
2657 3385 2769 3430 tota
2800 3376 2884 3429 die
2933 3375 3349 3429 meditabantur.
3379 3374 3512 3430 Vide
3544 3378 3679 3431 insi-

2106 3474 2368 3529 diatorem
2400 3469 2554 3539 justi.
2594 3466 2713 3523 Jam
2744 3470 2888 3522 enim
2930 3467 3135 3537 justum
3180 3482 3317 3521 voco
3342 3484 3466 3522 eum
3501 3470 3592 3538 qui
3622 3467 3680 3523 in

2100 3564 2286 3632 primis
2329 3563 2415 3616 sui
2465 3564 2574 3631 ipse
2641 3570 2921 3613 accusator
2981 3558 3246 3623 efﬁcitur,
3298 3560 3438 3614 sicut
3499 3574 3683 3616 sermo

2102 3656 2399 3725 Scriptum
2423 3653 2674 3722 designat
2697 3654 2762 3704 ⁸³.
2793 3649 2924 3704 Nam
2955 3660 3015 3705 ut
3042 3650 3186 3705 illum
3213 3652 3519 3720 sapientem
3548 3651 3682 3705 dicit

2100 3744 2383 3815 Scriptura
2404 3785 2419 3809 ,
2448 3744 2540 3813 qui
2587 3757 2709 3797 cum
2744 3743 3010 3812 arguitur,
3040 3757 3145 3797 non
3190 3741 3303 3796 odit
3336 3749 3679 3811 arguentem,

2097 3842 2192 3895 sed
2245 3839 2467 3907 insuper
2509 3834 2686 3905 diligit
2718 3849 2841 3888 eum
2873 3850 2887 3887 :
2918 3838 2998 3889 sic
3042 3832 3312 3901 et-justus
3348 3834 3551 3888 dicitur
3582 3833 3675 3902 qni

2098 3939 2218 4003 post
2246 3932 2501 3987 delictum
2533 3942 2639 3983 non
2679 3936 2963 3996 permanet
3005 3925 3059 3980 in
3086 3927 3324 3990 delictis,
3354 3942 3453 3981 uec
3478 3941 3679 3995 exspe-

2095 4031 2206 4078 ctat
2240 4021 2510 4076 diabolum
2563 4017 2678 4072 fieri
2717 4027 3093 4073 accusatorem
3150 4033 3332 4083 suum,
3390 4032 3568 4086 neque
3614 4028 3677 4073 ut

2094 4116 2183 4170 ille
2208 4115 2449 4185 proferat
2479 4112 2531 4165 in
2562 4109 2801 4165 medium
2834 4117 3061 4177 peccata
3093 4108 3286 4177 ἱρείης,
3328 4111 3425 4165 sed
3463 4112 3580 4180 ipse
3613 4124 3675 4164 se

2093 4207 2273 4275 arguit
2314 4212 2369 4258 et
2400 4201 2694 4263 convincit,
2724 4209 2779 4253 et
2824 4214 2924 4268 per
2967 4200 3367 4255 confessionem
3400 4216 3554 4255 suam
3607 4200 3675 4255 li-

2092 4300 2317 4352 beratur
2351 4310 2379 4347 a
2413 4302 2610 4348 morte.
2656 4290 2762 4356 Qui
2816 4291 2960 4345 enim
3007 4292 3312 4360 qutcrebant
3359 4291 3501 4345 mala
3542 4291 3671 4344 mihi

2091 4388 2258 4442 locuti
2285 4396 2407 4441 sunt
2440 4385 2751 4461 vanitatem,
2778 4392 2827 4437 et
2867 4382 3048 4435 dolum
3080 4393 3187 4436 tota
3218 4384 3302 4437 die
3339 4383 3670 4437 meditaban-

2091 4492 2197 4534 tur.
2254 4479 2363 4548 Ego
2410 4486 2586 4532 autem
2618 4476 2757 4530 velut
2801 4475 3002 4529 surdus
3050 4490 3152 4528 non
3187 4474 3488 4529 audiebam.
3522 4474 3667 4528 Nihil

409 4564 538 4627 sint,
572 4572 625 4618 et
652 4567 938 4635 propinqui
975 4566 1078 4622 mei
1119 4567 1279 4637 longe
1328 4581 1389 4622 se
1418 4567 1629 4623 faciant
1656 4585 1685 4623 a
1712 4585 1823 4635 me.
1854 4572 1983 4627 dum
2013 4573 2063 4634 D
2094 4575 2197 4629 hac
2228 4572 2431 4626 virtute
2481 4567 2822 4638 praeclarius,
2856 4566 2990 4620 nihil
3018 4565 3381 4620 excellentius
3434 4565 3665 4618 inveniri

408 4667 508 4724 ego
543 4654 656 4724 ipse
711 4656 817 4712 mei
858 4667 1144 4714 accusator
1190 4656 1414 4724 etiicior,
1443 4661 1570 4714 dum
1600 4662 1830 4716 crimina
1863 4679 1983 4719 mea

410 4746 556 4800 nullo
589 4763 676 4803 me
699 4761 958 4819 urguente
990 4750 1277 4819 confiteor,
1304 4751 1432 4805 dum
1462 4752 1586 4807 nolo
1612 4754 1816 4809 imitari
1864 4770 1979 4823 eos,

408 4838 499 4901 uni
544 4843 709 4898 etiam
752 4858 875 4898 cum
907 4844 959 4897 in
1006 4843 1232 4913 judiciis
1283 4852 1610 4913 arguantur,
1646 4853 1702 4900 et
1749 4848 1981 4904 testibus

407 4938 822 5000 convincuntur,
852 4944 907 4988 et
931 4936 1226 4991 tortoribus
1244 4936 1407 4991 etiam
1442 4946 1762 5004 arguantur,
1793 4947 1983 5008 tegunt

408 5044 591 5088 tamen
620 5028 761 5083 mala
792 5044 910 5093 sua,
947 5035 1004 5083 et
1028 5028 1146 5098 plus
1176 5030 1317 5097 apud
1342 5044 1436 5084 eos
1458 5029 1673 5085 obtinet
1700 5033 1979 5086 commissi

406 5124 579 5191 pudor
610 5137 770 5192 quam
810 5119 1107 5176 cruciantis
1144 5133 1327 5190 poena.
1385 5119 1500 5189 Ego
1535 5135 1664 5177 vero
1719 5123 1811 5191 qui
1863 5125 1981 5178 scio

474 5265 497 5296 ⁸
544 5257 735 5312 Matth.
784 5256 1050 5314 xxm.27.
1130 5258 1175 5289 ¹⁶
1207 5257 1373 5314 Eccli.
1412 5257 1612 5324 vm,6.

476 5396 588 5480 (52]
620 5396 677 5453 Si
713 5413 835 5480 περ
862 5398 1182 5480 sit‘aliqttis,
1215 5408 1325 5480 etc.
1360 5399 1579 5480 (Euterpe
1615 5397 1821 5480 Graeca:
1852 5415 1971 5480 ma-
2068 5400 2144 5480 εστ

1692 5258 1733 5290 ¹¹
1766 5256 1959 5315 Matth.
1988 5278 2042 5327 v,
2076 5259 2165 5315 45.

2092 4672 2289 4733 potest,
2344 4668 2402 4715 ut
2459 4658 2689 4713 audiens
2738 4657 3117 4725 unusquisque
3173 4652 3467 4709 maledicos
3502 4666 3665 4722 atque

2090 4761 2492 4811 obtrectatores
2522 4765 2651 4805 suos
2695 4747 2836 4802 male
2868 4746 3039 4815 loqui,
3068 4760 3317 4814 carpere,
3355 4745 3670 4807 detrahere,

2092 4849 2368 4910 incusare,
2410 4843 2525 4914 ipse
2560 4849 2771 4896 avertat
2799 4854 2985 4894 aurem
3017 4852 3170 4892 suam
3201 4835 3354 4904 quasi
3412 4850 3515 4889 non
3571 4850 3673 4886 au-

2092 4938 2267 5005 diens,
2300 4946 2356 4992 et
2410 4933 2651 4990 declinet
2682 4930 2901 4985 oculum
2952 4944 3110 4984 suum
3157 4937 3412 4995 tanquam
3446 4941 3551 4978 non
3587 4926 3674 4977 vi-

2090 5034 2264 5092 dens,
2317 5040 2386 5082 ne
2446 5023 2727 5081 iracundia
2779 5031 3139 5091 exasperetur
3192 5029 3246 5072 et
3297 5017 3544 5087 prosiliat
3596 5015 3666 5069 ad

2088 5120 2409 5183 vindictam,
2462 5130 2530 5171 ne
2578 5122 2787 5182 quierat
2812 5113 3029 5167 oculum
3062 5127 3161 5183 pro
3190 5110 3375 5174 oculo,
3404 5122 3505 5164 nec
3542 5121 3666 5160 vero

2245 5253 2287 5284 ¹¹
2311 5249 2470 5304 Prov.
2506 5261 2658 5310 xvttt,
2690 5243 2777 5298 i7.

2296 5392 2369 5447 ἐν
2413 5388 2715 5459 ἐπιθυμίᾳ.
2759 5385 2898 5459 ’ᾼ).λ’
2947 5386 3096 5455 ὅμως
3128 5382 3235 5459 atati.
3292 5380 3656 5459 ἐκβιάζονταιί

406 5449 694 5540 maenas
715 5449 1196 5540 Iactantia;
1221 5449 1823 5540 aitaglﬁvawg
2068 5449 2336 5540 ᾗῶζλέικις
2373 5462 2481 5540 γᾴρ
2531 5449 2631 5540 udi;
2665 5449 3045 5540 'éqt6alvout'3g
3066 5456 3178 5516 τοῖς
3220 5449 3540 5540 ᾖεοᾷιριὲξρξςιτ-
3567 5452 3659 5540 {et}

402 5537 1345 5628 P°19Yilm°€fivfianﬁi“?"°!°"XE
1368 5537 1973 5628 carectis}???

404 5607 702 5675 λεγόντωνσ
731 5607 1052 5680 Πόρρωἀπ⁹
1088 5608 1243 5679 ἐμοῦ,
1280 5607 1353 5678 μὴ
1374 5607 1609 5689 ἐγγίςῃς
1638 5608 1837 5676 μοι,ὅτι
1873 5625 1974 5660 κα-

405 5676 566 5750 θαρός
584 5681 715 5750 eiut.
743 5696 761 5727 ι
782 5679 997 5750 Totith
1014 5679 1450 5750 καταφρονητέον
1466 5678 1795 5750 τῳλγγῃςξίωᾲς
1814 5693 1979 5747 μετα-

405 5697 566 5748 σαρος
584 5697 715 5749 ειμι.
743 5697 761 5727 ι
795 5697 997 5732 ιουτων
1017 5697 1450 5750 καταφρονητεον
1466 5697 1543 5747 τῳ
1558 5697 1795 5745 γνησιως
1814 5697 1979 5747 μετα-

403 5748 610 5831 ηοοῦντι
635 5748 707 5831 μὴ
732 5749 1167 5831 πειθαρχτςύγτων
1184 5749 1280 5831 τῷ,
1295 5748 1390 5816 Μὴ
1409 5744 1980 5831 όγείδιζεςὶνθρῳπον

402 5816 859 5888 ἀποστρέφοντα
876 5816 995 5875 aeta
1012 5816 1321 5890 ἀμαρτίὰς’
1332 5816 1633 5889 μνήσθητι
1651 5816 1735 5869 ὅτι
1757 5816 1980 5884 πάντες

2071 5520 2293 5608 ξῆτοῡσι
2316 5520 2464 5586 Ξιᾱκδὶ
2494 5528 2571 5610 τῷ
2602 5526 2824 5610 δικαίῳι
2849 5526 2945 5610 οὐχ
2991 5522 3133 5610 οὲταξ
3174 5521 3455 5610 κείροντες
3483 5520 3657 5610 ἑξετεῖ)

2073 5592 2289 5660 ἆιέούειν
2330 5601 2399 5655 τὰ
2439 5592 2672 5670 κρεῖῖτω
2706 5592 2834 5667 πέρὶ
2883 5592 3067 5670 α’ὗτοῆ,
3103 5592 3177 5655 ὼς
3211 5592 3338 5644 ὅταν
3383 5593 3658 5670 ’ξι-χεῖρον

2072 5675 2397 5741 ἀκούσῳσιν.
2446 5661 2553 5723 Καὶ
2582 5661 2798 5744 λέγᾳυσὶ
2852 5663 3238 5744 ραῖῆιότῃταέ.
3262 5661 3655 5744 καταλέγονὶτες

2072 5729 2166 5812 ea
2188 5729 2665 5814 καὲηχορήσαντοέ
2695 5729 2908 5814 sava??-
2937 5734 3010 5814 φῦ
3041 5729 3148 5814 γάρ
3181 5729 3653 5814 Sicania)“-

2076 5782 2166 5869 ίέξ
2187 5782 2566 5884 εᾙίίξλιξξξιῐξ
2584 5782 2908 5873 Exitu:
2934 5782 3142 5856 satis
3176 5782 3579 5871 statutae
