4110 6460
418 388 557 442 1585

1022 390 1330 445 SELECTA
1372 390 1431 444 IN
1467 391 1810 446 PSALMOS.
1855 423 1919 431 —-—
1960 393 2191 447 lIOMlL.
2234 395 2271 446 Il
2314 395 2377 448 IN
2412 394 2605 450 I’SAL.
2651 395 2914 450 XXXVII.

3529 404 3661 456 1586

417 525 535 562 rum
566 524 684 578 quat
715 512 890 574 dOCcl,
924 507 1053 581 agit.
1098 510 1189 564 Isti
1218 525 1348 579 ergo
1377 511 1483 565 tale
1514 512 1638 578 quid
1672 513 1855 565 dicant
1892 526 1983 565 ne-
2014 514 2057 567 A
2156 512 2208 565 6.
2240 513 2499 577 Quoniam
2525 514 2850 582 iniquitatem
2874 532 3039 568 meam
3064 520 3369 585 pronuntio.
3414 519 3659 574 Pronun-

416 615 567 656 cesse
592 612 677 657 est
715 619 728 655 :
782 603 918 656 Dum
965 612 1354 655 commoremur
1402 603 1552 670 pedes
1602 604 1700 656 mei
1728 620 1881 672 super
1908 620 1988 657 me

416 707 605 759 magna
630 694 789 746 locuti
822 704 964 749 sunt.
996 694 1152 746 Alius
1176 704 1354 747 autem
1386 694 1486 748 hoc
1513 695 1703 747 melior
1729 705 1984 762 quantum

416 785 480 836 ad
508 800 770 851 personas
820 786 1054 853 pertinet
1085 802 1204 854 qua:
1254 787 1583 840 inducuntur
1630 802 1656 837 a
1691 789 1984 855 prOphetis,

420 875 504 928 vel
539 877 670 942 ipsae
701 875 806 928 sibi
853 886 1264 944 comparantur,
1300 876 1427 930 illud
1475 877 1608 929 dicit
1632 878 1673 907 ¹⁸
1706 895 1718 931 :
1752 877 1857 929 Mei
1891 894 1989 930 au-

417 977 517 1019 tem
563 966 722 1033 paulo
773 969 946 1021 minus
994 971 1123 1023 moti
1172 979 1294 1022 sunt
1347 971 1522 1035 pedes.
1588 969 1738 1023 Illius
1770 970 1985 1037 quidem

417 1057 547 1109 moti
588 1067 712 1110 sunt
736 1058 916 1126 pedes,
956 1060 1259 1113 meiautem
1291 1062 1451 1127 paulo
1486 1060 1661 1114 minus
1685 1062 1815 1114 moti
1841 1070 1983 1117 sunt.

416 1146 692 1201 Fortassis
724 1157 905 1201 autem
935 1148 1005 1202 sit
1053 1150 1191 1202 alius
1225 1149 1445 1217 aliquis,
1485 1150 1637 1218 cujus
1671 1165 1770 1203 nec
1796 1165 1984 1219 parum

415 1239 652 1307 quidem,
708 1253 807 1293 nec
837 1238 999 1306 paulo
1036 1239 1217 1291 minus
1268 1241 1397 1293 moti
1438 1249 1563 1294 sunt
1612 1242 1794 1309 pedes,
1846 1241 1988 1295 illius

416 1330 613 1398 opinor
655 1331 748 1398 qui
806 1331 1006 1386 dicit”
1061 1347 1075 1385 :
1123 1330 1325 1386 Statuit
1379 1348 1532 1399 super
1582 1341 1782 1400 petram
1832 1334 1985 1401 pedes

414 1435 575 1472 meos.
612 1419 704 1473 Ille
732 1420 864 1474 nihil
892 1436 1116 1488 prorsus
1147 1423 1212 1476 de
1245 1422 1604 1477 commotione
1634 1425 1827 1491 pedum
1862 1439 1987 1478 suo-

416 1525 562 1574 rum,
591 1511 683 1564 sed
714 1512 780 1565 de
827 1512 1122 1565 stabilitate
1165 1522 1416 1567 testatur.
1462 1512 1609 1567 Beati
1643 1531 1770 1583 ergo
1800 1530 1987 1571 sumus

414 1600 460 1654 si
495 1600 639 1654 nulla
670 1603 895 1656 omnino
923 1604 1217 1658 connnotio
1245 1604 1297 1658 in
1332 1606 1529 1659 nostris
1563 1606 1790 1673 pedibus
1822 1622 1983 1661 accu—

415 1699 589 1754 satur,
630 1691 723 1744 sed
753 1693 1068 1762 sunteas
1100 1702 1309 1749 stantes
1345 1711 1510 1764 super
1540 1706 1771 1764 petram,
1804 1698 1854 1751 id
1882 1707 1983 1762 est,

414 1795 580 1848 super
629 1781 800 1849 ipsum
835 1784 1120 1838 Dominum
1156 1784 1338 1840 Jesum
1387 1787 1688 1842 Christum.
1748 1788 1899 1854 Quod
1939 1790 1982 1843 si

2097 601 2373 657 tiationem
2413 604 2736 673 iniquitatis,
2794 607 2845 660 id
2876 617 2956 660 est
2999 608 3394 664 confessionem
3427 614 3660 681 peccati,

2091 692 2431 760 frequentius
2482 693 2740 747 diximus.
2802 694 2933 749 Vide
2983 711 3110 765 ergo
3159 700 3286 766 quid
3322 703 3513 754 edocet
3562 717 3663 756 nos

2090 779 2373 848 Scriptura
2402 780 2603 840 divina,
2632 781 2755 850 quia
2785 791 2995 850 Oportet
3042 796 3317 851 peccatum
3345 803 3449 841 non
3482 792 3662 843 celare

2089 873 2439 926 intrinsecus.
2482 870 2759 926 Fortassis
2789 873 2932 925 enim
2968 874 3107 929 sicut
3153 876 3186 928 ii
3223 879 3312 945 qui
3345 878 3543 932 habent
3578 878 3659 931 in.

2092 972 2176 1017 tus
2226 963 2486 1016 inclusam
2537 978 2716 1017 escam
2766 964 3111 1032 indigestam,
3165 977 3258 1020 aut
3303 969 3542 1023 humoris
3577 970 3657 1022 vel

2089 1052 2411 1120 pblegmatis
2443 1054 2724 1106 stomacho
2752 1054 2993 1124 graviter
3016 1066 3068 1110 et
3095 1059 3316 1113 moleste
3356 1059 3648 1114 immanen-

2091 1145 2157 1198 tis
2207 1144 2621 1209 abundantiam,
2675 1144 2719 1199 si
2771 1148 3099 1211 vomuerint,
3154 1149 3458 1203 releventur
3518 1172 3528 1204 :
3583 1152 3653 1205 ita

2086 1235 2248 1289 etiam
2285 1235 2337 1289 hi
2373 1237 2462 1303 qui
2513 1246 2897 1304 peccaverunt,
2952 1238 2994 1291 si
3032 1240 3247 1305 quidem
3275 1241 3551 1294 occultant
3602 1251 3656 1295 et

2088 1327 2321 1379 retinent
2353 1327 2490 1380 intra
2540 1342 2598 1381 se
2634 1337 2939 1395 peccatum,
2993 1331 3322 1385 intrinsecus
3374 1343 3652 1402 urgentur,

2084 1427 2137 1471 et
2173 1419 2561 1487 propemodum
2613 1420 2952 1475 sulfocantur
3000 1435 3030 1475 a
3076 1423 3404 1492 pblegmate,
3438 1424 3521 1479 vel
3556 1426 3655 1477 huc

2088 1521 2237 1560 more.
2289 1509 2520 1577 peccati.
2585 1508 2643 1563 Si
2691 1519 2873 1563 autem
2927 1512 3042 1578 ipse
3093 1513 3173 1565 sui
3224 1522 3508 1569 accusator
3540 1514 3651 1578 ﬂat,

2087 1601 2215 1653 dum
2248 1610 2471 1655 accusat
2511 1603 2861 1671 semetipsum
2912 1612 2967 1657 et
3001 1606 3309 1669 confitetur,
3346 1606 3502 1659 simul
3530 1621 3657 1661 evo-

2089 1692 2184 1743 mit
2218 1699 2271 1744 et
2300 1692 2578 1756 delictum,
2631 1701 2794 1761 atque
2840 1708 3057 1748 omnem
3086 1695 3257 1750 morbi
3294 1698 3489 1766 digerit
3523 1712 3653 1751 cau-

2088 1797 2222 1836 sam.
2266 1784 2663 1838 Tantummodo
2689 1786 3053 1854 circumspice
3082 1787 3413 1857 diligcntius,
3445 1791 3529 1843 cui
3565 1792 3657 1844 de-

416 1873 488 1926 ita
519 1874 740 1930 stabiles
771 1891 892 1930 esse
927 1892 1030 1931 non
1064 1893 1382 1947 possumus,
1430 1882 1702 1935 secundus
1730 1896 1832 1935 nos
1884 1884 1985 1937 iste
2015 1854 2056 1908 B
2088 1874 2214 1929 beas
2241 1876 2485 1930 confiteri
2525 1886 2805 1945 peccalum
2858 1886 3029 1931 Illum.
3090 1876 3263 1933 Proba
3299 1881 3448 1948 prius
3487 1881 3655 1934 Inedi-

414 1963 604 2017 saltem
640 1977 694 2018 et
739 1966 966 2022 inferior
1015 1969 1277 2038 suscipiat
1330 1970 1551 2039 gradus,
1603 1980 1660 2025 ut
1691 1973 1771 2026 vel
1820 1973 1982 2041 paulo

418 2055 596 2108 minus
633 2069 954 2111 moveantur
976 2073 1196 2127 gressus
1224 2060 1416 2114 nostri.

482 2145 538 2197 5.
570 2146 832 2209 Quoniam
875 2163 968 2215 ego
1020 2148 1072 2201 in
1100 2149 1308 2218 ﬂagella
1344 2160 1562 2217 paratus
1612 2168 1749 2206 sum.
1809 2153 1981 2207 Etiam

416 2234 528 2289 haec
557 2252 658 2289 vox
690 2237 814 2290 boni
858 2246 912 2292 et
944 2240 1156 2307 optimi,
1191 2249 1247 2293 ut
1284 2242 1355 2295 ita
1386 2241 1637 2307 dixerim,
1683 2245 1983 2312 peccatoris

414 2334 516 2389 est,
547 2327 633 2394 qui
669 2326 957 2395 deliquerit
978 2330 1219 2397 quidem,
1256 2341 1528 2399 exspectet
1547 2341 1725 2387 tamen
1755 2334 1979 2388 delicto-

417 2430 532 2466 rum
588 2413 828 2484 ﬂagella,
893 2418 1089 2485 quibus
1149 2421 1200 2472 in
1258 2422 1508 2489 praesenti
1582 2430 1731 2489 Optet
1799 2437 1985 2475 emcn-

415 2504 552 2571 dari,
582 2523 647 2560 ne
674 2510 933 2576 puniatur
961 2520 1014 2564 et
1043 2521 1229 2577 pereat
1283 2511 1334 2563 in
1370 2510 1571 2565 futuro.
1612 2510 1857 2582 Propone
1889 2515 1979 2570 tibi

415 2607 542 2650 ante
591 2599 779 2653 oculos
828 2609 1172 2669 peccatorem
1213 2600 1482 2655 dicentem
1528 2603 1594 2654 ad
1645 2602 1979 2660 Dominum:

410 2689 524 2761 Ego
555 2693 807 2760 quoniam
836 2695 1076 2763 peccavi,
1106 2693 1218 2763 jam
1264 2710 1407 2748 nunc
1438 2696 1488 2748 in
1526 2695 1731 2765 ﬂagella
1762 2711 1984 2768 paratus

414 2797 555 2847 sunt,
595 2782 701 2836 noli
732 2799 817 2837 me
846 2798 1126 2840 reservare
1159 2783 1267 2853 igni
1297 2793 1520 2852 aeterno,
1556 2786 1663 2842 noli
1692 2802 1777 2843 me
1809 2804 1984 2845 reser-

414 2886 541 2925 vare
592 2874 954 2928 exterioribus
981 2874 1238 2928 tenebris.
1302 2874 1436 2927 Dum
1467 2875 1517 2927 in
1564 2876 1666 2930 hac
1693 2878 1801 2931 vita
1838 2893 1978 2946 sum,

414 2963 577 3016 redde
612 2965 742 3018 mihi
771 2976 991 3034 peccata
1024 2981 1163 3029 mea,
1206 2965 1461 3034 quoniam
1494 2964 1732 3035 ﬂagellas
1767 2984 1981 3023 onmem

414 3050 578 3104 lilium
627 3067 786 3121 quem
837 3053 1053 3123 recipis.
1090 3052 1200 3108 Oro
1250 3061 1325 3118 te,
1366 3052 1575 3123 ﬂagella
1608 3069 1694 3109 me
1740 3070 1978 3128 quoque,

411 3154 464 3198 et
495 3145 604 3197 noli
634 3159 721 3198 me
750 3158 1036 3198 reservare
1068 3159 1190 3197 cum
1229 3144 1312 3198 his
1338 3145 1427 3213 qui
1473 3160 1577 3198 non
1623 3145 1977 3216 ﬂagellantnr,
2006 3174 2048 3231 ο

413 3238 505 3305 qui
532 3238 587 3289 in
619 3236 882 3289 laboribus
913 3236 1179 3288 hominum
1206 3252 1310 3289 non
1338 3244 1479 3299 sunt,
1517 3246 1566 3291 et
1604 3253 1721 3290 cum
1751 3240 1978 3293 homini-

413 3324 507 3375 bus
537 3339 640 3376 non
685 3323 1096 3392 ﬂagellabantur
1122 3325 1189 3388 ²⁰,
1244 3324 1296 3378 id
1330 3334 1433 3388 est,
1464 3326 1555 3393 qui
1586 3328 1801 3395 penitus
1824 3328 1981 3383 dere-

412 3414 728 3481 linquuntur
759 3431 787 3467 a
821 3424 890 3477 te,
923 3429 1151 3484 quorum
1199 3416 1629 3471 emendationem
1682 3420 1983 3487 correptio.

412 3518 645 3573 nemque
678 3519 780 3558 non
811 3506 1029 3574 quaeris.
1074 3506 1263 3560 Sciens
1310 3521 1440 3575 ergo
1471 3522 1590 3576 quae
1630 3508 1701 3561 sit
1730 3508 1982 3563 differen-

416 3595 489 3646 tia
526 3609 650 3647 cum
686 3596 988 3665 ﬂagellatur
1012 3604 1266 3664 peceator
1299 3597 1365 3649 ah
1395 3610 1459 3651 eo
1488 3598 1577 3665 qui
1605 3598 1838 3666 ﬂagellat
1866 3616 1980 3653 om-

418 3702 533 3739 nem
577 3686 749 3754 ﬁlium
798 3704 947 3758 quem
1004 3688 1181 3756 recipit
1213 3689 1278 3753 ²¹,
1315 3698 1368 3742 et
1420 3706 1542 3758 qua:
1569 3692 1642 3745 sit
1671 3691 1980 3749 differentia

410 3777 530 3845 ejus
557 3780 644 3847 qui
690 3779 885 3846 dignus
917 3794 1019 3832 non
1049 3780 1275 3833 habetur
1306 3777 1546 3849 ﬂagellis,
1590 3782 1663 3835 ait
1694 3783 1762 3837 ad
1795 3783 1980 3839 Domi-

413 3885 539 3922 num
572 3889 584 3922 :
622 3870 727 3938 Ego
752 3870 803 3922 in
842 3869 1045 3938 ﬂagella
1079 3881 1299 3939 paratus
1326 3886 1469 3936 sum,
1508 3872 1560 3927 id
1589 3884 1694 3938 est,
1724 3876 1767 3929 si
1798 3877 1980 3930 volue-

414 3961 490 4013 ris
518 3963 880 4029 superducere
912 3961 1200 4029 languores
1236 3961 1289 4013 in
1335 3977 1439 4025 me,
1494 3964 1708 4019 mittere
1756 3967 1980 4035 aegritu-

410 4050 587 4113 dines,
625 4050 976 4103 tolerabiliter
1028 4049 1195 4103 feram
1245 4068 1256 4103 :
1297 4052 1414 4105 scio
1459 4052 1584 4120 quia
1639 4055 1833 4123 dignus
1860 4071 1977 4109 sum

414 4152 471 4196 ut
500 4157 603 4195 non
635 4142 805 4195 solum
834 4155 928 4210 per
972 4143 1324 4212 :cgritudines
1364 4152 1587 4211 peccata
1619 4161 1733 4198 mea
1759 4146 1978 4200 solvan-

413 4240 520 4299 tur,
573 4232 667 4286 sed
714 4247 812 4302 per
856 4246 1047 4286 onmes
1094 4231 1411 4287 al'llictiones
1456 4236 1675 4302 purgari
1708 4238 1975 4303 desidero,

413 4334 620 4378 tantum
656 4334 712 4377 ut
745 4324 965 4378 aeternis
994 4323 1171 4392 poenis
1201 4333 1257 4376 et
1303 4325 1639 4379 cruciatibus
1666 4342 1771 4381 non
1804 4344 1978 4384 reser-

414 4429 529 4469 ver.
573 4414 631 4469 Si
681 4414 859 4482 placet
905 4413 1105 4467 inferre
1137 4412 1353 4477 damna,
1397 4415 1675 4481 sustineo;
1726 4418 1768 4471 si
1801 4418 1977 4485 placet

2084 1980 2227 2031 cuin,
2257 1967 2342 2019 cui
2382 1966 2580 2020 debeas
2628 1982 2847 2021 causam
2899 1968 3176 2038 languoris
3222 1984 3514 2039 exponere,
3560 1971 3652 2040 qui

2084 2059 2221 2111 sciat
2271 2057 2533 2111 infirmari
2585 2073 2707 2112 cum
2759 2059 3087 2123 inlirmante,
3138 2060 3265 2116 ﬂere
3299 2077 3419 2115 cum
3470 2061 3653 2129 ﬂente,

2083 2149 2174 2217 qui
2210 2148 2533 2203 condolendi
2557 2159 2611 2204 et
2637 2151 3000 2217 compaticndi
3031 2153 3247 2205 noverit
3277 2152 3652 2221 disciplinam:

2086 2248 2141 2291 ut
2174 2240 2248 2291 ita
2284 2241 2495 2292 demmn
2548 2240 2591 2293 si
2626 2240 2754 2309 quid
2805 2240 2896 2296 ille
2925 2241 3148 2305 dixerit,
3197 2243 3289 2311 qui
3328 2258 3385 2297 se
3425 2245 3572 2311 prius
3600 2253 3654 2297 et

2085 2331 2351 2384 eruditum
2389 2330 2654 2384 medicum
2705 2332 2997 2385 ostenderit
3038 2342 3092 2387 et
3124 2332 3556 2396 misericordem,
3608 2335 3652 2387 si

2085 2422 2212 2491 quid
2244 2422 2455 2475 consilii
2486 2421 2711 2487 dederit,
2750 2422 2936 2486 facias,
2986 2432 3039 2476 et
3068 2423 3334 2493 sequaris,
3365 2426 3408 2477 si
3441 2422 3655 2477 intelle-

2086 2512 2226 2563 xerit
2274 2518 2330 2564 et
2384 2510 2691 2577 praeviderit
2749 2510 2908 2564 talem
2957 2526 3077 2565 esse
3134 2511 3450 2581 languorem
3501 2518 3651 2564 tuum

2086 2601 2174 2669 qui
2208 2602 2260 2655 in
2293 2611 2557 2655 conventu
2610 2601 2772 2655 totius
2805 2601 3059 2656 Ecclesiae
3111 2602 3306 2670 exponi
3355 2601 3547 2656 debeat
3598 2613 3654 2657 et

2085 2692 2287 2755 curari,
2316 2706 2379 2746 ex
2412 2707 2519 2761 quo
2544 2692 2789 2745 fortassis
2814 2701 2869 2745 et
2892 2692 3073 2745 caeteri
3100 2692 3354 2747 aedificari
3380 2704 3654 2761 poterunt,

2085 2795 2139 2839 et
2187 2797 2239 2837 tu
2269 2785 2382 2852 ipse
2417 2784 2573 2840 facile
2625 2784 2829 2849 sanari,
2882 2783 3047 2837 multa
3082 2783 3184 2837 hoc
3237 2784 3652 2849 deliberatione,

2084 2885 2137 2929 et
2177 2874 2308 2928 satis
2338 2875 2513 2943 perito
2561 2873 2752 2927 medici
2788 2872 2930 2927 illius
2977 2874 3203 2927 consilio
3255 2875 3654 2943 procurandum

2085 2976 2184 3021 est.
2246 2965 2508 3031 Quoniam
2552 2966 2881 3036 iniquitatem
2927 2981 3094 3017 meam
3146 2980 3239 3031 ego
3282 2966 3653 3033 pronuntiabo,

2083 3066 2131 3109 et
2180 3054 2417 3123 cogitabo
2457 3070 2551 3121 pro
2601 3064 2814 3121 peccato
2863 3068 3022 3114 meo..
3063 3052 3383 3122 Quicunque
3415 3063 3652 3107 vestrum

2084 3144 2333 3200 conscius
2377 3143 2479 3199 sibi
2511 3152 2595 3197 est
2641 3143 2693 3195 in
2730 3142 2914 3210 aliquo
2962 3151 3206 3210 peccato,
3237 3151 3291 3196 et
3320 3144 3394 3196 ita
3431 3157 3656 3197 securus

2083 3244 2167 3291 est
2212 3234 2364 3303 quasi
2401 3232 2533 3287 nihil
2580 3232 2706 3286 mali
2756 3232 2967 3296 fecerit,
3000 3242 3410 3287 commoveatur
3439 3248 3505 3285 ex
3552 3232 3654 3284 hoc

2082 3342 2334 3382 Seriumne
2359 3325 2449 3395 qui
2486 3324 2616 3378 dicit
2650 3341 2664 3377 :
2698 3323 2950 3391 Cogitabo
2993 3339 3089 3390 pro
3138 3334 3345 3391 peccato
3377 3339 3509 3375 meo.
3552 3322 3655 3375 Bo-

2084 3433 2210 3471 num
2241 3426 2326 3471 est
2357 3430 2478 3468 eum
2512 3414 2602 3483 qui
2637 3412 2903 3482 delinquit
2931 3429 3035 3466 non
3070 3429 3193 3467 esse
3239 3428 3518 3479 securum,
3555 3428 3654 3467 nec

2084 3507 2231 3562 velut
2255 3507 2346 3577 qui
2378 3506 2511 3560 nihil
2537 3505 2848 3574 deliquerit,
2879 3505 3080 3558 nullam
3108 3505 3526 3559 sollicitudinem
3557 3520 3652 3572 ge-

2085 3616 2227 3665 rere,
2278 3614 2378 3655 nec
2430 3598 2672 3668 cegitare
2724 3595 2995 3665 quomodo
3044 3596 3217 3662 possit
3264 3610 3420 3649 suum
3473 3594 3654 3648 delere

2085 3700 2388 3758 peccatum.
2433 3686 2490 3742 Si
2524 3687 2575 3739 in
2606 3698 2836 3754 corpore
2859 3694 2950 3737 tuo
2981 3682 3189 3737 macula
3221 3683 3401 3753 aliqua
3429 3683 3513 3737 vel
3540 3682 3655 3735 vul-

2085 3795 2186 3833 nus
2219 3779 2449 3841 oriatur,
2497 3784 2590 3829 aut
2637 3788 2702 3827 ex
2749 3771 3030 3827 collisione
3077 3771 3252 3841 aliqua
3306 3773 3651 3836 intumescat,

2082 3870 2347 3925 sollicitus
2383 3883 2441 3923 es
2478 3876 2536 3920 et
2586 3864 2854 3933 perquiris
2906 3864 3036 3932 quid
3088 3877 3231 3916 curm
3265 3863 3461 3917 debeat
3497 3864 3653 3918 adbi-

2083 3962 2221 4023 beri,
2273 3958 2547 4028 quomodo
2593 3955 2810 4023 corpori
2862 3954 3069 4007 sanitas
3105 3953 3323 4019 antiqua
3375 3954 3655 4008 reddatur.

2084 4053 2140 4105 Si
2174 4050 2318 4103 circa
2341 4048 2525 4103 oculos
2558 4060 2616 4099 se
2643 4046 2837 4113 aliquis
2866 4044 3094 4097 acerbus
3143 4042 3338 4095 lmmor
3370 4043 3650 4107 infuderit,

2081 4139 2345 4194 sollicitus
2392 4152 2471 4201 es,
2521 4144 2574 4190 et
2617 4134 2893 4203 perquiris
2941 4131 3211 4201 quomodo
3254 4146 3545 4186 succurras
3600 4144 3655 4185 et

2082 4228 2383 4299 prae-venias
2430 4223 2754 4278 carcitatem.
2815 4220 2950 4276 Cum
2995 4220 3173 4273 anima
3203 4231 3290 4273 tua
3323 4230 3571 4287 aegrotet,
3602 4231 3656 4272 et

2080 4323 2428 4386 peccatorum
2458 4308 2808 4377 languoribus
2833 4320 3113 4379 urgeatur,
3142 4322 3368 4361 securus
3397 4322 3477 4369 es,
3521 4321 3655 4361 con-

2084 4408 2278 4462 temnis
2305 4406 2611 4476 gehennam
2647 4411 2810 4472 atque
2859 4402 3001 4470 ignis
3033 4400 3224 4454 aeterni
3260 4399 3521 4467 supplicia
3552 4400 3656 4455 de—

408 4521 599 4561 omnes
625 4506 910 4559 facultates
943 4504 1141 4574 perire,
1175 4504 1490 4572 depereant,
1523 4514 1730 4559 tantum
1760 4524 1826 4563 ne
1857 4510 1975 4562 ani-

2085 4498 2247 4566 Spicis
2297 4504 2351 4549 et
2398 4493 2637 4547 irrides?
2682 4490 2951 4544 Judicium
3005 4488 3099 4541 Dei
3159 4486 3540 4556 parvipendis,
3601 4496 3656 4541 et

411 4615 497 4652 ma
530 4606 716 4667 pereat
772 4597 914 4665 apud
970 4605 1041 4650 te.
1085 4594 1141 4647 Si
1176 4607 1270 4663 per
1321 4603 1547 4646 mortem
1594 4595 1885 4650 cbarorum
1921 4608 1976 4652 et

409 4692 830 4761 propinquorum
864 4688 943 4741 vis
967 4702 1050 4741 me
1076 4684 1313 4755 purgari,
1335 4685 1639 4738 moriantur
1660 4688 1824 4741 etiam
1850 4688 1976 4757 ipsi,

409 4794 464 4833 ut
493 4791 548 4835 et
576 4782 674 4849 ipsi
697 4797 761 4835 ex
788 4779 1090 4848 huiusmodi
1116 4781 1341 4835 vinculis
1383 4774 1699 4842 Ιὶὺϐνθηιυνυ
1725 4779 1977 4832 aurem"-

411 4884 495 4922 mr
525 4870 640 4934 lilii,
676 4870 798 4922 dum
828 4871 1001 4924 adhuc
1034 4873 1181 4940 pueri
1218 4881 1362 4933 sunt,
1390 4880 1444 4922 ct
1472 4869 1524 4922 in
1558 4867 1783 4922 rudibus
1815 4869 1973 4921 annis

409 4962 567 5031 positi
627 4962 864 5016 nondum
919 4954 1259 5029 gravioribus
1329 4970 1672 5030 peccatorum
1722 4960 1974 5015 sordibus

411 5054 662 5109 maculati
710 5062 854 5107 sunt.
912 5052 1174 5107 Omnibus
1209 5054 1371 5123 igitur
1396 5053 1621 5122 ﬂagellis
1670 5053 1971 5119 emendari,

407 5148 792 5216 verberarique
823 5156 1041 5214 paratus
1068 5160 1207 5207 sum,
1244 5154 1301 5199 et
1346 5144 1483 5197 nihil
1518 5144 1709 5197 borum
1760 5157 1973 5209 recuso,

409 5251 617 5293 tantum
654 5248 711 5292 ut
749 5236 1009 5306 supplicia
1037 5235 1223 5289 aeterni
1265 5235 1407 5303 ignis
1435 5233 1708 5303 eﬂ‘ugiam.
1752 5233 1863 5302 Ego
1889 5248 1976 5287 er-

408 5348 473 5398 go
502 5333 554 5383 in
581 5329 792 5399 ﬂagella
824 5338 1037 5396 paratus
1068 5341 1206 5386 sum,
1238 5334 1285 5376 et
1332 5324 1484 5377 dolor
1510 5340 1652 5377 meus
1683 5340 1862 5376 coram
1896 5340 1975 5376 me

406 5433 479 5475 est
505 5436 723 5488 semper.
760 5420 898 5474 Ante
922 5417 1106 5471 oculos
1128 5430 1277 5470 meos
1303 5415 1475 5470 habeo
1502 5413 1746 5468 dolorem
1773 5426 1971 5473 meum,

410 5523 469 5567 ut
522 5513 731 5567 futuros
782 5524 1061 5579 ptenarum
1111 5507 1329 5562 dolores
1376 5504 1738 5574 praesentibus
1772 5502 1969 5570 possim

409 5604 681 5659 doloribus
709 5613 1081 5668 compensare.

482 5786 523 5817 ’⁸
546 5784 694 5839 Psal.
722 5798 890 5841 uxu.
920 5782 975 5834 Ξ.

685 5876 957 5936 ΡΑτιλοι..
1005 5871 1124 5932 Gn.
1171 5866 1311 5928 ΧΗ.

2083 4595 2514 4642 commonentem
2542 4594 2592 4637 te
2618 4580 2915 4635 Ecclesiam
2940 4578 3209 4646 despicis?
3237 4578 3652 4635 Communicare

2084 4696 2188 4735 non
2225 4680 2381 4732 times
2406 4690 2603 4744 corpus
2624 4672 2824 4728 Christi
2857 4670 3120 4724 accedens
3142 4668 3209 4721 ad
3236 4668 3648 4733 Eucharistiam,

2083 4773 2239 4845 quasi
2281 4772 2513 4825 mundus
2543 4776 2596 4821 et
2646 4780 2834 4836 purus,
2866 4762 3021 4831 quasi
3072 4760 3204 4814 nihil
3240 4760 3294 4813 in
3332 4771 3381 4813 te
3411 4760 3482 4813 sit
3508 4760 3646 4812 indi-

2082 4878 2275 4935 gnum,
2321 4860 2450 4915 etin
2484 4860 2567 4912 bis
2595 4856 2846 4910 oumibus
2873 4861 3030 4919 putas
3064 4851 3206 4919 quod
3244 4847 3470 4918 eﬂugias
3510 4850 3655 4918 judi-

2080 4957 2223 5010 cium
2278 4952 2411 5006 Dei?
2470 4949 2588 5003 Non
2642 4945 2950 5001 recordaris
3001 4942 3131 4995 illud
3193 4940 3335 5008 quod
3389 4940 3652 5008 scriptum

2081 5057 2161 5101 est
2184 5046 2251 5106 “,
2292 5043 2414 5110 quia
2444 5037 2728 5107 Propterea
2777 5036 2831 5088 in
2889 5033 3030 5087 vobis
3064 5031 3285 5098 inﬁrmi,
3327 5039 3375 5083 et
3412 5031 3560 5097 azgri,
3603 5040 3652 5083 et

2082 5137 2348 5189 dormiunt
2376 5131 2565 5185 multi?
2590 5128 2770 5194 Quare
2796 5124 2948 5179 multi
2978 5122 3217 5177 infirmi?
3252 5120 3516 5186 Quoniam
3545 5135 3651 5173 non

2084 5231 2293 5297 seipsos
2336 5223 2657 5291 diiudicant,
2711 5232 2885 5287 neque
2934 5216 3142 5284 seipsos
3168 5214 3504 5276 examinant,
3550 5225 3653 5264 nec

2084 5298 2387 5387 intelligunt
2416 5313 2543 5381 quid
2566 5321 2649 5367 est
2677 5308 3079 5365 communicare
3107 5303 3383 5367 Ecclesia},
3414 5301 3492 5355 \cl
3521 5300 3653 5369 quid

2082 5418 2164 5462 est
2194 5405 2453 5460 accedere
2501 5403 2568 5455 ad
2620 5410 2767 5455 tanta
2817 5408 2871 5452 et
2904 5407 3009 5451 tam
3046 5393 3244 5450 eximia
3279 5399 3647 5446 sacramenta.

2087 5498 2373 5553 l’atiuntur
2409 5496 2509 5546 hoc
2554 5492 2697 5559 quod
2734 5488 3107 5542 febricitantes
3140 5479 3253 5550 pati
3290 5478 3493 5543 solent,
3524 5491 3646 5530 cum

2080 5598 2330 5639 sanorum
2366 5581 2518 5634 cibos
2570 5583 2921 5647 praesumunt,
2971 5567 3323 5636 sibimetipsis
3353 5566 3651 5621 inferentes

1058 5778 1099 5810 ι’
1131 5777 1277 5829 ῐνθθι.
1301 5784 1486 5836 nxtx,
1513 5768 1567 5820 ὅ.
1646 5772 1688 5801 ’θ
1713 5767 1853 5823 Psal.
1883 5780 1981 5816 cxx

2209 5758 2253 5793 ”
2278 5757 2433 5812 Prov.
2467 5770 2550 5819 in,
2582 5754 2664 5806 l2.
2738 5755 2780 5785 ¹²
2803 5752 2821 5807 l
2845 5754 2967 5810 Cor.
2999 5768 3072 5817 λι,
3097 5750 3185 5805 50.

3299 5839 3377 5898 his
