4110 6392
500 345 636 399 1587

1875 339 1963 393 EX
2005 340 2195 397 ORIGl
2214 342 2304 395 NE

3624 352 3748 406 εδει

496 458 743 511 exitium.
780 453 902 509 llmc
932 454 996 509 de
1026 467 1090 509 eo
1120 456 1265 523 quod
1295 453 1498 508 dictum
1532 462 1614 509 est
1653 472 1665 509 :
1702 452 1953 526 Cogitaoo
1978 474 2072 526 pro
2103 462 2147 521 Α
2180 472 2302 510 cum
2363 456 2488 511 odio
2542 458 2744 515 habear
2770 500 2785 525 ,
2832 469 2891 514 ut
2934 462 3070 516 sciat
3096 463 3424 519 conscientia
3468 478 3585 519 mea
3619 482 3728 533 qun

493 554 705 614 peccato
738 561 870 597 meo.

568 682 616 735 7.
652 681 914 749 Sequitur
943 698 956 733 :
988 678 1201 732 Inimici
1227 690 1403 733 autem
1443 683 1543 734 mei
1569 683 1764 747 vivunt,
1797 694 1843 737 et
1874 683 2071 752 con/ir-

492 772 618 823 mati
640 778 762 823 sunt
791 785 947 837 super
974 785 1074 821 me.
1120 767 1195 821 Ad
1230 785 1350 836 qua:
1384 770 1568 823 omnia
1608 772 1906 826 subsonare
1943 773 2070 825 illud

493 860 653 913 debet
697 876 711 912 :
754 857 864 927 Ego
918 868 1091 911 autent
1138 859 1378 927 cogitabo
1424 876 1517 928 pro
1570 870 1781 928 peccato
1829 879 1961 917 meo.
2006 864 2071 917 Et

489 949 738 1017 quamvis
771 950 1005 1009 videam,
1054 949 1370 1018 frequenter
1423 952 1567 1005 enim
1606 968 1701 1006 nos
1756 967 2069 1023 peccatores

487 1040 531 1092 si
569 1038 852 1093 videamus
884 1039 1132 1093 inimicos
1165 1050 1379 1094 nostros
1411 1042 1654 1095 viventes
1674 1043 1917 1096 ausiores
1949 1058 2067 1097 con-

489 1131 796 1197 tristamur,
828 1141 882 1186 et
914 1132 1171 1200 querelas
1201 1133 1463 1187 adversus
1509 1134 1744 1186 divinam
1774 1136 2064 1202 providen-

489 1223 614 1275 tiam
665 1222 961 1277 fundimus.
1024 1224 1123 1289 Qui
1182 1234 1362 1277 autem
1412 1224 1611 1277 salvari
1662 1225 1794 1290 vult,
1845 1227 1910 1279 ad
1950 1228 2065 1281 bam

485 1316 667 1367 omnia
700 1328 916 1383 semper
958 1314 1060 1369 hoc
1112 1314 1210 1368 sibi
1250 1316 1595 1381 respondeat,
1627 1316 1839 1369 etiamsi
1864 1316 2063 1369 inimici

483 1404 651 1477 689
678 1407 779 1457 mei
812 1407 1011 1470 vivunt,
1059 1416 1105 1458 et
1152 1406 1453 1471 conﬁrmati
1496 1415 1618 1458 sunt
1653 1422 1810 1474 super
1835 1423 1933 1470 me,
1964 1421 2061 1476 ego

487 1502 666 1548 tamen
703 1496 943 1563 cogitabo
990 1511 1085 1563 pro
1132 1506 1345 1562 peccato
1397 1511 1529 1547 meo.
1593 1494 1658 1548 Et
1706 1495 1952 1563 quamvis
1984 1495 2063 1548 νὶ-

483 1588 638 1639 dcam
698 1602 783 1640 me
849 1599 1193 1655 peccatorem
1254 1602 1394 1651 esse,
1462 1586 1817 1641 considerans
1880 1595 2058 1640 tamen

481 1677 644 1729 etiam
703 1686 1025 1731 caeterorum
1078 1687 1299 1743 peccata
1350 1692 1469 1745 quae.
1519 1676 1765 1731 fortassis
1811 1678 2057 1747 graviora

480 1778 628 1831 sunt,
666 1769 853 1822 videns
885 1783 1102 1836 quoque
1137 1783 1231 1821 eos
1267 1783 1363 1836 pro
1396 1767 1631 1835 peccatis
1663 1767 1777 1821 suis
1808 1784 1911 1823 non
1938 1784 2057 1824 esse

478 1859 760 1924 sollicitos,
794 1874 1122 1929 comparans
1157 1874 1242 1913 me
1289 1859 1395 1914 illis
1441 1861 1532 1929 qui
1564 1862 1788 1916 omnino
1819 1862 1885 1916 de
1929 1878 2055 1932 gra-

479 1951 715 2005 vissimis
764 1951 978 2006 delictis
1026 1952 1139 2006 suis
1195 1950 1328 2005 nihil
1383 1951 1651 2022 cogitant,
1711 1962 1767 2008 et
1811 1955 2057 2023 cogitans

473 2058 572 2113 pro
601 2053 827 2112 peccato
856 2059 997 2108 meo,
1033 2058 1184 2113 spem
1209 2043 1385 2100 habeo
1407 2045 1461 2099 in
1497 2054 1568 2101 te.

545 2201 595 2256 8.
635 2199 699 2256 Et
752 2200 1085 2269 multiplicati
1141 2210 1261 2255 sunt
1311 2205 1402 2272 qui
1450 2204 1671 2257 oderunt
1723 2217 1804 2255 me
1854 2202 2049 2271 inique.

474 2292 818 2364 lntpossibile
852 2302 933 2348 est
976 2294 1027 2346 in
1079 2293 1184 2347 hac
1215 2294 1324 2347 vita
1360 2296 1592 2364 positum
1629 2293 1755 2348 odio
1799 2308 1903 2347 non
1946 2293 2048 2347 ha-

473 2384 609 2437 beri.
652 2382 904 2437 Christus
934 2380 1089 2437 Jesus
1127 2383 1254 2437 odio
1291 2384 1509 2439 habitus
1536 2393 1637 2440 est.
1672 2384 1736 2439 Et
1763 2384 1889 2452 quid
1926 2384 2046 2437 dico

470 2475 806 2544 impossibile
839 2485 920 2529 est
956 2475 1006 2529 in
1055 2476 1157 2529 hac
1210 2476 1315 2529 vita
1368 2478 1603 2546 positum
1649 2477 1775 2532 odio
1804 2491 1909 2530 non
1944 2476 2047 2530 ha-

470 2566 624 2618 beri?
667 2567 807 2619 Deus
848 2565 963 2635 ipse
994 2566 1086 2633 qui
1123 2567 1174 2619 in
1207 2566 1346 2621 hanc
1382 2568 1549 2621 vitam
1589 2582 1693 2621 non
1726 2566 1894 2629 venit,
1918 2566 2046 2621 odio

468 2657 697 2714 habetur
732 2657 799 2711 ab
833 2658 1123 2728 aliquibus.
1155 2660 1213 2714 Si
1244 2661 1388 2713 enim
1424 2675 1528 2713 non
1562 2659 1861 2713 haberetur
1895 2658 2042 2725 odio,

468 2764 804 2818 nequaquam
841 2749 1340 2820 diceretPrOpheta
1367 2750 1412 2782 ³³
1445 2767 1458 2803 :
1487 2748 1681 2803 Nonne
1715 2749 1947 2803 odientes
1972 2758 2041 2815 te,

468 2840 690 2893 Domine
722 2881 736 2903 ,
800 2842 1015 2895 oderam
1041 2881 1055 2904 ,
1108 2852 1153 2895 et
1194 2858 1353 2909 super
1391 2842 1635 2894 inimicos
1667 2852 1783 2893 tuos
1812 2841 2044 2894 tabesce-

464 2932 627 2986 bam?
670 2929 912 3001 Perfecto
951 2935 1073 2986 odio
1123 2933 1334 2985 oderam
1383 2932 1522 2985 illos.
1558 2932 1953 2997 Marcionistte,
1987 2941 2044 2987 et

464 3022 744 3087 Basilides,
783 3032 837 3078 et
886 3022 1161 3078 Valentini
1225 3023 1459 3077 oderunt
1518 3025 1719 3089 Deum,
1773 3033 1828 3078 et
1874 3024 2039 3080 verba

459 3112 577 3179 ejus
632 3113 882 3169 oderunt.
937 3114 1072 3168 Cum
1105 3130 1234 3184 ergo
1294 3115 1435 3169 Deus
1490 3114 1615 3169 odio
1654 3115 1942 3178 habeatur,
1985 3122 2110 3211 etC

458 3205 708 3259 Christus
740 3221 910 3276 usque
953 3206 1005 3258 itt
1046 3206 1367 3260 hodiernum
1421 3206 1562 3261 diem
1607 3221 1635 3259 a
1672 3204 1874 3260 Judzeis
1905 3220 2039 3258 ana-

460 3296 643 3351 thema
679 3296 791 3361 liat,
843 3312 963 3350 cunt
1012 3296 1252 3365 Spiritus
1294 3306 1516 3351 sanctus
1545 3298 1636 3365 qui
1672 3296 1723 3349 in
1757 3297 2036 3366 prophetis

466 3389 678 3444 locutus
710 3396 794 3441 est
831 3387 897 3441 ab
927 3388 1200 3441 haereticis
1223 3387 1349 3443 odio
1385 3387 1670 3453 habeatur,
1712 3398 1763 3441 tu
1805 3389 1886 3441 vis
1911 3388 2036 3442 odio

457 3494 564 3534 non
593 3479 807 3540 haberi,
835 3480 927 3533 sed
959 3480 1028 3533 ab
1064 3480 1316 3535 oumibus
1340 3480 1490 3550 diligi
1515 3490 1569 3533 et
1604 3480 1875 3533 benedici?
1902 3480 2035 3535 Vide

456 3587 521 3624 ne
557 3582 610 3623 te
645 3569 887 3623 inveniat
931 3570 1018 3624 illa
1059 3571 1329 3624 sententia
1357 3586 1476 3639 quae
1503 3570 1635 3623 dicit
1662 3571 1707 3599 "
1736 3587 1751 3622 :
1790 3567 1881 3622 Va:
1913 3585 2030 3621 cum

455 3662 809 3715 benedixerint
834 3662 975 3715 vobis
1003 3678 1182 3716 omnes
1222 3662 1478 3715 homines.
1513 3661 1651 3727 Quin
1690 3661 1867 3730 potius
1901 3659 2030 3714 illud

458 3751 831 3806 tantummodo
859 3752 1245 3817 observemus,
1294 3762 1351 3806 ut
1394 3761 1448 3806 et
1476 3766 1576 3804 nos
1606 3751 1871 3815 dicamus,
1896 3763 2030 3818 quo-

454 3846 596 3894 niam
639 3841 972 3913 multiplicati
1015 3852 1139 3897 sunt
1170 3846 1259 3913 qui
1292 3843 1515 3897 oderant
1547 3858 1625 3895 me
1657 3842 1855 3911 inique.
1889 3839 2028 3910 Opto

910 4043 1232 4100 PSALMUS
1274 4041 1564 4099 XXXVIII.

528 4137 687 4191 Vens.
711 4138 763 4191 5.
792 4136 1058 4190 Obsurdui
1092 4146 1141 4191 et
1174 4137 1489 4190 humiliatus
1528 4152 1679 4202 sum,
1719 4146 1767 4191 et
1817 4138 1941 4191 εἰειιὲ
1993 4155 2025 4191 a

452 4229 623 4295 bonis,
643 4238 752 4284 etc.
783 4228 840 4283 In
872 4229 1269 4284 tentationibns
1299 4227 1511 4298 fugiunt
1532 4228 1669 4281 bona
1698 4242 1726 4280 a
1760 4229 1939 4292 nobis,
1972 4238 2028 4283 et

451 4319 573 4375 silet
602 4320 784 4374 anima
825 4322 894 4375 ab
931 4320 1057 4375 illis.
1104 4321 1179 4375 De
1227 4319 1335 4375 illis
1372 4319 1517 4374 enim
1567 4320 1806 4389 loquitur
1845 4322 2025 4375 anima

2178 548 2322 599 niam
2359 548 2556 614 injuste
2596 551 2781 604 odium
2815 552 3014 621 patior.
3055 554 3191 608 0dio
3228 555 3396 609 habiti
3427 565 3552 610 sunt
3588 560 3753 611 etiam

2176 639 2473 707 prophetae,
2510 643 2605 696 sed
2642 642 2881 711 injuste;
2923 644 3049 699 odio
3086 647 3305 701 habitus
3339 656 3423 701 est
3475 648 3753 713 Christuz,

2175 730 2267 784 sed
2292 732 2484 799 gratis.
2520 731 2575 786 Si
2602 743 2784 787 autem
2821 750 2919 804 pro
2969 748 3198 804 peccato
3234 754 3352 793 meo
3376 738 3500 793 odio
3526 740 3749 801 habeor.

2173 836 2276 875 non
2308 838 2527 890 possunt
2566 825 2771 892 dicere,
2809 830 2936 896 quia
2969 830 3307 897 multiplicati
3335 840 3459 885 sunt
3491 834 3582 901 qui
3623 833 3744 884 ode-

2172 927 2293 967 runt
2330 932 2409 970 me
2442 918 2655 986 injuste.
2692 917 2843 974 Juste
2894 922 3039 975 enim
3082 925 3205 977 odio
3255 924 3489 986 habeor.
3531 928 3577 980 si
3623 941 3749 995 per-

2169 1022 2298 1062 osus
2329 1008 2486 1063 l'uero
2518 1020 2740 1079 propter
2766 1012 3085 1068 inhonestos
3107 1024 3260 1069 actus
3285 1030 3434 1071 meos
3464 1027 3517 1072 et
3540 1028 3755 1087 turpes-

2168 1095 2283 1151 Non
2314 1115 2533 1168 possunt
2566 1103 2768 1166 dicere,
2800 1103 2926 1171 quia
2956 1105 3190 1160 oderunt
3230 1122 3316 1162 tne
3350 1110 3540 1177 gratis.
3572 1112 3749 1181 Atque

2168 1191 2371 1243 utinam
2410 1201 2560 1245 tanta
2596 1194 2928 1247 conﬁdentia
2981 1196 3165 1251 dicere
3216 1200 3487 1266 possimus
3535 1211 3589 1254 et
3627 1218 3743 1267 nos,

2166 1283 2293 1351 quia
2328 1284 2667 1351 multiplicati
2696 1294 2818 1339 sunt
2852 1287 2941 1356 qui
2985 1289 3205 1342 oderunt
3245 1306 3325 1344 me
3354 1292 3564 1360 injuste.

2233 1374 2286 1429 9.
2331 1374 2433 1440 Qui
2462 1376 2754 1429 retribuunt
2792 1378 2920 1431 mihi
2964 1380 3105 1432 mala
3139 1394 3236 1447 pro
3270 1382 3437 1435 bonis.
3484 1383 3595 1453 Ego
3624 1386 3747 1453 qui-

2163 1463 2284 1517 dem
2313 1465 2453 1519 bona
2484 1480 2606 1519 cum
2638 1466 2717 1521 eis
2756 1468 3017 1537 agebam,
3065 1470 3139 1524 illi
3198 1485 3325 1525 vero
3367 1472 3520 1527 obliti
3573 1475 3745 1529 boao-

2164 1570 2280 1608 runt
2317 1571 2559 1611 meorum
2614 1559 2911 1613 reddebant
2947 1561 3083 1613 mala
3120 1577 3217 1632 pro
3251 1564 3430 1629 bonis,
3484 1566 3744 1622 criinina-

2160 1646 2361 1700 bantur
2401 1662 2514 1712 me,
2565 1650 2823 1718 quoniam
2878 1654 3149 1720 sequebar
3203 1654 3490 1723 justitiam.
3544 1656 3743 1713 Crimi-

2162 1747 2361 1791 nantur
2395 1753 2481 1792 me
2527 1748 2581 1791 et
2628 1740 2960 1809 exprobrant
3020 1744 3224 1798 inimici
3281 1747 3386 1800 mei
3442 1762 3540 1816 pro
3588 1750 3653 1804 iis
3696 1751 3740 1803 si

2090 1822 2130 1876 Β
2162 1841 2267 1895 qua
2292 1828 2422 1881 mihi
2453 1830 2749 1900 aliquando
2777 1834 3068 1889 commissa
3096 1844 3241 1904 sunt,
3280 1852 3378 1892 nec
3406 1840 3741 1895 erubescunt

2162 1918 2537 1986 mejustitiam
2574 1923 3021 1994 subsequentem,
3063 1941 3162 1983 nec
3189 1929 3320 1984 dant
3350 1932 3564 1985 veniam
3602 1948 3741 2002 prae-

2160 2011 2339 2066 teritis
2384 2013 2545 2067 malis
2585 2030 2682 2084 pro
2735 2018 3094 2085 praesentibus
3152 2020 3330 2076 bonis.
3392 2021 3593 2077 Verum
3660 2036 3737 2091 tu,

2159 2101 2406 2170 Domine,
2433 2106 2683 2171 quoniam
2716 2109 3069 2177 subsequebar
3101 2111 3386 2178 iustitiam,
3416 2130 3479 2166 ne
3508 2116 3737 2170 derelin-

2154 2210 2286 2265 quas
2308 2213 2410 2261 me,
2441 2196 2665 2251 Domine
2695 2199 2834 2254 Deus
2858 2217 3027 2256 meus.
3060 2204 3123 2259 Et
3151 2206 3264 2260 hate
3291 2222 3391 2261 vox
3421 2209 3737 2263 conﬁtentis

2154 2296 2235 2341 est
2286 2298 2342 2342 et
2392 2290 2822 2345 misericordiam
2870 2294 3199 2363 postulantis
3239 2314 3252 2350 :
3289 2296 3368 2351 Ne
3400 2300 3733 2368 derelinquas

2153 2394 2256 2442 me,
2284 2378 2510 2435 Domine
2541 2382 2680 2435 Deus
2708 2400 2875 2448 meus,
2908 2401 2971 2439 ne
2991 2387 3301 2442 discesseris
3328 2406 3359 2442 α
3393 2407 3492 2444 me.
3529 2391 3584 2444 In
3626 2391 3735 2443 alio

2154 2472 2370 2538 quidem
2403 2473 2613 2543 psalmo
2646 2474 2761 2547 (55)
2783 2478 2974 2531 dicit”
2997 2496 3010 2532 :
3038 2478 3294 2545 Spiritum
3318 2493 3558 2535 sanctum
3583 2490 3729 2536 tuum

2151 2578 2214 2617 ne
2246 2564 2463 2632 auferas
2488 2582 2520 2619 a
2560 2581 2661 2620 me.
2702 2566 2758 2622 In
2792 2570 2895 2624 hoc
2924 2571 3056 2625 dicit
3083 2572 3149 2626 ad
3185 2574 3359 2637 ipsum
3404 2574 3569 2629 Deum
3599 2591 3614 2629 :
3650 2575 3734 2630 Ne

2148 2654 2452 2709 discesseris
2503 2674 2535 2710 a
2593 2673 2692 2711 me.
2728 2659 2803 2712 Ex
2860 2668 2968 2729 quo
3010 2664 3320 2718 ostenditur
3346 2682 3374 2718 a
3405 2666 3729 2735 quibusdam

2149 2744 2362 2799 meritis
2390 2747 2505 2801 suis
2530 2748 2811 2804 discedere
2840 2750 3032 2817 Deum,
3062 2763 3117 2809 et
3148 2756 3289 2824 apud
3329 2755 3463 2811 alios
3498 2772 3594 2824 pro
3618 2763 3735 2814 suis

2152 2836 2363 2890 meritis
2394 2853 2742 2906 permanere.
2782 2840 2972 2896 Infelix
3004 2852 3183 2899 tamen
3217 2847 3378 2901 homo
3414 2848 3502 2902 ille
3542 2864 3571 2902 a
3623 2865 3732 2919 quo

2146 2925 2462 2981 discesserit
2498 2929 2668 2996 Deus,
2720 2931 2913 2987 beatus
2946 2945 3128 2989 autem
3183 2946 3267 2992 est
3318 2939 3409 2993 ille
3465 2955 3587 2994 cum
3625 2959 3732 3010 quo

2144 3029 2430 3086 permanet
2472 3019 2636 3075 Deus.
2686 3023 2907 3078 Attende
2943 3026 2995 3080 in
3037 3029 3364 3096 adjutoriunt
3395 3044 3591 3096 meum,
3624 3032 3732 3087 Do-

2144 3110 2317 3176 mine,
2367 3108 2507 3164 Deus
2542 3112 2728 3166 salutis
2773 3131 2923 3170 mete.
2974 3116 3042 3172 Et
3094 3133 3191 3174 nos
3237 3136 3365 3190 ergo
3408 3137 3629 3178 oremus
3676 3137 3733 3182 et

2145 3200 2388 3254 dicamus
2427 3218 2441 3254 :
2476 3200 2708 3257 Attende
2760 3204 2814 3257 in
2863 3204 3192 3273 adjutoriunt
3244 3226 3421 3264 meum
3474 3213 3727 3280 quoniam

2148 3293 2369 3362 grandis
2398 3302 2485 3346 est
2515 3310 2715 3363 pugna,
2750 3304 2805 3349 et
2849 3308 3099 3365 potentes
3130 3309 3255 3353 sunt
3283 3302 3605 3356 adversarii.
3646 3302 3731 3357 ln-

2144 3382 2317 3438 festus
2342 3394 2427 3438 est
2465 3384 2663 3450 hostis,
2705 3387 2999 3443 invisibilis
3030 3390 3285 3447 inimicus
3306 3408 3404 3461 per
3438 3394 3572 3448 istos
3598 3396 3728 3449 visi-

2142 3473 2279 3529 biles
2331 3474 2630 3543 impugnat.
2688 3476 2921 3532 Attende
2965 3494 3094 3549 ergo
3140 3482 3191 3535 itt
3240 3482 3567 3550 adjutorium
3630 3501 3725 3539 no-

2142 3572 2340 3628 strum,
2380 3574 2435 3619 et
2484 3567 2680 3632 adjuva
2739 3583 2836 3622 nos
2886 3584 2983 3639 per
3037 3583 3286 3628 sanctum
3345 3575 3537 3631 Filium
3576 3586 3748 3634 tuunt'

2143 3654 2431 3709 Dominum
2467 3668 2715 3711 nostrum
2745 3657 2933 3715 Jesum
2963 3660 3263 3731 Chrismnt,
3298 3682 3393 3735 per
3421 3684 3581 3737 quem
3608 3687 3725 3725 0m-

2140 3760 2237 3799 nes
2274 3760 2372 3799 nos
2400 3746 2703 3813 redemisti,
2740 3763 2835 3818 per
2870 3766 3029 3819 quem
3076 3754 3168 3810 tibi
3200 3756 3369 3826 gloria
3398 3768 3451 3812 et
3479 3768 3719 3830 potestas

2138 3837 2191 3892 itt
2220 3837 2416 3893 saecula
2445 3838 2790 3895 saeculorum.
2819 3842 3015 3898 Amen.

2707 4047 2996 4102 ΨΑΛΜΟΣ
3031 4053 3161 4106 AH'.

2218 4134 2577 4204 Ἐκωξσὼθην
2619 4138 2718 4192 καὶ
2779 4140 3185 4212 ἐταπεινώθην
3221 4146 3320 4199 καὶ
3361 4148 3622 4219 ἐσίγησα
3652 4154 3720 4219 ἐξ

2135 4228 2391 4296 ἀγαθῶν,
2424 4246 2478 4281 κ.
2513 4247 2562 4282 τ.
2588 4230 2636 4283 ὲ.
2678 4231 2766 4283 Ἐν
2797 4236 2908 4297 τοῖς
2940 4241 3261 4308 πειρασμοῖς
3290 4238 3399 4311 (56)
3436 4243 3627 4312 φεύγει
3651 4249 3717 4303 τὰ

2137 4319 2316 4387 ἀγαθὰ
2348 4319 2405 4385 ἐξ
2429 4320 2606 4390 ἡμῶν,
2641 4323 2732 4374 καὶ
2757 4326 2991 4396 σιωπᾷή
3021 4326 3166 4400 ψυχὴ
3195 4330 3253 4394 ἐξ
3285 4332 3485 4387 αὐτῶν.
3506 4334 3716 4391 Ἐκεῖνα

449 4424 569 4477 qua:
601 4411 902 4480 cognoscit,
939 4421 991 4465 et
1030 4410 1153 4465 silet
1192 4411 1258 4465 de
1290 4411 1395 4465 illis
1422 4426 1542 4479 qua:
1576 4428 1681 4466 non
1724 4413 2021 4482 cognoscit.

2150 4409 2241 4480 γὰρ
2282 4386 2577 4478 φθέγγεται
2613 4414 2644 4482 ὴ
2677 4414 2822 4485 ψυχὴ
2858 4386 3203 4483 έγιζιῶσὲεἰ,
3237 4386 3339 4475 vacat
3376 4386 3715 4494 cttorrgiob

452 4500 596 4553 Bona
630 4511 810 4554 autem
840 4501 941 4554 hoc
970 4500 1089 4555 loco
1116 4501 1254 4555 dixit
1278 4504 1509 4557 virtutes
1536 4513 1593 4557 et
1618 4503 1876 4558 scientias
1903 4518 2023 4572 quae

451 4591 503 4643 in
533 4600 772 4661 tempore
799 4593 1110 4647 tentationis
1139 4608 1169 4647 a
1199 4603 1407 4650 tentato
1432 4594 1663 4663 fugiunt.

524 4767 682 4821 Vens.
727 4768 779 4820 4.
810 4767 1086 4822 Concaluit
1121 4785 1210 4823 cor
1240 4787 1415 4825 meum
1446 4772 1586 4825 intra
1618 4788 1717 4835 me,
1754 4782 1861 4827 etc.
1885 4772 2021 4828 Cum

2131 4501 2409 4570 γινώσκει,
2459 4504 2662 4572 Ἀγαθὰ
2703 4506 2759 4559 δὲ
2804 4504 2925 4560 εἷπε
2971 4508 3065 4561 νῦν
3103 4510 3201 4572 τὰς
3247 4513 3448 4583 ἀρετὰς
3494 4516 3586 4567 καὶ
3618 4518 3711 4579 τὰς

2128 4594 2359 4663 γνώσεις
2417 4598 2619 4661 αἵτινες
2660 4601 2717 4651 ἐν
2767 4598 2947 4669 καιρῷ
2995 4602 3301 4671 πειρασμοῦ
3362 4605 3711 4675 διαφεύγουσι

2125 4687 2251 4749 τοὺς
2286 4690 2735 4759 πειραζομένους.

2206 4779 2565 4848 Ἐθερμάνθη
2612 4783 2650 4848 ἡ
2688 4781 2899 4848 καρδία
2925 4801 3046 4851 μου
3081 4784 3255 4849 ἐντός
3277 4803 3419 4853 μου,
3453 4799 3506 4841 κ.
3557 4805 3607 4842 τ.
3660 4791 3707 4843 ὲ.

448 4859 541 4913 irae
570 4859 780 4913 daemon
815 4859 1017 4923 instat,
1058 4863 1316 4929 possibile
1359 4873 1443 4916 est
1492 4878 1598 4917 non
1659 4864 1843 4930 irasci,
1887 4864 2025 4921 forte

2150 4868 2356 4924 ιυνατὸν
2392 4870 2488 4940 μὲν
2524 4869 2634 4941 (57)
2669 4870 2762 4922 τοῦ
2797 4873 2893 4943 τῆς
2922 4873 3090 4944 ὀργῆς
3109 4875 3430 4942 ἐπιστάντος
3461 4879 3707 4950 δαίμονος

444 4958 625 5003 autem
664 4949 992 5019 impossibile
1023 4968 1128 5005 non
1165 4953 1566 5009 concalescere.

511 5038 670 5095 γης.
689 5040 741 5096 5.
766 5041 963 5096 Notum
986 5043 1068 5111 fac
1090 5045 1244 5109 milii,
1266 5045 1507 5114 Domine,
1525 5046 1679 5114 ﬁnem
1701 5065 1891 5113 meum,
1910 5062 2017 5107 etc.

514 5182 559 5213 ⁸⁸
585 5179 727 5236 Psal.
757 5197 1017 5247 cxxxvut,
1058 5185 1148 5238 2|.
1245 5186 1292 5216 “
1341 5184 1467 5242 Luc.
1494 5205 1568 5253 vt,
1602 5189 1691 5244 26.

512 5321 626 5391 (55)
666 5321 733 5373 In
764 5320 870 5374 alio
896 5323 1106 5385 quidem
1143 5323 1369 5389 psalmo,
1409 5336 1518 5379 etc.
1558 5326 1765 5381 Catena
1814 5330 2017 5384 Corde-

441 5396 591 5465 riaua
619 5402 673 5445 et
707 5392 825 5465 alia:
846 5411 870 5465 ς.
889 5392 975 5443 Ἑν
1000 5392 1143 5465 ἄλλῳ
1172 5392 1372 5465 ψαλμῷ
1398 5412 1528 5465 φησι
1550 5414 1562 5426 ·
1595 5400 1703 5451 Καὶ
1740 5399 1806 5451 τὸ
1831 5400 2013 5453 Πνεῦ-

435 5460 518 5536 [cci
559 5476 673 5536 σου
720 5460 783 5536 to
829 5460 1004 5536 ῥίγιοῂ
1042 5460 1128 5530 μὴ
1182 5460 1519 5536 ἀιτάὺέλῄς
1572 5469 1673 5521 ἀπ’
1720 5469 1885 5536 ἐμοῦ.
1950 5470 2011 5522 Εἰ

444 5528 679 5608 ξιᾲξιεῖνοι
737 5528 1054 5608 ἀῖτέρῤιψάγ
1096 5528 1293 5608 pani);
1356 5528 1545 5608 νεκρον
1598 5528 2009 5608 ἐϐδελῖδγμένον,

440 5595 577 5676 ἀλλὰ
606 5600 668 5649 σὺ
705 5595 969 5676 excite-tle
1002 5595 1122 5676 inte
1149 5603 1250 5673 τὴν
1277 5595 1543 5676 κραταιάν
1588 5624 1677 5659 σου
1712 5595 1889 5676 χεῖρὶι.
1911 5595 2010 5660 Σοῧ

442 5664 1217 5759 ῖέι,εέρ.ῖεοξίξ⁶ϊῖφς,’ἒιῖίσι;ιιξρρὲ
1244 5664 1350 5759 et
1410 5676 1654 5759 Meet:
1679 5664 1766 5759 ,δὲ
1801 5664 2007 5759 ἒλθροί-

442 5688 551 5735 γαρ
600 5688 864 5737 παροντος
922 5688 1116 5755 σνισχυ
1188 5690 1204 5724 ι
1253 5688 1350 5757 βίαι
1410 5688 1654 5739 ασυενεῐς
1705 5688 1753 5729 οι
1805 5688 2007 5759 ἐχθροί.

440 5734 713 5803 Πρόσχες
749 5740 835 5801 εὶς
874 5755 988 5806 την
1017 5688 1305 5807 ﬂgitium“
1334 5760 1474 5812 μου,
1508 5746 1629 5799 ἐπεὶ
1676 5746 1885 5817 ὲχθρων
1916 5764 2011 5799 πε-

2128 4959 2204 5030 μὴ
2232 4961 2572 5031 ὀργισθῆναι,
2601 4961 2857 5016 ἀδύνατον
2882 4966 2939 5018 δὲ
2968 4967 3107 5037 τάχα
3140 4969 3213 5039 μὴ
3249 4968 3638 5042 θερμανθῆναι.

2199 5054 2510 5122 nuptm.-
2549 5072 2680 5123 μοι,
2717 5058 2922 5126 Κύριε,
2972 5062 3039 5116 τὸ
3078 5062 3262 5131 πέρας
3292 5082 3446 5133 μου,
3480 5084 3533 5118 κ.
3570 5082 3619 5119 τ,
3657 5068 3704 5119 ἑ.

1794 5193 1842 5225 ¹³
1864 5193 2009 5249 Psal.
2046 5211 2096 5259 ι..
2138 5197 2222 5251 I3.

2121 5332 2512 5455 ἕιεστηκότων,
2565 5333 2868 5409 ἀνθρώπων
2914 5356 2972 5392 τε
3027 5342 3279 5423 πονηρῶν
3324 5344 3417 5396 καὶ
3459 5345 3703 5455 defure»

2154 5403 2421 5455 υνάμεων.
2456 5401 2705 5455 Βοηθείαε
2738 5406 2943 5455 δέηααι-
2978 5411 3089 5455 Οὐκ
3117 5412 3336 5455 ἂλλοθεν
3361 5414 3414 5455 82-
3454 5414 3511 5455 Bn
3554 5415 3703 5455 ἢςιηυ

2154 5403 2439 5484 υνάμεωνζ.
2456 5401 2705 5484 βοηθεξαξ
2738 5406 2944 5484 (ἱέρειαι.
2978 5411 3090 5463 Οὐκ
3117 5401 3336 5484 ᾅΪλοΟεν
3361 5414 3415 5466 δὲ
3452 5401 3705 5484 βοῆθειαν

2123 5472 2369 5561 unum?“
2412 5472 2643 5561 ila-capi
2684 5476 2798 5561 σοῦ,
2831 5472 3008 5561 Rupta
3032 5498 3044 5511 ·
3080 5482 3142 5561 of.»
3173 5483 3281 5561 γάέρ
3305 5486 3407 5561 ,ξιαίὶ
3440 5472 3701 5561 ᾆεὸςμτῆς

2121 5543 2392 5664 Ziata-pia;
2431 5534 2530 5613 pou
2565 5534 2869 5615 ἐυγχάνεις.
2906 5534 3270 5621 ΣωτηρίαςἝὲ

2193 5683 2305 5819 (56g
2354 5683 2451 5737 Ἐν
2488 5685 2611 5751 τοῖς
2645 5690 3027 5757 πειρασμοῖς,
3056 5702 3163 5744 etc.
3197 5690 3423 5746 Sehedat.
3454 5692 3664 5751 Grabii.

2193 5750 2282 5819 (57
2342 5753 2610 5809 Διννατὸι·
2633 5757 2771 5819 μέν,
2802 5770 2907 5814 etc.
2938 5762 3121 5814 Codex
3150 5760 3535 5818 Coisliniauus.

2342 5753 2610 5809 Διννατὸι·
2633 5753 2771 5826 μέν,
2802 5753 2907 5814 etc.
2938 5753 3121 5814 Codex
3150 5760 3535 5818 Coisliniauus.
