4110 6456
406 400 424 441 1
438 395 538 442 389

1300 388 1603 443 SISI.ECTA
1644 390 1711 444 IN
1751 383 2079 445 ΡΞΛΙΜΟΒ.
2122 415 2187 424 --
2225 379 2422 437 PSAL.
2468 380 2755 436 XXXVIII.

3519 385 3649 437 1599

405 502 582 570 Πέρας
626 501 740 552 ἐστὶ
922 499 1022 570 τῆς
1063 500 1284 571 λογικῆς
1321 503 1595 575 φύσεωςή
1637 507 1836 573 γνῶσις
1877 509 1967 576 τῆς

2081 499 2228 553 Finis
2257 498 2594 552 rationabilis
2648 506 2852 550 naturae
2904 506 2985 551 est
3035 497 3272 567 cognitio
3302 506 3500 552 sanctae
3532 501 3650 553 'l'ri-

407 590 564 656 ἁγίας
595 588 841 660 Τριάδος.

475 682 649 748 Πλὴν
677 683 749 734 τὰ
779 684 1102 750 σύμπαντα
1138 686 1494 752 ματαιότης,
1528 685 1646 750 πᾶς
1668 687 1976 754 ἅνθρωπος

407 771 546 836 ζῶν,
595 790 647 824 κ.
687 789 736 824 τ.
778 774 823 824 ὲ.
879 773 958 824 Τά
1001 775 1285 843 σωματικά
1318 776 1424 846 (Ξιθ)
1459 779 1633 830 πάντα
1681 778 1975 847 ματαιότης

407 865 574 926 ἐστὶν,
606 865 638 932 ἡ
679 863 784 934 γὰρ
811 863 1097 933 ἀσώματος
1131 865 1290 932 φύσις
1327 868 1446 919 κατ’
1478 869 1660 920 είκόνα
1687 870 1974 939 γεγένηται

406 953 560 1006 Θεοῦ.

478 1044 759 1114 Mercare
810 1047 879 1098 ἐν
929 1049 1113 1100 εἰκόνι
1171 1049 1580 1118 διαπορεύεται
1629 1052 1972 1120 ἄνθρωπος,

408 1151 460 1188 κ.
490 1153 538 1187 τ.
575 1137 622 1188 ὲ.
655 1139 768 1198 Πᾶς
796 1137 1078 1206 ἄνθρωπος
1118 1139 1227 1206 (60)
1259 1140 1365 1204 ζῶν
1395 1144 1452 1193 ὲν
1491 1141 1656 1193 εἰκόνι
1689 1140 1976 1212 διαπορεύ-

407 1241 550 1292 εται,
583 1228 699 1298 ἦτοι
745 1227 837 1280 τοῦ
886 1229 1019 1281 Θεοῦ
1050 1230 1229 1300 τηρῶν
1271 1233 1332 1283 τὸ
1365 1233 1485 1285 κατ’
1534 1235 1747 1300 εἰκόνα,
1793 1236 1882 1286 καὶ
1916 1234 1976 1286 τὸ

407 1319 735 1388 προκόπτειν
760 1320 838 1383 εἰς
865 1320 1193 1390 τελειότητα,
1225 1322 1544 1393 σύμμορφος
1565 1325 1853 1396 γενόμενος
1878 1327 1978 1397 τῆς

407 1411 613 1474 εἰκόνος
643 1412 799 1476 Θεοῦ,
831 1414 862 1483 ἢ
905 1414 1063 1468 ἄλλου
1091 1415 1234 1478 τινὸς
1265 1417 1424 1482 ζώού,
1461 1419 1626 1483 ἵππος
1663 1419 1976 1492 θηλυμανὴς

406 1498 440 1566 ἢ
477 1500 603 1554 ἄλλο
631 1519 682 1554 τι
712 1502 902 1570 ἄλογον
928 1505 1066 1558 κατά
1100 1506 1162 1559 τὸ
1182 1502 1311 1577 ἦθος
1334 1510 1635 1578 γινόμενος.

475 1695 584 1748 Καὶ
612 1694 728 1748 νῦν
758 1694 846 1761 τίς
882 1694 920 1761 ἠ
957 1691 1226 1762 ὑπομονὴ
1253 1707 1412 1759 μου;
1444 1710 1494 1745 κ.
1531 1691 1578 1742 τ.
1617 1691 1662 1741 ὲ.
1690 1687 1758 1739 Σύ
1788 1704 1876 1757 μοι
1909 1683 1969 1736 τὸ

408 1785 660 1840 δύνασθαι
691 1785 799 1857 (61)
831 1786 1015 1856 φέρειν
1043 1785 1348 1854 κεχάρισαι·
1382 1783 1439 1834 τὸ
1478 1781 1639 1852 μηδὲν
1673 1779 1730 1847 ἐξ
1761 1779 1968 1850 ἀνθρω-

2085 590 2288 644 uitatis.

2156 679 2313 734 Vens.
2353 680 2403 732 6.
2457 679 2623 750 690
2683 679 3049 735 Verumtamen
3102 681 3345 734 universa
3405 682 3649 746 vanitas,

2082 774 2250 824 omnis
2283 774 2436 824 homo
2474 774 2788 835 uirens,etc.
2823 773 2960 826 Sunt
2992 774 3238 825 universa
3267 787 3525 840 corporea
3557 789 3652 823 va-

2083 864 2222 915 nitas
2254 880 2267 915 :
2303 879 2426 915 nam
2460 863 2776 932 incorporea
2813 873 2998 916 natura
3029 863 3322 917 secundum
3362 863 3649 932 imaginem

2082 951 2172 1004 Dei
2212 950 2348 1004 facta
2376 960 2478 1008 est.

2163 1037 2526 1093 Verumtamen
2582 1043 2635 1093 in
2689 1041 2913 1108 imagine
2957 1044 3242 1110 pertransit
3301 1043 3488 1106 homo,
3537 1051 3646 1096 etc.

2079 1129 2268 1184 Omnis
2303 1132 2460 1184 homo
2491 1132 2678 1184 vivens
2704 1132 2756 1184 in
2785 1133 3018 1200 imagine
3042 1134 3351 1201 pertransit,
3385 1135 3496 1188 sive
3519 1135 3647 1189 illud

2079 1222 2218 1288 quod
2256 1221 2346 1274 Dei
2371 1231 2452 1276 est
2479 1222 2543 1275 ad
2579 1223 2864 1292 imaginem
2890 1233 3069 1276 servet
3092 1233 3144 1278 et
3168 1225 3235 1277 ad
3260 1225 3648 1292 perfectionem

2080 1310 2665 1378 proticiat,conformis
2693 1313 2868 1367 factus
2889 1315 3108 1385 imagini
3145 1317 3260 1380 Dei,
3284 1318 3396 1370 sive
3428 1317 3650 1372 alterius

2079 1402 2376 1472 cujuspiam
2432 1404 2699 1469 animalis,
2733 1407 2857 1461 dum
2900 1423 3074 1476 equus
3115 1397 3503 1472 admissarius,
3567 1409 3649 1462 vel

2079 1494 2226 1550 aliud
2259 1496 2534 1566 quidpiam
2561 1497 2776 1553 brutum
2801 1499 3000 1553 animal
3033 1503 3276 1556 moribus
3305 1501 3559 1556 eﬂicitur.

2149 1673 2312 1731 Vsus.
2355 1678 2409 1733 8.
2449 1676 2514 1731 Et
2556 1697 2690 1732 nunc
2724 1697 2840 1749 gnte
2889 1691 2967 1734 est
3007 1685 3328 1751 exspectatio
3359 1701 3470 1737 mea
3495 1685 3520 1737 ?
3544 1695 3650 1740 etc.

2076 1769 2154 1823 'l‘u
2186 1773 2312 1824 mihi
2351 1780 2404 1824 ut
2438 1771 2578 1825 ferre
2623 1788 2706 1840 ρο·
2723 1789 2833 1827 sem
2874 1775 3096 1844 largitus
3134 1792 3214 1840 cs,
3263 1777 3332 1829 ita
3368 1789 3422 1830 ut
3451 1793 3514 1830 ex
3547 1771 3648 1832 lin;

407 1880 564 1949 πίνης
606 1877 887 1940 ἀσθενείας
921 1879 1092 1930 εἰπεῖν
1124 1893 1176 1928 τι
1205 1876 1236 1946 ἢ
1271 1875 1484 1944 δρᾶσαι.
1521 1875 1592 1925 Σὺ
1622 1872 1676 1923 δὲ
1712 1871 1806 1924 καὶ
1845 1887 1967 1923 παι-

2081 1878 2236 1915 mana
2269 1862 2582 1916 inﬁrmitate
2614 1864 2749 1916 nihil
2786 1865 3018 1918 dicerem
3054 1866 3134 1918 vel
3163 1865 3414 1921 facerem.
3452 1867 3530 1919 ’l‘u
3565 1883 3649 1923 me

406 1965 593 2029 δεύσας
643 1967 937 2036 ὑποστῆναί
966 1983 1031 2035 με
1063 1965 1156 2018 καὶ
1183 1965 1368 2036 φέρειν
1404 1963 1681 2033 ἐποίησας.
1733 1962 1788 2014 Ὁ
1819 1958 1974 2026 εἰδὼς

406 2052 499 2122 τὴν
533 2053 726 2105 πλάσιν
760 2070 880 2122 μου,
917 2055 1008 2106 καὶ
1040 2053 1134 2123 τὴν
1163 2053 1441 2106 ἀσθένειαν
1469 2049 1759 2119 σύγγνωθι.

479 2145 739 2209 ’Ὀνειδος
769 2144 982 2212 ἄφρονι
1019 2143 1246 2209 ἔδωκάς
1274 2161 1384 2213 με,
1437 2162 1491 2196 κ.
1543 2157 1592 2197 τ.
1645 2147 1691 2197 ὲ.
1733 2144 1975 2214 Ἀφροὰ

404 2252 565 2303 φησιν
597 2235 729 2306 (6'2),
759 2235 815 2287 ὃν
845 2237 934 2288 καὶ
969 2235 1177 2304 φθάσας
1207 2235 1527 2306 ἁμαρτωλὸν
1553 2236 1760 2306 εἴρηκε.
1791 2237 1975 2305 Παρα-

403 2325 578 2378 δὶδωσι
613 2326 667 2380 δὲ
704 2329 732 2378 ὀ
764 2326 895 2389 Θεὸς
927 2329 1005 2389 εἰς
1038 2326 1336 2396 ὀνειδισμὸν
1357 2367 1371 2391 ,
1422 2327 1556 2398 πρὸς
1590 2327 1974 2397 ἐξομολόγησιν

404 2415 653 2485 μείζονα·
688 2417 827 2486 ὅπερ
872 2417 1012 2481 ἀξιοῖ
1054 2418 1126 2489 μὴ
1158 2419 1349 2471 παθεῖν
1394 2421 1423 2470 ό
1467 2417 1640 2472 ταῦτα
1671 2418 1863 2486 λέγων,
1898 2417 1973 2480 ὡς

401 2507 492 2576 ἀφ’
526 2507 716 2560 ἑαυτοῦ
748 2507 1233 2578 ἐξομολογούμενος
1265 2509 1404 2562 κατά
1432 2510 1493 2562 τὸ
1521 2509 1706 2562 δοκοῦν
1736 2509 1813 2578 τῷ
1831 2509 1969 2579 Θεῷ.

485 2686 828 2756 Ἑκωφὼθην
859 2689 957 2741 καὶ
994 2689 1102 2740 οὐκ
1138 2687 1348 2756 ἤνοιξά
1389 2687 1453 2740 τὸ
1492 2688 1685 2754 στόμα
1719 2703 1854 2756 μου,
1885 2687 1972 2740 ὅτι

401 2779 481 2833 σὺ
519 2779 831 2846 ἐποίησας,
867 2795 919 2831 κ.
951 2797 998 2830 τ.
1031 2780 1077 2832 ὲ.
1108 2777 1339 2831 Δύναται
1372 2779 1464 2830 καὶ
1498 2777 1658 2830 τοῦτο
1679 2777 1790 2848 (65)
1833 2777 1972 2830 οὕτω

401 2869 652 2923 νοεῖσθαι·
698 2868 965 2924 Οὐδέποτέ
1001 2886 1081 2921 σοι
1112 2870 1187 2932 ὡς
1218 2869 1365 2922 ἄλλοι
1397 2868 1650 2938 apo-sntiat:
1701 2869 1776 2931 ὡς
1815 2869 1971 2938 αἰτίῳ

399 2961 498 3023 τὰς
529 2959 666 3028 ὲμάς
690 2960 936 3029 ἀνομίας.
973 2960 1064 3022 Εἰς
1091 2958 1244 3012 τοῦτο
1273 2959 1380 3027 γάρ
1409 2959 1661 3010 οὐδέποτε
1702 2959 1762 3010 τὸ
1799 2958 1969 3026 στόμα

403 3069 504 3122 μου
530 3051 736 3122 ἧνοιξα,
761 3049 873 3102 ἀλλ’
904 3051 1222 3119 ἐκωφώθην.

474 3145 601 3195 Ὅτι
649 3141 933 3210 πάροικος
971 3141 1084 3211 ἐγώ
1122 3145 1236 3210 εἰμι
1264 3141 1332 3194 ἐν
1369 3140 1441 3208 τῇ
1472 3140 1547 3209 γῇ
1585 3141 1681 3193 καὶ
1714 3139 1964 3208 παρεπί-

2077 1952 2346 2006 sustiuere
2377 1952 2604 2006 docuisti
2659 1968 2722 2007 ac
2757 1953 2898 2007 ferre
2940 1954 3134 2008 fecisti.
3176 1954 3308 2009 Cum
3339 1957 3551 2011 noveris
3582 1960 3645 2010 li—

2076 2054 2349 2114 gmentnm
2383 2061 2580 2110 meum,
2610 2047 2771 2099 etiam
2805 2047 3158 2100 imbecillitati
3194 2049 3430 2116 ignosce.

2146 2134 2312 2190 Vnus.
2345 2135 2399 2192 9.
2444 2135 2792 2204 Opprobrium
2840 2139 3107 2206 insipienti
3154 2141 3347 2193 dedisti
3388 2157 3484 2203 me,
3535 2151 3642 2196 etc.

2075 2228 2419 2299 lnsipientem
2447 2238 2622 2292 vocat,
2651 2245 2811 2298 quem
2848 2239 3004 2284 antea
3035 2241 3371 2300 peccatorem
3405 2235 3646 2301 appella-

2073 2329 2246 2374 verat.
2292 2319 2483 2374 Tradit
2513 2331 2690 2374 autem
2725 2322 2865 2376 Deus
2895 2323 2944 2374 in
2983 2322 3333 2390 opprobrium
3379 2325 3443 2376 ad
3481 2323 3641 2391 majo-

2079 2427 2188 2467 rem
2225 2412 2627 2466 confessionem
2660 2431 2672 2465 :
2712 2414 2853 2482 quod
2906 2428 2972 2466 ne
3011 2413 3107 2482 ipsi
3169 2415 3400 2476 accidat,
3457 2416 3650 2479 depre—

2075 2513 2227 2557 catur
2253 2504 2296 2557 is
2333 2504 2422 2572 qui
2460 2505 2575 2557 haec
2625 2504 2776 2569 dicit,
2810 2513 2991 2572 utpote
3022 2515 3215 2574 sponte
3240 2521 3333 2558 sua
3369 2506 3649 2560 confessu-

2076 2612 2166 2649 rus
2195 2597 2492 2650 secundum
2529 2595 2923 2663 beueplacitum
2962 2597 3076 2650 Dei.

2148 2686 2309 2741 Vnus.
2344 2687 2430 2741 10.
2469 2686 2716 2741 Obmutui
2747 2701 2792 2740 et
2828 2704 2929 2740 non
2961 2687 3145 2754 aperui
3192 2704 3250 2741 os
3295 2703 3486 2754 meum,
3518 2706 3651 2759 quo-

2074 2779 2214 2832 niam
2246 2790 2300 2830 tu
2327 2778 2520 2848 fecisti,
2545 2787 2651 2834 etc.
2687 2777 2867 2832 Potest
2903 2788 2958 2832 et
2986 2779 3113 2832 illud
3144 2780 3223 2834 sic
3253 2780 3477 2848 intelligi
3509 2781 3651 2834 :Ne-

2072 2885 2342 2940 quaquam
2397 2871 2489 2925 tibi
2533 2879 2590 2923 ut
2626 2871 2834 2925 auctori
2880 2872 3196 2939 iniquitates
3232 2887 3380 2927 meas
3419 2876 3647 2942 ascripsi

2073 2972 2128 3015 ut
2155 2963 2242 3014 alii
2277 2963 2544 3016 fecerunt.
2593 2964 2671 3015 Ad
2725 2963 2824 3016 hoc
2869 2963 3011 3016 enim
3068 2980 3342 3034 nunquam
3374 2981 3434 3020 os
3466 2983 3644 3021 meum

2073 3052 2278 3122 aperui.
2320 3054 2415 3108 sed
2450 3055 2717 3107 obmutui.

2145 3142 2304 3198 Vens.
2349 3145 2435 3199 15.
2476 3143 2741 3208 Quoniam
2786 3146 2988 3198 adrena
3033 3161 3126 3215 ego
3166 3163 3280 3200 sum
3325 3148 3378 3200 in
3421 3159 3562 3202 terra
3597 3162 3646 3206 ct

399 3233 618 3302 δημος,
666 3235 858 3298 καθὼς
895 3232 1116 3300 πάντες
1150 3237 1202 3288 οι
1250 3229 1498 3301 πατέρες
1524 3250 1676 3301 μου,
1721 3251 1774 3286 κ.
1820 3251 1870 3287 τ.
1917 3235 1964 3286 ἐ.

2072 3236 2394 3303 peregrinus,
2427 3236 2562 3288 sicut
2604 3253 2782 3289 omnes
2825 3249 2997 3304 patres
3029 3239 3147 3304 mei,
3191 3247 3296 3292 etc.
3343 3240 3441 3306 Qui
3477 3257 3648 3310 sa‘pe-

411 3322 470 3376 'O
505 3324 761 3387 πολλάκις
792 3323 957 3377 εἰπὼν
993 3323 1136 3395 (64),
1164 3341 1181 3374 ι
1208 3324 1352 3396 Πλὴν
1397 3325 1689 3395 ματαιότης
1732 3328 1836 3389 πᾶς
1879 3326 1969 3380 ἇν-

401 3412 648 3484 θρωπος,
677 3434 694 3464 ι
736 3414 984 3483 ὁμολογεῖ
1013 3413 1270 3484 πάροικος
1301 3409 1438 3466 εἶναι
1462 3455 1476 3478 ,
1513 3415 1706 3486 ἑτέραν
1739 3415 1795 3468 δὲ
1825 3416 1968 3487 ζωὴν

399 3503 713 3574 ἀναψύξεως
741 3501 872 3568 οἶδε,
904 3503 997 3557 καὶ
1038 3505 1174 3575 μετά
1205 3504 1450 3575 δακρύων
1483 3505 1709 3558 ἱκετεύει
1744 3508 1966 3560 σπάνιον

400 3595 542 3648 κατὰ
573 3597 697 3659 τοὺς
728 3596 966 3668 πατέρας
999 3598 1256 3668 πάροικον
1284 3593 1420 3650 εἶναι
1441 3637 1455 3661 ,
1488 3597 1580 3650 καὶ
1618 3602 1689 3668 μὴ
1741 3600 1964 3652 ἐνοικεῖν

399 3691 463 3759 τῇ
494 3687 742 3759 παρούσῃ
777 3687 910 3758 ζωῇ.
955 3688 1078 3740 Ἑάν
1107 3686 1232 3754 οὖν,
1275 3691 1424 3761 φησὶν
1466 3691 1540 3762 μὴ
1577 3693 1718 3762 ἀῆεῇς
1749 3711 1836 3763 μοι
1865 3695 1964 3766 τὴν

399 3779 672 3850 ἁμαρτίαν
689 3818 704 3841 ,
745 3779 839 3830 καὶ
864 3779 1118 3848 ἀναψύξω
1149 3783 1277 3850 πρὶν
1303 3782 1556 3836 ἀπελθεῖν
1580 3785 1716 3847 ἐκεῖ,
1739 3786 1836 3855 οὐχ
1863 3786 1966 3851 ἔξω

403 3868 687 3936 μετανοίας
713 3869 918 3938 καιρὸν,
947 3870 1064 3921 οὐδὲ
1097 3869 1319 3941 ὑπάρξω
1350 3875 1406 3924 ὲν
1438 3877 1502 3943 τῇ
1537 3875 1684 3944 παρὰ
1717 3877 1797 3926 σοι
1829 3877 1962 3945 ζωῇ.

400 3957 508 4020 Ἦ,
551 3958 624 4022 ὼς
670 3959 767 4029 οὐχ
807 3961 1156 4030 ὑπαρχόντων
1234 3963 1600 4034 ἁμαρτωλῶν,
1645 3965 1856 4018 ἔσονται
1891 3965 1966 4028 ὼς

397 4049 498 4100 οὐκ
531 4048 698 4112 ὄντες.

477 4139 584 4192 Τοῦ
604 4141 809 4194 αὑτοῦ.
839 4141 1044 4206 Πάντες
1064 4146 1112 4197 οί
1140 4145 1243 4198 τῶν
1270 4145 1377 4215 (65)
1399 4146 1618 4200 δικαίων
1644 4146 1717 4209 ὡς
1739 4146 1964 4200 δικαίων

401 4231 653 4302 πατέρες,
685 4233 934 4304 πάροικοί
961 4237 1065 4287 εἰσι
1094 4239 1184 4289 καὶ
1211 4238 1596 4308 παρεπίδημοι,
1624 4237 1780 4292 σκιὰν
1804 4239 1966 4310 ἡγού-

403 4340 553 4392 μενοι
578 4325 666 4377 τὸν
699 4325 810 4394 βίον
834 4326 924 4378 τὸν
957 4327 1048 4378 ἐπὶ
1075 4329 1173 4399 τῆς
1205 4329 1326 4399 γῆς.

473 4461 583 4529 (58)
612 4461 800 4528 Πέέςας
826 4463 981 4526 ἐστι,
1011 4476 1112 4520 etc.
1143 4466 1307 4519 Idem.

471 4531 582 4601 (59)
620 4535 693 4601 Τά
727 4534 1051 4601 σωματικά,
1083 4547 1189 4589 etc.
1217 4537 1380 4588 Idem.

475 4600 585 4671 (ου)
613 4600 737 4667 [hic
776 4600 1102 4670 ἅνθρωπος,
1140 4615 1244 4657 etc.
1303 4605 1504 4658 Catena
1547 4606 1816 4669 Corderii,
1869 4604 1960 4657 sed

403 4669 642 4736 pleniora
677 4674 836 4724 habet
875 4669 1076 4727 Catena
1111 4673 1332 4726 Barbari
1363 4693 1374 4727 :
1402 4675 1586 4729 Omnis
1616 4677 1768 4728 Ιιοηιο
1791 4675 1960 4727 virens

401 4737 455 4811 in
486 4740 709 4806 imagine
742 4745 1050 4807 pertransit,
1088 4746 1162 4797 vel
1194 4758 1452 4811 quatenus
1485 4748 1536 4797 id
1557 4754 1742 4805 seruat
1781 4755 1830 4796 et
1884 4760 1964 4796 re-

401 4806 527 4882 tinet
555 4812 692 4882 quod
723 4806 894 4882 estad
911 4811 1012 4882 Dei
1044 4806 1344 4882 imaginem,
1395 4817 1482 4882 qui
1513 4816 1798 4880 pertransit
1845 4830 1963 4878 pro-

399 4875 643 4952 liciendo,
675 4887 777 4952 hoc
803 4881 854 4952 in
883 4881 1083 4952 divina,
1114 4875 1338 4951 imagine
1383 4875 1532 4952 facit,
1583 4900 1700 4936 cum
1740 4887 1806 4935 sit
1845 4875 1964 4934 con-

399 4942 581 5022 [armis
618 4945 833 5022 imagini
875 4945 1007 5022 Filii
1053 4951 1186 5015 Dei;
1219 4942 1318 5004 ἰει
1365 4942 1620 5022 quatenus
1660 4953 1858 5022 similis
1889 4961 1961 5002 est

400 5013 563 5091 aticui
604 5013 842 5091 animati,
880 5018 1142 5091 vetiequo
1168 5013 1387 5074 tantore'
1412 5023 1626 5091 furenti,
1669 5025 1744 5075 vel
1779 5021 1966 5074 bellum

398 5082 560 5135 alicui
597 5083 744 5151 cujus
779 5101 942 5138 mores
973 5082 1224 5141 imitetur.

468 5151 585 5225 (iii)
615 5153 698 5225 Σύ
720 5172 823 5222 μοι
857 5157 924 5209 τὸ
953 5157 1265 5225 δύνασθαι,
1306 5170 1412 5216 etc.
1443 5162 1640 5218 Catena
1669 5160 1937 5216 Corderii.

617 5221 872 5296 Ἅφρονά
897 5244 1107 5296 φησιν,
1143 5221 1261 5284 etc;
1286 5231 1503 5286 Eadem.

465 5289 581 5362 (63)
607 5289 857 5349 Δύὶειιται
889 5289 986 5350 alat
1012 5298 1207 5360 τοῦτο,
1245 5313 1350 5355 etc.
1381 5301 1604 5358 Eadem.

465 5363 581 5433 (64)
621 5364 675 5416 Ὁ
711 5366 1006 5432 πολλάκις
1051 5368 1250 5432 εἰπών,
1314 5380 1418 5424 etc.
1467 5371 1689 5426 Eadem.
1725 5373 1779 5425 in
1818 5373 1959 5425 hunc

395 5445 577 5490 autem
603 5447 814 5489 versum
842 5439 987 5491 aliud
1011 5439 1255 5493 scholion
1281 5441 1443 5496 habet
1463 5443 1664 5497 Catena
1698 5444 1953 5497 Barbari:

393 5507 599 5582 Causas
623 5515 825 5582 narrat.
855 5507 1040 5582 quibus
1073 5508 1168 5562 Dei
1207 5512 1566 5564 misericordia
1593 5515 1780 5582 dignus
1805 5512 1958 5564 homo

394 5575 588 5626 censeri
629 5576 832 5631 debeat.
890 5575 1022 5642 Quis
1079 5582 1214 5633 enim
1252 5583 1449 5650 estqui
1511 5575 1734 5636 incolam
1801 5597 1955 5634 suum

2076 3340 2299 3379 numero
2338 3326 2506 3389 dixit,
2549 3326 2914 3379 Verumtamen
2965 3330 3170 3382 vanitas
3225 3332 3393 3384 omnis
3451 3333 3641 3399 homo,

2076 3419 2276 3470 l'atetur
2309 3431 2366 3471 se
2399 3418 2658 3472 advenam
2693 3434 2844 3481 esse;
2888 3419 3116 3473 alteram
3149 3431 3328 3474 autem
3356 3423 3646 3493 refrigera-

2075 3505 2233 3558 tionis
2275 3506 2439 3558 vitam
2488 3508 2670 3570 novit,
2730 3518 2784 3562 et
2836 3523 2957 3562 cum
3006 3508 3256 3580 lacrymis
3295 3523 3546 3579 precatur
3587 3528 3646 3569 ut.

2077 3613 2232 3650 rarus
2265 3597 2336 3650 sit
2368 3601 2666 3652 secundum
2725 3609 2907 3666 patres
2944 3601 3150 3654 advena
3175 3642 3188 3666 ,
3241 3612 3293 3656 et
3343 3619 3447 3656 non
3487 3606 3644 3660 inha-

2072 3687 2207 3743 bitet
2259 3690 2420 3741 vitam
2476 3700 2816 3757 praesentem.
2876 3689 2989 3745 Nisi
3052 3691 3246 3760 igitur,
3299 3695 3509 3763 inquit,
3566 3698 3649 3751 di-

2073 3783 2285 3837 miseris
2329 3784 2457 3837 mihi
2496 3795 2802 3853 peccatum,
2851 3793 2907 3840 et
2951 3785 3306 3858 refrigeratus
3350 3789 3502 3844 fuero
3550 3810 3647 3847 an-

2075 3884 2286 3942 tequam
2323 3889 2388 3928 eo
2428 3875 2647 3941 vadain,
2675 3893 2778 3930 non
2818 3878 3029 3932 habebo
3069 3889 3276 3948 tempus
3322 3883 3642 3950 paenitendi,

2074 3978 2248 4030 neque
2282 3964 2336 4017 in
2372 3965 2478 4018 vita
2519 3965 2607 4018 illa
2644 3967 2784 4032 apud
2824 3977 2873 4022 te
2925 3984 3098 4037 agam.
3138 3969 3271 4032 Vel,
3323 3974 3475 4039 quasi
3538 3993 3642 4029 non

2073 4051 2338 4106 exsistant
2360 4059 2694 4118 peccatores,
2727 4062 2891 4106 erunt
2918 4056 3073 4121 quasi
3105 4071 3211 4107 non
3242 4056 3372 4110 sint.

2145 4137 2417 4207 Ejusdem.
2469 4139 2670 4195 Omnes
2710 4140 2980 4207 justorum
3027 4151 3085 4194 ut
3133 4143 3405 4210 justorum
3461 4154 3641 4212 patres

2073 4231 2292 4285 advena:
2327 4240 2453 4284 sunt
2486 4241 2534 4284 et
2570 4232 2872 4299 peregrini,
2908 4234 3153 4287 umbram
3209 4242 3520 4302 reputantes
3565 4235 3643 4287 vi-

2075 4332 2180 4375 tam
2225 4338 2342 4390 qua:
2377 4332 2457 4376 est
2484 4339 2644 4391 super
2674 4333 2896 4376 terram.

1999 4473 2040 4525 ῃ
2072 4476 2173 4512 non
2227 4459 2581 4530 misericordia
2616 4465 3002 4530 prosequatur?
3041 4462 3144 4516 Sed
3173 4479 3266 4515 cur
3316 4463 3514 4528 incola,
3547 4475 3640 4519 aut

2071 4531 2267 4600 advena
2317 4529 2467 4580 hoino
2513 4543 2587 4582 εει
2617 4531 2641 4581 ἔ)
2684 4529 2943 4594 Quoniam
2981 4534 3190 4599 quando
3213 4532 3432 4600 jusserit
3473 4534 3634 4600 Deus,

2069 4598 2224 4649 homo
2285 4600 2472 4664 migrat
2529 4609 2775 4667 tanquam
2833 4601 2894 4651 de
2925 4598 3078 4653 domo
3113 4603 3167 4652 in
3210 4598 3420 4654 aomum
3451 4605 3513 4655 ab
3545 4598 3640 4656 hoc

2069 4667 2262 4740 διεσμΙο
2289 4669 2341 4718 in
2363 4670 2622 4740 futurum.
2651 4669 2908 4721 Craterum
2935 4688 3036 4722 non
3065 4671 3488 4740 ἐπίδημος,(μιοιί
3514 4673 3640 4725 sim-

2067 4737 2272 4810 piiciter
2317 4738 2643 4802 peregrinum
2685 4750 2864 4800 sonat,
2913 4740 3002 4810 sed
3051 4737 3430 4810 παρεπίδημον
3482 4745 3639 4796 dixit.

2075 4805 2215 4878 {iam
2265 4809 2498 4878 quandiu
2559 4823 2754 4874 corpus
2815 4805 3149 4872 incolimus,
3201 4805 3640 4878 que-inalnmluvn

2076 4873 2277 4946 Paulus
2328 4877 2426 4938 ait,
2471 4873 2880 4946 peregrinantur
2930 4894 2956 4928 ιι
2996 4873 3242 4933 Domino.
3288 4878 3438 4931 Unde
3472 4884 3641 4934 sancti

2063 4943 2184 4996 hinc
2214 4943 2482 5012 emigrare
2507 4943 2848 5017 festinarunt,
2873 4958 2923 4998 ut
2962 4964 3078 5000 cum
3111 4952 3218 5002 Deo
3241 4949 3596 5002 inhabitarent
3622 4991 3638 5017 ,

2065 5029 2194 5082 quos
2225 5026 2398 5078 patres
2428 5031 2573 5078 suos,
2607 5032 2710 5068 non
2750 5016 2914 5084 juxta
2949 5034 3158 5070 carnem
3194 5029 3416 5074 tantum.
3455 5021 3543 5073 sed
3578 5016 3640 5073 ob

2062 5084 2268 5156 similes
2289 5087 2500 5137 virtutes
2540 5087 2792 5152 prop/tetu
2825 5089 3135 5141 nominavit.
3169 5090 3232 5141 Et
3267 5089 3497 5156 amplius
3531 5107 3637 5143 non

2065 5169 2178 5206 ero.
2219 5151 2358 5205 Nam
2392 5151 2755 5220 peccatoribus
2780 5157 2990 5222 perinde
3038 5174 3098 5210 ac
3122 5175 3221 5210 non
3250 5151 3375 5221 sint,
3409 5160 3639 5212 dicitur:

2063 5233 2504 5295 crnnt‘tanqnam
2530 5225 2618 5291 qui
2655 5241 2758 5276 non
2793 5238 2940 5278 sunt.
2975 5227 3038 5279 Et
3069 5245 3088 5278 .'
3113 5245 3172 5281 ea
3203 5245 3321 5295 qua:
3356 5245 3458 5280 non
3489 5242 3636 5292 smn,

2067 5292 2278 5362 vocavit
2314 5294 2470 5352 Deus,
2511 5303 2766 5361 tanquam
2804 5311 2865 5346 ea
2898 5311 3016 5362 quae
3047 5311 3193 5350 sunt.
3221 5292 3408 5360 'Quare
3447 5298 3632 5349 Domi-

2068 5376 2188 5411 num
2237 5361 2400 5414 Deum
2440 5371 2672 5414 nostrum
2707 5361 3114 5432 subsequantur,
3148 5368 3412 5434 eidemque
3460 5368 3636 5419 adlue-

2066 5445 2292 5494 reamus.
2322 5444 2374 5483 ut
2411 5449 2523 5484 vere
2553 5450 2661 5485 esse
2696 5434 2972 5500 possimus.

2137 5501 2246 5572 ((55)
2283 5500 2511 5567 Πάντες
2545 5507 2595 5555 οἱ
2624 5501 2761 5569 τῶν,
2791 5514 2899 5558 ctc.
2932 5504 3108 5559 Codex
3143 5503 3526 5560 Coislinianus.
