4110 6418
498 341 628 395 1⁸591

516 491 835 506 *ιιι-ι’*

1912 343 2001 400 Bx
2042 331 2346 405 ORIGENE

3619 358 3756 411 1592

1418 625 2001 719 ORIGENIS
2042 628 2817 721 EXPLANATIO

1173 783 1378 859 Super
1430 782 1742 858 psalmum
1794 779 2205 858 trigesimum
2247 787 2582 855 octavum,
2624 783 2733 862 qui
2797 784 3085 845 dicitur:

1712 879 1842 933 Di:ri
1859 880 2203 937 :Cuslodiam
2228 882 2339 934 vias
2375 898 2536 936 meas.

2068 1022 2139 1039 .-

906 1152 1066 1223 691
1104 1151 1383 1207 IIOMILIA
1416 1150 1649 1206 PRIMA.

567 1245 719 1300 Sicut
764 1259 905 1299 unus
954 1245 1115 1299 homo
1168 1246 1383 1315 prolicit
1442 1245 1736 1299 secundum
1789 1244 2073 1312 Deum,et

494 1337 735 1390 studium
784 1335 888 1390 sibi
922 1336 1191 1391 adhibens
1237 1336 1430 1391 melior
1473 1336 1651 1405 seipso
1697 1335 1961 1400 edicitur,
2001 1336 2070 1389 ita

493 1429 657 1482 etiam
707 1428 904 1496 populo
940 1428 1191 1481 universo
1239 1427 1542 1481 accidebat.
1572 1426 1801 1496 Propter
1842 1427 1984 1495 quod
2018 1436 2073 1481 et

516 1532 613 1585 pso
644 1518 1002 1587 proliciente,
1037 1518 1199 1571 etiam
1245 1516 1375 1585 legis
1416 1517 1467 1569 ei
1499 1517 1660 1571 ﬁebat
1695 1526 2067 1587 augmentum.

478 1612 742 1682 Denique
786 1614 1060 1682 quomodo
1105 1612 1155 1665 in
1205 1612 1321 1681 lege
1365 1613 1624 1682 scriptum
1656 1624 1769 1678 est,
1803 1625 2071 1686 prtecepta

495 1705 738 1773 qumdam
785 1704 1158 1759 sacerdotibus
1189 1713 1315 1758 sunt
1349 1715 1401 1758 et
1442 1704 1649 1761 Levitis
1687 1708 1753 1761 de
1785 1709 2070 1764 sacriﬁciis

479 1794 814 1862 .czcterisque
834 1794 1170 1849 solemnibus
1200 1811 1214 1846 :
1267 1809 1451 1849 verum
1492 1810 1613 1850 cum
1649 1798 1936 1865 proliceret
1971 1814 2067 1869 po-

482 1884 650 1953 pulus
677 1897 740 1937 eo
777 1892 1022 1953 tempore
1052 1900 1159 1953 quo
1196 1885 1370 1938 iuerat
1398 1887 1444 1939 ei
1479 1888 1652 1942 virtus
1695 1889 1871 1945 adhuc
1904 1890 2071 1957 ptoli~

494 1974 695 2040 ciendi,
724 1989 830 2029 non
873 1976 1022 2029 stetit
1050 1990 1136 2029 res
1164 1976 1216 2029 in
1246 1976 1336 2029 illo
1365 1977 1542 2045 primo
1567 1980 1786 2043 ordine,
1823 1982 1916 2036 sed
1953 1982 2071 2036 alli~

486 2076 631 2134 gntae
656 2076 781 2120 sunt
823 2066 925 2121 illis
964 2068 1351 2123 eminentiores
1395 2071 1640 2138 quaedam
1698 2072 2068 2140 legislatioues

492 2157 734 2209 secundo
775 2165 831 2210 et
869 2158 1048 2212 tertio.
1084 2158 1148 2211 Et
1189 2160 1233 2214 si
1270 2160 1395 2227 quis
1442 2163 1556 2215 vult
1606 2165 1749 2219 scire
1782 2181 1901 2235 qum
1943 2176 2068 2222 sunt

495 2246 596 2298 ista
624 2262 744 2315 quae
774 2248 840 2300 de
882 2250 1254 2306 sacerdotibus
1304 2268 1367 2307 ac
1405 2253 1611 2309 Levitis
1659 2257 1873 2324 adjecta
1932 2259 2063 2323 sint,

496 2336 635 2405 legat
668 2338 899 2406 primum
932 2338 1130 2394 librum
1174 2341 1623 2412 Paralipomenon
1648 2386 1663 2411 ,
1697 2356 1751 2401 et
1799 2348 2068 2417 patienter

497 2429 984 2499 inspiciatomuem
1016 2431 1162 2486 illum
1205 2436 1505 2506 catalogum
1544 2437 1855 2504 nominum,
1896 2452 1950 2493 et
1982 2439 2065 2492 in-

491 2525 673 2577 veniet
703 2523 773 2578 ibi
795 2525 1173 2581 admirandum
1197 2531 1489 2596 quemdam
1517 2531 1765 2585 ordinem
1798 2539 1851 2586 et
1876 2530 2062 2585 distrio

492 2615 766 2668 hutiouem
800 2616 1166 2686 tribuumpro
1197 2634 1294 2674 suo
1337 2636 1555 2691 quoque
1591 2622 1808 2676 nomine
1847 2630 1901 2677 et
1944 2622 2063 2676 loco

490 2706 819 2773 prmcipuum
862 2706 989 2775 quid
1016 2708 1080 2762 in
1112 2710 1340 2765 solemni
1385 2712 1579 2767 ordine
1624 2725 1744 2766 esse
1787 2710 2059 2765 sortitam.

476 2796 598 2851 Sed
628 2808 682 2852 et
709 2797 920 2852 Levitas
944 2808 999 2853 et
1028 2806 1345 2856 sacerdotes
1393 2801 1634 2856 inveniet
1680 2802 1913 2856 diversis
1947 2800 2063 2856 olli-

488 2890 588 2944 ciis
616 2899 777 2959 atque
804 2891 1090 2946 ordinibus
1128 2892 1453 2947 distributos
1481 2892 1528 2923 '°
1557 2929 1575 2956 ,
1614 2900 1676 2945 ut
1713 2891 1803 2946 alii
1841 2893 2057 2961 quidem

478 2978 598 3033 sint
627 2980 693 3033 ad
718 2980 1038 3048 aperiendas
1063 2980 1263 3051 januas
1289 2980 1470 3049 templi
1498 2982 1797 3049 praepositi,
1828 2982 1918 3035 alii
1942 2983 2064 3052 qui-

490 3070 589 3124 bus
641 3069 824 3126 claves
873 3071 1171 3126 creduntur
1194 3113 1209 3138 ,
1244 3071 1366 3125 aliis
1414 3071 1806 3128 sacrificiorum
1838 3082 1893 3129 et
1928 3074 2060 3128 alta-

486 3160 624 3213 rium
650 3174 778 3214 cura
810 3161 1188 3215 committitur.
1241 3159 1305 3213 Et
1351 3159 1519 3214 multa
1554 3171 1679 3216 sunt
1710 3178 1831 3233 qua:
1874 3180 1940 3219 ex
1994 3163 2060 3219 il-

483 3250 589 3309 lius
616 3252 735 3307 libri
772 3251 1319 3320 historiapossumus
1366 3250 1549 3307 dicere
1590 3253 1656 3308 de
1698 3255 2057 3311 sacerdotali-

482 3342 585 3399 bus
641 3343 924 3398 institutis.
968 3340 1024 3395 Si
1081 3340 1205 3409 quis
1238 3355 1369 3410 ergo
1416 3342 1685 3413 inspicere
1716 3355 2056 3418 potestquo-

475 3436 641 3489 .ntodo
682 3432 979 3503 exemplari
1009 3471 1024 3496 ,
1056 3440 1112 3486 et
1156 3434 1360 3488 umbra:
1390 3434 1694 3491 caelestium
1741 3437 2057 3496 deserviunt

475 3525 650 3580 Judzei
685 3526 764 3590 ",
809 3523 1067 3579 ascendat
1099 3524 1164 3577 ab
1200 3524 1444 3579 inferiori
1484 3528 1635 3582 verbi
1672 3529 1949 3599 crepidine
1988 3534 2055 3587 ad

482 3630 694 3669 summa
727 3614 842 3684 ejus
872 3630 937 3669 ac
967 3614 1248 3683 superiora
1276 3615 1491 3686 fastigia
1513 3658 1529 3683 ,
1566 3628 1621 3673 et
1657 3621 2056 3691 contempletur

479 3722 544 3760 ex
577 3706 640 3760 iis
686 3705 855 3758 futuri
886 3707 1180 3761 sacerdotii
1219 3716 1421 3762 statum
1454 3716 1509 3763 et
1548 3709 1870 3765 electionem
1908 3710 2052 3767 illam

2100 1156 2146 1211 Α
2175 1164 2295 1206 esse
2326 1167 2389 1206 ex
2417 1152 2502 1207 his
2523 1152 2721 1221 quibus
2761 1152 3086 1221 hymnorum
3129 1149 3366 1205 studium
3400 1150 3495 1205 Dei
3539 1166 3603 1207 ac
3633 1152 3735 1208 sol-

2172 1244 2394 1299 licitudo
2422 1243 2710 1299 commissa
2741 1251 2845 1296 est.
2878 1240 3129 1309 Oportuit
3164 1256 3293 1311 ergo
3317 1256 3415 1297 nos
3458 1243 3748 1298 invenien-

2174 1346 2253 1391 tes
2286 1337 2388 1391 hoc
2413 1351 2608 1391 nomen
2647 1335 2837 1405 psalmi
2869 1333 3255 1404 superscripti,
3289 1334 3579 1389 ostendere
3617 1336 3744 1403 quis

2173 1427 2335 1481 fuerit
2364 1428 2466 1481 iste
2490 1426 2723 1479 ldithum
2743 1465 2757 1489 ,
2790 1435 2843 1481 et
2866 1424 3136 1494 quomodo
3161 1426 3526 1495 postprimam
3546 1424 3745 1492 legem,

2172 1518 2405 1572 secunda
2436 1516 2574 1571 facta
2602 1517 2674 1570 sit
2704 1517 2769 1571 de
2799 1516 3267 1570 observationibus
3309 1516 3746 1570 sacerdotalibus

2170 1608 2458 1663 ordinatio.
2504 1608 2656 1677 Apud
2704 1607 2924 1662 Graecos
2966 1607 3270 1675 quicunque
3335 1606 3613 1670 carmina,
3658 1608 3745 1661 vel

2171 1716 2332 1756 sonos
2396 1702 2629 1756 musicos
2693 1698 3144 1765 conscribebant,
3186 1698 3385 1768 quibus
3438 1700 3519 1754 eis
3570 1701 3743 1754 visum

2170 1792 2357 1847 fuisset
2395 1793 2448 1846 in
2477 1807 2647 1862 agone
2692 1806 2754 1846 ea
2800 1792 3038 1845 canenda
3067 1791 3439 1861 prmstabant:
3477 1801 3531 1845 et
3578 1791 3744 1847 fiebat

2169 1895 2229 1937 ttt
2251 1884 2389 1940 alius
2425 1886 2643 1953 quidem
2672 1894 3030 1938 coronaretur
3058 1884 3109 1936 iu
3152 1897 3360 1952 agone,
3397 1883 3534 1937 alius
3560 1893 3739 1937 autem

2169 1977 2363 2032 victori
2399 1976 2769 2032 conscriberet
2813 1988 3058 2031 carmen.
3091 1973 3149 2027 lu
3189 1974 3418 2028 Psalmis
3454 1990 3579 2044 ergo
3623 1974 3742 2044 (66)

2169 2068 2363 2122 divinae
2402 2068 2694 2135 Scripturae
2724 2067 3031 2134 quicunque
3060 2066 3410 2133 superscripti
3442 2066 3738 2119 secundum

2169 2158 2868 2229 Septuagintainterpretes
2889 2198 2902 2222 ,
2932 2159 2987 2211 in
3010 2158 3189 2226 ﬁnem,
3232 2158 3371 2226 apud
3405 2157 3539 2211 alios
3574 2159 3739 2210 victo-

2168 2250 2348 2313 riales,
2380 2250 2462 2303 vel
2492 2250 2560 2303 ad
2581 2250 2869 2314 victoriam,
2897 2250 2980 2304 vel
3008 2250 3194 2303 victori
3219 2249 3565 2302 attitulantur
3591 2287 3608 2313 ,
3640 2264 3740 2317 pro

2166 2355 2232 2395 eo
2263 2340 2510 2396 videlicet
2553 2342 2696 2411 quod
2722 2342 2867 2396 velut
2908 2342 3149 2395 victoriae
3191 2340 3308 2395 laus
3357 2342 3409 2393 in
3443 2340 3577 2410 ipsis
3605 2340 3737 2395 infe-

2173 2437 2345 2483 ratur.
2402 2430 2552 2487 Fecit
2605 2446 2734 2503 ergo
2784 2432 2950 2487 David
2989 2432 3174 2486 divino
3229 2430 3435 2501 Spiritu
3495 2429 3731 2499 repletus

2167 2521 2432 2589 psalmum
2462 2523 2607 2578 hunc
2628 2564 2643 2591 ,
2673 2533 2729 2578 et
2757 2524 2903 2579 dedit
2943 2523 3177 2578 ldithum
3203 2564 3217 2588 ,
3255 2524 3340 2578 cui
3372 2521 3608 2578 ofﬁcium
3644 2538 3738 2577 ca~

2169 2611 2331 2665 nandi
2389 2610 2499 2666 Deo
2555 2611 2792 2682 hymnos
2850 2611 3028 2666 fuerat
3087 2613 3419 2682 iniunctum,
3479 2620 3735 2681 tanquam

2166 2704 2382 2773 pollenti
2423 2705 2475 2760 in
2501 2707 2808 2775 hujusmodi
2844 2707 3156 2776 disciplina.
3214 2705 3279 2759 Et
3324 2706 3445 2763 ideo
3473 2722 3605 2777 ergo
3636 2723 3734 2762 su-

2163 2797 2547 2864 perscribitur:
2588 2798 2654 2851 ln
2686 2799 2843 2866 ﬁnem
2877 2814 2971 2867 pro
3008 2797 3245 2851 ldithum
3280 2797 3516 2866 psalmus
3547 2798 3734 2853 David.

2233 2890 2285 2944 '5.
2323 2890 2429 2945 Sed
2466 2904 2608 2945 nunc
2643 2890 2754 2959 jam
2818 2891 3099 2945 videamus
3148 2890 3279 2959 quid
3334 2904 3439 2945 vox
3493 2891 3736 2961 proferat

2159 2982 2331 3052 justi,
2370 2991 2422 3036 et
2449 2982 2693 3036 videntes
2729 2991 2986 3050 tanquam
3023 2983 3076 3036 in
3122 2981 3339 3051 speculo
3376 2982 3735 3050 nosmetipsos

2166 3072 2480 3127 intueamur
2526 3073 2570 3127 si
2606 3073 2876 3141 possimus
2925 3072 3058 3127 tales
3096 3086 3250 3139 esse,
3290 3080 3383 3127 aut
3429 3074 3473 3128 si
3505 3073 3731 3127 multum

2160 3163 2316 3218 nobis
2350 3164 2536 3228 deest,
2582 3173 2675 3218 aut
2725 3173 2871 3218 certe
2913 3163 3025 3233 jam
3078 3165 3309 3232 proximi
3356 3179 3578 3231 sumus,
3608 3164 3736 3219 licet

2159 3256 2393 3309 nondum
2420 3255 2577 3323 plene
2598 3255 2832 3310 assecuti
2866 3269 3072 3309 sumus.
3102 3256 3368 3321 Quoniam
3402 3255 3566 3324 igitur
3596 3255 3732 3308 mul-

2160 3354 2336 3400 torum
2361 3346 2474 3417 (67)
2498 3356 2841 3416 peccatorum
2867 3347 3079 3400 initium
3113 3348 3378 3401 humanus
3408 3357 3489 3401 est
3525 3360 3728 3413 sermo,

2157 3444 2210 3491 et
2259 3452 2320 3491 os
2373 3447 2619 3491 nostrum
2671 3436 2854 3491 multis
2907 3436 3068 3491 malis
3113 3437 3428 3503 ministrat,
3475 3446 3531 3492 et
3574 3438 3730 3494 valde

2156 3528 2375 3583 difficile
2396 3539 2477 3585 est
2505 3529 2737 3582 inveniri
2770 3529 3049 3583 hominem
3074 3568 3089 3591 ,
3116 3528 3206 3597 qui
3236 3543 3341 3582 una
3373 3528 3561 3583 saltem
3595 3530 3726 3584 hora

2154 3634 2217 3675 os
2250 3635 2408 3674 suum
2434 3630 2487 3674 et
2517 3620 2751 3690 linguam
2780 3634 2930 3674 suam
2960 3623 3216 3676 observet
3249 3636 3279 3675 a
3313 3629 3535 3691 peccato
3558 3658 3574 3685 ,
3611 3622 3726 3676 ait:

2156 3712 2630 3767 Dixi:Custodiam
2664 3716 2775 3768 vias
2804 3731 2977 3780 meas,
3008 3724 3065 3768 ut
3097 3731 3200 3769 non
3231 3732 3434 3784 peccem
3462 3717 3516 3770 in
3549 3716 3728 3786 lingua

479 3795 794 3858 caelestem,
825 3806 990 3864 atque
1018 3796 1147 3850 inibi
1185 3798 1639 3867 contemplabitur
1686 3801 1777 3869 qui
1809 3810 1936 3855 sunt
1966 3802 2051 3856 isti
2081 3829 2123 3885 ε
2157 3819 2293 3856 mea.
2336 3802 2468 3859 Mihi
2515 3806 2616 3874 ipsi
2656 3806 2765 3859 dixi
2787 3845 2802 3871 ,
2831 3815 2887 3860 et
2926 3807 3068 3861 intra
3126 3822 3211 3861 me
3248 3808 3462 3862 locutus
3494 3823 3610 3862 sum
3631 3850 3646 3875 ,
3675 3819 3730 3863 ct

478 3885 700 3938 ordines
754 3886 1155 3953 sacerdotales,
1196 3889 1283 3943 vel
1326 3905 1445 3959 qua:
1479 3891 1587 3944 sint
1632 3890 1805 3944 ofﬁcia
1841 3890 2053 3945 Levita-

480 3990 597 4028 rum
630 3990 749 4043 quae
794 3976 847 4029 in
879 3976 1193 4034 caelestibus
1244 3980 1562 4035 ministeriis
1593 3981 1924 4035 exhibentur
1946 4022 1963 4049 ,
1998 3990 2054 4035 et

479 4067 665 4120 omnia
695 4067 746 4120 in
781 4067 933 4123 caelis
970 4080 1150 4125 mente
1174 4070 1461 4140 conjiciet,
1495 4088 1615 4142 quae
1645 4072 1888 4142 deposita
1920 4073 2053 4127 vidit

481 4159 533 4210 in
569 4157 750 4211 terris.
782 4158 897 4213 Erit
947 4160 1088 4214 enim
1136 4170 1191 4217 et
1236 4162 1306 4216 ibi
1340 4163 1602 4232 populus,
1657 4176 1711 4217 et
1740 4178 1807 4217 ex
1853 4163 2051 4234 populo

482 4249 573 4302 Dei
629 4249 788 4304 electi
825 4250 1125 4317 Levitae,et
1163 4267 1229 4307 ex
1269 4254 1353 4309 his
1401 4270 1613 4309 rursum
1654 4255 1809 4309 electi
1837 4265 1891 4309 et
1934 4256 2051 4310 exi-

480 4339 572 4393 mii
622 4342 962 4409 sacerdotes,
1011 4350 1064 4395 et
1112 4344 1455 4399 sacerdotum
1505 4344 1854 4400 nihilominus
1900 4342 2053 4398 dill‘e—

479 4433 669 4487 rcntiae
710 4434 1153 4502 quamplurima:
1187 4436 1327 4489 sicut
1367 4436 1425 4489 in
1461 4437 1634 4506 primo
1674 4436 1815 4489 libro
1843 4434 2048 4488 Parali-

480 4538 747 4592 pomenon
779 4524 1053 4578 indicatur
1081 4525 1265 4596 viginti
1294 4538 1527 4595 quatuor
1549 4542 1671 4582 esse
1705 4526 1928 4581 ordines
1961 4540 2054 4579 sa-

480 4618 757 4668 cerdotum
781 4657 796 4683 ,
827 4616 964 4670 alios
1020 4616 1237 4684 quidem
1279 4619 1378 4673 sub
1408 4618 1695 4683 Eleazaro,
1732 4618 1867 4672 alios
1920 4632 2051 4672 vero

479 4704 578 4756 sub
624 4704 867 4775 principe
904 4705 1165 4774 Ithamar,
1199 4723 1425 4777 quorum
1461 4718 1515 4763 et
1560 4708 1895 4778 Ephemerite
1927 4722 2050 4763 esse

479 4794 752 4848 dicuntur.

547 4884 599 4937 2.
632 4883 737 4939 Sed
788 4888 931 4941 dicat
977 4890 1171 4959 aliquis
1224 4890 1470 4946 fortassis
1513 4890 1857 4944 auditorum:
1912 4891 2049 4959 Quid

478 4974 590 5027 haec
620 4978 891 5043 pertinent
914 4980 978 5033 ad
1010 4981 1317 5048 psalmum?
1345 4980 1671 5035 Plurimum.
1703 4980 1835 5034 Nam
1861 4998 2049 5052 super-

480 5066 709 5134 scriptio
763 5078 846 5121 est
892 5069 1049 5139 hujus
1092 5071 1311 5139 psalmi.
1362 5069 1430 5123 In
1460 5071 1616 5138 ﬁnem
1665 5087 1759 5139 pro
1809 5070 2047 5125 ldithum

2158 3896 2273 3949 haec
2321 3896 2501 3950 addidi
2532 3917 2541 3950 :
2597 3895 2689 3951 Sic
2722 3897 2846 3952 volo
2889 3912 3115 3954 servare
3159 3898 3276 3953 vias
3311 3914 3491 3964 meas,
3529 3910 3585 3953 ut
3618 3914 3724 3954 non

2156 3999 2373 4053 peccem
2398 4023 2414 4052 ,
2449 3987 2550 4041 hoc
2607 3988 2769 4043 modo
2824 4003 3043 4044 servare
3090 4004 3309 4058 possum
3343 3989 3389 4044 si
3424 3990 3724 4046 custodiam

2154 4073 2393 4143 linguam
2419 4090 2615 4129 meam.
2652 4073 2736 4130 Ea:
2754 4079 2920 4131 verbis
2950 4079 3111 4145 enim,
3139 4078 3379 4147 inquit”
3398 4117 3413 4143 ,
3448 4079 3551 4133 tuis
3566 4078 3727 4147 iusti-

2154 4165 2395 4232 ﬁcaberis
2419 4206 2433 4231 ,
2474 4175 2522 4218 et
2560 4182 2625 4220 ex
2655 4168 2818 4221 verbis
2867 4168 2974 4221 tuis
3023 4168 3475 4222 condemnaberis.
3506 4169 3572 4223 Et
3617 4170 3721 4224 ite-

2153 4271 2272 4309 rum
2303 4257 2379 4305 ”:
2424 4257 2587 4311 Amen
2616 4260 2732 4311 dico
2770 4260 2931 4324 vobis,
2962 4261 3025 4314 de
3048 4262 3190 4314 omni
3219 4262 3386 4315 otioso
3416 4264 3569 4316 verbo
3606 4263 3726 4315 red-

2153 4347 2287 4400 detis
2341 4349 2598 4402 rationem
2645 4351 2700 4404 in
2747 4352 2832 4405 die
2868 4350 3086 4418 judicii.
3128 4351 3241 4406 Non
3283 4352 3491 4415 solum,
3525 4353 3724 4421 inquit,

2152 4434 2221 4489 de
2266 4450 2332 4489 eo
2377 4439 2520 4503 quod
2563 4439 2703 4493 tnale
2742 4438 2904 4493 locuti
2957 4438 3206 4504 fueritis,
3238 4439 3332 4492 sed
3365 4438 3509 4507 quod
3548 4442 3724 4494 Otiose

2152 4523 2319 4577 locuti
2361 4524 2575 4581 fueritis
2597 4568 2614 4593 ,
2653 4528 2777 4596 quia
2811 4527 2983 4583 malus
3009 4541 3187 4582 sermo
3216 4541 3320 4580 non
3369 4535 3452 4579 est
3490 4526 3718 4591 otiosus,

2152 4622 2408 4682 operatur
2451 4618 2594 4671 enim
2637 4633 2775 4688 opus
2804 4617 3027 4671 malum.
3071 4616 3289 4671 Otiosus
3333 4624 3512 4668 autem
3544 4629 3723 4668 sermo

2151 4714 2238 4759 est
2282 4707 2374 4775 qui
2421 4722 2597 4778 neque
2650 4711 2775 4765 boni
2832 4724 3007 4778 neque
3051 4706 3179 4762 mali
3228 4706 3430 4774 aliquid
3475 4707 3606 4777 agit.
3663 4707 3718 4762 Si

2152 4812 2282 4866 ergo
2309 4800 2359 4852 in
2392 4800 2479 4854 die
2508 4800 2699 4867 judicii
2736 4801 3002 4854 rationem
3042 4797 3367 4863 reddemus,
3405 4813 3509 4853 non
3547 4798 3719 4852 solum

2150 4903 2248 4956 pro
2284 4891 2442 4946 malis
2472 4891 2652 4947 verbis
2676 4933 2690 4957 ,
2723 4890 2817 4945 sed
2847 4890 3011 4944 etiam
3053 4905 3151 4959 pro
3194 4890 3420 4953 otiosis,
3454 4891 3577 4961 quis
3607 4890 3722 4959 glo-

2152 4978 2378 5033 riabitur
2418 4990 2628 5035 castum
2684 4995 2744 5034 se
2777 4979 2979 5034 habere
3016 4980 3149 5035 cor?
3182 4980 3290 5032 Aut
3329 4981 3453 5048 quis
3496 4980 3721 5035 conlidit

2151 5071 2623 5127 dicensﬂllundus
2668 5088 2784 5127 sum
2819 5088 2846 5125 a
2893 5073 3160 5142 peccato?
3208 5071 3596 5127 Verumtamen
3645 5073 3722 5125 ait

474 5158 707 5221 psalmus
757 5156 943 5212 David.
1004 5160 1157 5213 Hunc
1209 5159 1444 5213 ldithum
1505 5160 1809 5214 invenimus
1878 5177 2041 5215 ttnmn
2076 5155 2121 5210 D
2143 5164 2365 5229 justus:
2402 5163 2527 5216 Dixi
2552 5163 2890 5218 :Custodiam
2915 5165 3021 5219 vias
3045 5180 3187 5217 meas
3228 5174 3280 5216 ut
3309 5180 3411 5217 non
3436 5180 3638 5233 peccem
3666 5164 3719 5216 in

544 5292 590 5324 ¹⁶
628 5288 844 5344 lParal.
884 5306 967 5353 ιχ,
1003 5291 1105 5356 24,
1132 5289 1223 5355 25,
1252 5291 1342 5344 26.
1418 5293 1460 5322 ’⁷
1497 5290 1626 5345 Hel).
1662 5307 1762 5356 vtt,
1797 5292 1848 5346 5.
1923 5294 1968 5324 ’°
1994 5293 2058 5347 Mt

2158 5346 2178 5354 η.
2222 5313 2323 5363 xu,
2354 5296 2445 5351 57.
2520 5299 2565 5329 ¹⁹
2598 5297 2728 5353 ibid.
2769 5298 2855 5354 56.

544 5406 656 5477 (66)
691 5406 754 5459 In
782 5404 1012 5458 Psalmis
1037 5417 1295 5476 ergo,etc.
1334 5406 1537 5462 Catena
1569 5408 1794 5462 Barbari
1827 5425 1840 5461 :
1874 5409 2038 5476 Illud,

474 5477 527 5528 in
557 5478 754 5539 linem,
785 5478 1071 5529 seczmdum
1123 5478 1256 5530 alios
1301 5478 1607 5542 interpretes
1658 5493 1755 5546 pro
1794 5480 2041 5546 victoria,

475 5546 527 5597 in
560 5548 850 5609 victorem,
877 5555 930 5598 et
962 5546 1200 5599 victoria:
1224 5548 1435 5600 auctori
1468 5549 1790 5601 inscribitur.

546 5613 656 5683 (67)
696 5614 954 5678 Quoniam
999 5617 1159 5683 igitur
1199 5619 1479 5669 multarunt
1524 5630 1628 5671 etc.
1677 5619 1877 5670 Catena
1913 5618 2043 5671 Cor-

477 5682 610 5757 det'ii
636 5683 819 5757 .’E1re‘t
852 5682 1037 5757 excepit
1074 5685 1262 5757 πάσης
1291 5686 1561 5756 ἁμαρτίας
1597 5687 1738 5757 ἀρχὴ
1769 5688 1856 5740 διὰ
1883 5688 2043 5755 λόγου

685 5728 819 5735 ...._-
856 5728 878 5735 -
924 5728 1032 5736 --η
1082 5728 1249 5746 ..πη
1291 5728 1406 5737 .w-
1457 5728 1531 5739 ...η
1597 5728 1630 5739 ..
1712 5728 1720 5738 .
1770 5728 1941 5740 -.......
1984 5728 2039 5739 ν..

479 5750 680 5815 γίνεταιι
704 5792 716 5813 ,
747 5754 773 5803 ὁ
824 5728 1053 5820 (pistatia:
1100 5728 1441 5825 προδέμένοὲ
1463 5728 1559 5820 τάξ
1586 5728 1820 5812 διιᾶλέῶν
1865 5728 2039 5827 λόγδων

2150 5415 2305 5477 ὁδοὺς
2343 5413 2509 5467 αὑτοῦ
2533 5454 2548 5478 ,
2581 5415 2870 5468 ἀκόλουθον
2893 5415 3003 5479 ἕξει
3032 5416 3093 5469 τὸ
3114 5415 3447 5479 καθαρεῦσαι
3473 5415 3580 5468 ἀπὸ
3610 5414 3720 5467 τῶν

2150 5485 2269 5556 κατ’
2293 5485 2580 5556 ἐνέργειαν
2613 5486 3047 5556 ἁμαρτημάτων.
3092 5484 3220 5539 Cum
3251 5484 3359 5554 fere
3393 5486 3559 5537 omnis
3593 5501 3716 5556 pec-

2148 5555 2257 5606 cati
2284 5555 2496 5608 initium
2529 5555 2621 5623 ﬁat
2651 5574 2681 5607 a
2709 5555 2978 5618 sermone,
3023 5556 3065 5608 is
3102 5556 3195 5624 qui
3222 5557 3408 5607 statuit
3446 5555 3715 5607 custodire

2147 5626 2255 5676 vias
2286 5642 2410 5676 suas
2456 5625 2509 5677 in
2546 5626 2871 5677 sermonibus
2902 5664 2916 5685 ,
2948 5636 3319 5693 consequenter
3341 5624 3496 5676 etiam
3537 5642 3566 5676 a
3592 5641 3712 5691 rec-

2144 5693 2275 5747 calis
2303 5710 2419 5762 qua:
2451 5710 2605 5758 apere
2631 5694 3033 5747 committuntur
3058 5734 3071 5757 ,
3106 5694 3329 5746 mundus
3361 5694 3478 5745 erit.
