4110 6452
398 393 524 447 1593

1073 387 1385 443 SELECTA
1423 386 1488 439 IN
1527 384 1947 439 I’S.\I..\IOS.—
1986 382 2217 439 IIOMIL.
2258 384 2277 436 I
2310 386 2377 439 IN
2409 386 2601 441 PSAL.
2635 386 2900 441 XXXVIII

3510 392 3640 445 1391

391 514 569 581 lingua
619 529 754 565 mea.
798 508 959 565 Posui
1003 511 1081 562 ori
1129 525 1239 561 meo
1290 509 1605 560 custodiam.
1659 506 1798 560 Alibi
1842 507 1959 576 qni-
1991 510 2033 564 Α
2066 505 2262 560 lectum
2297 521 2419 561 esse
2453 509 2595 576 quod
2631 508 2793 561 dicit:
2826 508 2960 562 Dum
2996 512 3227 563 constitit
3266 524 3510 580 peccator
3543 514 3641 565 nd-

392 604 507 655 dem
531 602 1539 671 scriptuntest“:Omnicustodiaserva
1556 614 1645 651 cor
1672 608 1840 660 tuum,
1874 598 1959 651 hic

391 704 573 749 autem
618 715 632 749 :
672 694 831 747 Ροδαὶ
886 694 965 749 ori
1025 707 1137 743 meo
1174 689 1486 743 custodiam.
1521 688 1583 742 Et
1617 690 1808 742 iterum
1835 688 1957 743 alibi

392 787 651 855 scriptum
671 793 753 838 est
773 783 847 836 ³¹;
876 782 1022 847 Vide,
1039 783 1334 836 circumduc
1346 800 1514 850 sepem
1533 782 1799 843 spinarum
1819 782 1959 833 circa

392 879 761 941 possessionem
805 886 966 928 tuam.
1018 874 1080 927 Et
1123 874 1315 927 iterum
1364 873 1443 925 3’:
1484 871 1767 926 Pecuniam
1815 884 1959 925 luant

390 978 435 1020 et
461 967 623 1037 692
648 981 835 1019 aurum
868 973 1014 1017 tuum
1048 962 1241 1032 alliga,
1269 972 1317 1016 et
1351 963 1432 1016 ori
1463 973 1553 1015 tuo
1584 962 1746 1031 facito
1770 964 1959 1016 ostium

388 1072 432 1112 et
455 1074 624 1112 seram
646 1099 661 1124 ,
695 1067 741 1111 et
773 1056 935 1110 verbis
965 1057 1067 1107 tuis
1082 1054 1273 1123 jugum
1294 1065 1341 1107 et
1369 1065 1642 1109 stateram.
1676 1055 1787 1123 Ego
1817 1058 1961 1111 arbi-

392 1163 504 1205 tror
545 1152 687 1220 quod
739 1148 1050 1204 observatio
1114 1148 1306 1201 horum
1350 1151 1727 1203 mandatorum
1773 1151 1960 1204 obser-

390 1254 606 1297 vantem
634 1253 688 1297 et
717 1252 1054 1298 mansuetum
1087 1240 1253 1295 faciat
1290 1250 1342 1293 et
1372 1241 1621 1307 beatum,
1652 1257 1754 1295 non
1787 1242 1958 1296 solum

391 1352 568 1387 rerum
598 1335 811 1399 exitus,
848 1352 1036 1391 verum
1066 1338 1233 1390 etiam
1265 1336 1379 1404 ipsa
1421 1335 1789 1389 observantia.
1824 1337 1958 1388 Dum

387 1425 533 1478 enim
564 1440 776 1494 semper
800 1426 1054 1480 observat
1081 1441 1143 1482 os
1169 1442 1357 1493 suum,
1404 1436 1459 1480 et
1499 1426 1737 1495 linguam
1776 1437 1961 1482 custo-

387 1515 488 1578 dit,
534 1531 601 1569 ne
647 1517 795 1584 prius
842 1531 1151 1572 sermonem
1192 1518 1430 1586 proferat
1474 1532 1635 1586 quam
1681 1517 1960 1583 discutiat,

388 1618 443 1660 et
476 1616 769 1675 pertractet
803 1607 943 1675 apud
978 1609 1331 1678 semetipsum
1380 1609 1422 1662 si
1453 1617 1699 1676 oporteat
1740 1608 1878 1677 dici,
1917 1611 1959 1665 si

393 1714 574 1752 sermo
605 1699 728 1752 talis
750 1708 832 1753 est
862 1699 953 1768 qui
988 1700 1183 1754 debeat
1214 1700 1480 1769 proferri,
1508 1700 1552 1754 si
1584 1714 1814 1770 persona
1840 1701 1962 1755 talis

389 1800 473 1844 cst
496 1805 616 1858 quae
659 1799 752 1843 aut
790 1790 1023 1856 debeat,
1061 1801 1151 1845 aut
1185 1792 1355 1861 possit
1395 1792 1617 1861 audire,
1664 1794 1706 1849 si
1751 1803 1961 1864 tempus

388 1890 755 1949 opportunum
792 1891 875 1936 est
898 1881 1211 1950 proferendi
1240 1883 1548 1937 sermonis:
1597 1884 1724 1938 dum
1752 1885 1960 1956 singula

387 1972 488 2023 ista
512 1970 831 2039 perpendit,
855 1970 1163 2024 excluditur
1185 1974 1365 2026 omnis
1391 1973 1663 2027 iracundia
1689 1984 1741 2029 et
1781 1976 1962 2038 timor,

384 2070 441 2113 ct
472 2061 754 2115 inconsulti
787 2060 985 2116 furoris
1032 2063 1264 2130 impetus
1308 2064 1586 2134 mitigatur
1609 2108 1622 2129 ,
1654 2076 1816 2136 atque
1849 2083 1964 2121 om-

388 2165 510 2203 nem
540 2152 752 2219 pcnitus
780 2152 1222 2206 deliberationem
1270 2152 1395 2207 talis
1438 2155 1741 2219 abscindit;
1784 2166 1838 2211 et
1890 2158 1963 2212 ita

386 2240 600 2295 demum
652 2243 797 2296 velut
828 2258 891 2297 ex
924 2245 1318 2312 tranquillitate
1346 2247 1579 2316 quadam
1630 2258 1683 2301 et
1725 2250 1957 2304 convicti

387 2334 555 2387 animi
600 2350 694 2403 per
735 2337 1205 2391 mansuetudinem
1246 2351 1427 2391 sermo
1468 2339 1798 2405 procedens,
1837 2356 1964 2409 pre-

388 2422 687 2479 fercntibus
741 2426 974 2495 gratiam
1021 2434 1241 2496 priestat
1286 2434 1341 2482 et
1397 2428 1743 2485 audientibus
1795 2432 1963 2487 medi-

384 2526 589 2569 61118111.

456 2606 512 2660 4.
548 2606 743 2659 Verum
784 2608 1035 2673 quoniam
1076 2608 1126 2660 in
1164 2608 1254 2663 illo
1283 2610 1520 2665 maxime
1558 2618 1803 2681 tempore
1839 2629 1964 2683 pec-

386 2710 601 2761 camus,
636 2697 853 2766 quando
896 2706 1151 2765 peccator
1198 2701 1454 2754 consistit
1506 2702 1792 2757 adversum
1841 2720 1959 2769 nos,

386 2788 651 2855 instigans
679 2796 733 2842 et
762 2803 1063 2857 provocans
1097 2798 1155 2843 ut
1181 2789 1382 2859 aliquid
1412 2791 1518 2845 tale
1548 2795 1862 2849 emittamus
1893 2813 1957 2849 ex

382 2893 508 2943 ore,
550 2877 603 2931 in
656 2894 764 2947 quo
805 2878 879 2932 rei
919 2888 1203 2933 teneamur
1257 2881 1307 2933 in
1349 2880 1533 2935 futuro
1577 2884 1815 2951 judicio,
1858 2886 1959 2940 hoc

384 2968 701 3022 describens
745 2976 968 3023 sanctus
1004 2968 1275 3038 Propheta
1321 2971 1489 3024 dicit:
1544 2972 1681 3025 Dum
1722 2977 1957 3028 constitit

382 3067 625 3122 peccator
662 3058 939 3111 adversum
968 3076 1047 3112 me
1067 3100 1082 3125 ,
1129 3060 1365 3112 obmutui
1394 3072 1440 3113 et
1477 3064 1811 3117 humilitatus
1841 3083 1955 3119 sum

382 3160 428 3202 et
460 3148 584 3203 silui
625 3167 656 3201 a
687 3151 853 3203 bonis.
897 3150 952 3203 Si
1001 3150 1219 3220 quando
1256 3165 1514 3223 peccator
1560 3156 1736 3210 astitit
1770 3158 1957 3211 adver-
1984 3181 2028 3240 ρ

381 3256 498 3294 sum
526 3256 609 3294 me
634 3250 689 3295 et
734 3240 1052 3310 loquebatur
1091 3242 1157 3297 de
1196 3257 1283 3297 me
1319 3245 1490 3310 male,
1528 3257 1581 3301 et
1611 3249 1953 3305 obtrectabat

380 3338 542 3398 atque
572 3329 821 3382 irritabat
858 3344 947 3382 me
978 3339 1035 3383 ut
1060 3330 1257 3384 similia
1294 3333 1340 3386 ei
1377 3335 1698 3400 redderem,
1720 3349 1773 3391 et
1803 3339 1951 3407 paria

379 3421 447 3475 de
472 3434 590 3474 meo
614 3435 711 3474 ore
737 3419 1034 3489 proferrem
1056 3461 1069 3485 ,
1100 3436 1199 3491 ego
1223 3423 1274 3476 in
1296 3424 1385 3478 illo
1410 3434 1652 3495 tempore
1677 3428 1949 3484 silentium

382 3512 683 3565 meditabar
703 3551 716 3574 ,
748 3521 804 3565 ut
830 3512 961 3565 nihil
985 3514 1195 3581 penitus
1225 3518 1630 3586 reSponderem.
1661 3518 1951 3589 Propterea

378 3618 509 3672 ergo
552 3604 717 3658 dicit:
762 3603 899 3657 Dum
948 3607 1181 3659 constitit
1222 3618 1466 3675 peccator
1518 3609 1796 3664 adversum
1848 3629 1949 3678 me,

378 3692 611 3746 obmutui
655 3703 703 3748 et
749 3694 1079 3748 humilitatus
1130 3712 1249 3750 sum
1298 3709 1344 3753 et
1394 3700 1520 3753 silui
1560 3715 1591 3751 a
1637 3700 1805 3755 bonis.
1847 3702 1953 3758 Nos

380 3800 508 3839 vero
540 3785 832 3853 aliquando
881 3787 924 3839 si
962 3786 1212 3842 nolumus
1254 3789 1563 3854 humiliari,
1596 3790 1702 3845 alia
1736 3794 1946 3862 cogita-

380 3890 497 3928 mus
527 3885 580 3928 et
616 3875 847 3929 dicimus
881 3879 1019 3945 apud
1069 3879 1458 3947 nosmetipsos:
1496 3879 1633 3945 Quid
1684 3882 1786 3938 hoc
1830 3886 1950 3939 est?

380 3966 485 4019 Iste
520 3980 604 4017 me
638 3967 969 4035 contemptui
1014 3968 1203 4021 habuit
1246 3978 1299 4023 et
1338 3986 1502 4024 ausus
1529 3979 1611 4025 est
1641 3973 1766 4025 talia
1802 3974 1852 4026 in
1888 3990 1950 4030 os

380 4056 662 4123 ingerere,
700 4063 754 4108 et
791 4054 863 4107 ita
899 4057 1186 4111 adversum
1226 4072 1310 4111 me
1356 4074 1572 4113 movere
1619 4074 1948 4127 sermonem,

380 4159 556 4198 nonne
588 4154 641 4200 et
662 4160 761 4215 ego
794 4146 918 4201 huic
946 4147 1142 4202 similia
1164 4190 1178 4215 ,
1204 4158 1297 4204 aut
1324 4151 1487 4204 etiam
1519 4154 1771 4219 graviora
1814 4154 1951 4209 infe-

378 4253 492 4291 ram
514 4276 530 4302 ,
553 4246 612 4291 ut
641 4249 695 4291 et
725 4240 836 4307 ipse
858 4240 1043 4293 audiat
1068 4240 1248 4309 pejora
1272 4258 1431 4311 quam
1450 4244 1621 4298 dixit?
1644 4245 1750 4299 Sed
1774 4246 1950 4313 justus

378 4341 482 4380 non
511 4327 583 4380 ita
618 4328 757 4397 agit,
789 4330 916 4396 quin
950 4330 1132 4397 potius
1162 4331 1410 4385 humiliat
1443 4347 1501 4385 se
1524 4371 1540 4397 ,
1571 4333 1786 4389 etiamsi
1829 4351 1949 4390 scr-

377 4433 476 4472 vus
506 4418 575 4471 sit
612 4417 699 4472 ille
730 4420 821 4487 qui
869 4419 1142 4474 obtrectat
1196 4430 1249 4476 ct
1304 4422 1546 4476 convicia
1587 4424 1817 4493 ingerit,
1858 4436 1950 4479 aut

2063 613 2261 649 versum
2296 615 2373 651 me
2396 639 2410 662 ,
2445 598 2681 651 obmutui
2712 612 2757 653 et
2788 600 3100 654 humiliatus
3128 619 3240 655 sum
3272 614 3316 655 et
3339 604 3465 655 silui
3498 623 3526 655 η
3552 605 3643 655 bo-

2064 688 2187 740 nis?
2213 698 2302 741 aut
2336 689 2609 756 profectus
2645 691 2861 758 quidem
2890 703 3002 759 est,
3040 694 3276 745 nondum
3310 704 3487 747 tamen
3526 709 3642 763 pcr—

2064 778 2245 834 lectio.
2274 779 2399 831 Tria
2432 795 2665 847 namque
2695 781 2748 834 in
2785 782 2888 834 hoc
2922 781 3040 836 loco
3071 784 3137 837 de
3178 782 3479 853 Scripturis
3512 794 3641 854 puto

2062 882 2220 935 posse
2242 869 2540 939 assignari,
2575 872 2626 924 in
2661 887 2769 940 quo
2800 872 2931 926 dicit
2964 881 3109 926 stare
3152 883 3495 942 peccatorem
3544 875 3642 927 ad—

2063 974 2277 1013 versum
2308 976 2398 1025 se,
2434 971 2487 1014 et
2519 962 2661 1031 loqui
2704 964 2757 1017 in
2803 964 3025 1018 auribus
3048 966 3160 1018 suis
3191 980 3251 1019 ea
3278 968 3476 1036 quibus
3513 967 3640 1020 irri-

2064 1052 2163 1105 tari
2202 1065 2256 1106 et
2296 1056 2615 1109 exacerbari
2666 1058 2839 1125 possit
2886 1060 2950 1111 ad
3006 1058 3440 1113 retribuendum.
3487 1058 3553 1112 Et
3594 1057 3640 1111 si

2060 1146 2278 1214 quidem
2315 1162 2414 1217 ego
2468 1163 2668 1217 parvus
2714 1164 2864 1210 sum,
2901 1148 3132 1213 similia,
3180 1158 3233 1204 et
3283 1148 3497 1202 oculum
3539 1165 3637 1218 pro

2060 1238 2217 1292 oculo
2250 1242 2505 1307 requiro,
2539 1240 2757 1294 dentem
2790 1256 2887 1308 pro
2913 1240 3074 1293 dente
3098 1281 3112 1303 ,
3144 1250 3198 1295 et
3226 1240 3507 1294 maledicta
3542 1258 3638 1309 pro

2063 1328 2364 1384 maledictis
2395 1346 2616 1398 repono.
2650 1330 2706 1385 Si
2735 1347 2862 1385 vero
2886 1331 2997 1401 jam
3032 1333 3366 1402 aliquantum
3403 1331 3636 1401 profeci,

2064 1420 2297 1473 nondum
2327 1431 2503 1475 tamen
2533 1422 2800 1492 perfectus
2830 1439 2946 1476 sum
2968 1468 2981 1491 ,
3012 1434 3066 1478 et
3092 1434 3242 1480 taceo
3270 1434 3324 1478 ct
3366 1425 3481 1479 fero
3515 1438 3642 1477 con-

2061 1512 2197 1565 vicia
2220 1514 2515 1581 patienter,
2564 1529 2664 1568 nec
2706 1515 3003 1583 quidquam
3047 1516 3273 1569 omnino
3315 1516 3638 1584 respondeo.

2064 1603 2121 1658 Si
2157 1620 2284 1659 vero
2328 1606 2429 1659 sim
2465 1606 2774 1674 perfectus,
2825 1624 2930 1661 non
2962 1617 3145 1673 taceo,
3184 1610 3278 1663 sed
3314 1592 3436 1663 cum
3474 1607 3641 1661 male-

2064 1695 2245 1759 dicor,
2276 1693 2536 1748 benedico
2562 1737 2576 1761 ,
2608 1696 2754 1750 sicut
2785 1707 2837 1750 et
2871 1694 3073 1750 Paulus
3109 1698 3324 1751 dicebat
3353 1697 3431 1752 ³³ς
3474 1695 3643 1748 Male-

2064 1786 2291 1837 dicimur
2337 1794 2383 1837 et
2433 1786 2823 1851 benedicimus,
2864 1788 3272 1854 persecutionem
3327 1788 3561 1855 patimur
3592 1800 3639 1840 et

2068 1877 2422 1940 sustinemus,
2472 1876 2812 1940 blasphemati
2860 1878 3225 1945 deprecamur.
3271 1878 3337 1931 Et
3381 1880 3639 1946 quoniam

2068 1967 2158 2035 qui
2179 1967 2292 2020 hmo
2322 1976 2509 2035 agunt,
2532 1967 2582 2020 id
2611 1976 2714 2031 est,
2733 1968 2822 2036 qui
2852 1983 2947 2036 pro
2967 1968 3440 2022 maledictionibus
3474 1970 3639 2022 bene—

2066 2056 2330 2110 dictiones
2350 2059 2578 2111 reddunt
2605 2096 2619 2121 ,
2644 2059 2735 2127 qui
2762 2074 2858 2126 pro
2882 2059 3232 2126 blasphemiis
3256 2060 3638 2128 deprecantur,

2066 2147 2315 2201 videntur
2364 2147 2673 2201 hominibus
2707 2148 2792 2200 vel
2818 2157 2875 2201 ut
2915 2150 3152 2217 pecudes
3179 2159 3235 2203 et
3259 2162 3639 2221 purgamenta,

2068 2248 2322 2306 tanquam
2356 2240 2446 2304 qui
2473 2254 2691 2293 sensum
2723 2239 2933 2308 injuria:
2965 2256 3068 2294 non
3093 2241 3329 2305 habent,
3353 2250 3638 2310 propterea

2063 2344 2192 2399 ergo
2226 2328 2431 2382 addidit
2464 2329 2653 2383 dicens
2682 2329 2760 2381 ’δε
2792 2328 3063 2400 Tanquam
3095 2342 3439 2401 purgamenta
3480 2334 3640 2398 huius

2065 2421 2247 2474 mundi
2279 2422 2410 2490 facti
2444 2438 2627 2474 sumus
2662 2422 2895 2475 omnium
2926 2423 3236 2490 peripsema.
3285 2422 3391 2478 Sed
3418 2439 3515 2478 nos
3545 2440 3644 2477 no.

2063 2512 2241 2567 Iumus
2264 2528 2389 2566 cum
2415 2514 2680 2583 apostolis
2708 2523 3064 2583 purgamenta
3094 2512 3256 2580 hujus
3281 2514 3463 2568 mundi
3499 2514 3639 2581 lleri,

2062 2606 2156 2657 sed
2184 2604 2431 2658 volumus
2468 2620 2571 2657 non
2603 2606 2875 2659 contemni
2915 2605 2980 2658 ab
3018 2605 3361 2671 hominibus,
3396 2607 3505 2661 imo
3540 2622 3641 2675 po-

2064 2698 2169 2751 tius
2190 2706 2244 2751 et
2272 2696 2468 2760 timeri,
2490 2706 2542 2751 et
2567 2696 2698 2751 satis
2718 2696 2925 2765 agimus
2951 2695 3175 2751 reddere
3199 2695 3281 2751 his
3304 2699 3392 2766 qui
3422 2698 3640 2763 laedunt,

2061 2799 2115 2843 ct
2144 2791 2449 2859 prmvenire
2480 2789 2774 2843 vindictam
2819 2806 2979 2858 quant
3021 2789 3122 2843 sibi
3169 2789 3427 2844 Dominus
3462 2805 3645 2845 reser-

2062 2882 2205 2933 vavit
2238 2880 2481 2934 dicens"
2509 2897 2523 2935 :
2565 2879 2696 2933 Mihi
2747 2880 2975 2932 vindicta
2998 2918 3011 2944 ,
3049 2896 3141 2948 ego
3173 2881 3484 2945 retribuam,
3513 2882 3647 2935 dicit

2060 2969 2337 3023 Dominus.
2371 2971 2572 3024 Verum
2609 2970 2653 3023 si
2691 2985 2796 3022 non
2831 2984 3119 3037 possumus
3163 2970 3214 3023 in
3258 2980 3470 3024 tantum
3514 2988 3641 3040 pro.

2060 3060 2219 3113 licere
2241 3098 2256 3123 ,
2300 3069 2355 3113 et
2387 3060 2454 3113 ad
2488 3060 2632 3112 istud
2680 3060 2894 3114 culmen
2937 3060 3184 3114 veritatis
3216 3062 3551 3125 ascendere,
3583 3072 3643 3113 ut

2059 3149 2307 3203 dicamus
2341 3164 2463 3202 cum
2506 3150 2706 3203 Paulo:
2754 3150 3129 3205 Haledicimur
3172 3162 3218 3204 et
3263 3153 3641 3213 benedicimus,

2058 3239 2465 3306 persecutionem
2520 3241 2753 3307 patimur
2796 3250 2843 3293 et
2885 3243 3237 3307 sustinemus,
3286 3241 3634 3311 blasphemati

2059 3330 2421 3397 deprecamur,
2449 3330 2532 3384 vel
2558 3331 2659 3385 hoc
2700 3333 2843 3401 quod
2874 3333 3053 3386 adhuc
3083 3349 3177 3403 per
3194 3330 3519 3403 Prophetam
3542 3333 3639 3385 do-

2061 3436 2281 3485 cemur,
2316 3422 2593 3477 dicamus:
2636 3422 2771 3475 Dum
2810 3425 3045 3477 constitit
3084 3433 3328 3493 peccator
3358 3425 3635 3478 adversum

2062 3529 2159 3574 me,
2186 3514 2421 3566 obmutui
2446 3524 2493 3568 et
2523 3516 2833 3568 humiliatus
2861 3531 2975 3569 sum
3003 3555 3016 3580 ,
3050 3525 3099 3571 et
3130 3516 3256 3570 silui
3278 3533 3309 3569 a
3337 3516 3501 3569 bonis.

2131 3602 2183 3654 5.
2217 3603 2281 3656 Et
2308 3603 2437 3671 quid
2458 3604 2667 3658 addidit
2704 3603 2830 3658 his?
2863 3602 2927 3656 Et
2962 3604 3134 3670 dolor,
3163 3605 3357 3675 inquit,
3388 3621 3532 3659 meus
3567 3621 3642 3658 re—

2064 3706 2280 3751 novatus
2303 3706 2401 3751 est.
2441 3696 2501 3751 Ili
2529 3696 2618 3765 qui
2650 3698 2702 3749 in
2727 3698 2918 3765 agonis
2941 3697 3241 3752 certamine
3266 3698 3468 3751 mutuis
3497 3698 3639 3752 inter

2062 3803 2121 3842 sc
2150 3788 2466 3843 verberibus
2496 3798 2694 3857 agunt,
2727 3789 2777 3843 in
2825 3789 2906 3843 his
2957 3803 3174 3858 semper
3208 3803 3515 3859 prmparare
3543 3805 3637 3842 co-

2061 3890 2293 3946 nantur,
2334 3888 2393 3932 ut
2436 3880 2582 3933 illata
2609 3880 2713 3934 sibi
2742 3881 2810 3934 ab
2845 3879 3179 3934 adversariis
3214 3880 3445 3933 verbera
3478 3878 3636 3931 forti-

2061 3982 2144 4026 ter
2171 3970 2379 4037 ferant,
2416 3986 2515 4025 nec
2543 3986 2766 4024 sensum
2802 3970 3006 4024 doloris
3034 3970 3339 4038 accipiant,
3365 3980 3422 4023 et
3456 3980 3538 4025 est
3560 3970 3641 4025 cis

2059 4076 2267 4115 summa
2298 4061 2504 4115 virtus:
2538 4061 2870 4114 lacertorum
2902 4060 3042 4114 ictus
3065 4060 3145 4113 vel
3172 4061 3399 4113 calcium
3429 4060 3637 4128 absque

2058 4152 2243 4206 dolore
2283 4153 2577 4220 suscipere.
2618 4152 2675 4206 In
2710 4152 2907 4220 quibus
2940 4150 3030 4205 ille
3059 4159 3139 4205 est
3170 4150 3503 4219 perfectior,
3540 4153 3633 4219 qui

2058 4244 2125 4296 ad
2167 4244 2330 4297 ictum
2364 4244 2606 4297 vulneris
2635 4283 2649 4308 ,
2685 4242 2892 4295 nullum
2938 4243 3131 4311 recipit
3167 4242 3448 4296 stimulum
3484 4243 3638 4296 dolo-

2060 4334 2156 4389 ris.
2179 4317 2459 4388 Secundus
2490 4349 2617 4388 vero
2646 4342 2729 4388 est
2761 4334 2805 4386 is
2835 4334 2926 4403 qui
2960 4334 3107 4387 dolet
3132 4333 3375 4403 quidem,
3412 4334 3507 4387 sed
3534 4347 3631 4385 nc-

2058 4439 2327 4494 quaquam
2373 4424 2647 4478 doloribus
2706 4423 2871 4477 cedit.
2932 4422 3064 4477 Tale
3121 4421 3326 4493 aliquid
3384 4422 3634 4492 intellige

372 4505 415 4559 si
469 4507 687 4562 humilis
735 4517 787 4562 et
831 4519 1087 4577 peccator
1131 4511 1199 4564 sit
1242 4521 1295 4564 et
1338 4512 1608 4582 indignus.
1640 4513 1730 4568 Ille
1782 4516 1945 4569 dicit:
1986 4509 2026 4563 ι)
2054 4516 2218 4569 etiam
2261 4515 2314 4569 in
2362 4516 2555 4581 nobis,
2586 4531 2709 4570 cum
2738 4514 3147 4581 maledicinntr,
3178 4523 3234 4569 et
3276 4512 3489 4569 assistit
3536 4514 3630 4569 ad-

379 4600 513 4654 Dum
542 4601 774 4653 constitit
798 4613 1040 4668 peccator
1064 4602 1339 4656 adversum
1374 4619 1473 4667 me,
1509 4605 1743 4658 obmutui
1775 4617 1821 4659 et
1852 4608 1949 4659 hu-

376 4694 606 4747 miliatus
649 4710 764 4747 sum
797 4703 844 4747 et
892 4692 1017 4746 silui
1062 4710 1092 4746 a
1142 4693 1308 4746 bonis.
1351 4692 1464 4748 Non
1507 4694 1639 4749 dixit
1682 4712 1695 4748 :
1740 4706 1796 4751 et
1828 4698 1951 4752 silui

379 4785 750 4838 tantummodo
768 4826 781 4848 ,
809 4784 902 4838 sed
924 4802 954 4836 a
981 4786 1128 4839 bonis
1152 4785 1311 4849 silui;
1342 4786 1391 4838 in
1419 4801 1526 4855 quo
1548 4788 1785 4841 ostendit
1807 4792 1949 4858 quod

374 4889 495 4926 cum
525 4875 633 4929 sint
668 4875 720 4927 in
765 4891 850 4929 me
884 4876 1057 4940 bona,
1103 4886 1158 4931 et
1188 4878 1418 4930 edoctus
1464 4887 1624 4945 atque
1672 4879 1952 4934 institutus

375 4966 473 5018 sint
502 4964 655 5018 bonis
685 4965 1024 5035 dogmatibus
1071 4978 1236 5036 atque
1277 4968 1579 5038 disciplinis
1600 5008 1617 5035 ,
1645 4978 1697 5023 et
1739 4972 1945 5039 possint

376 5056 540 5109 etiam
568 5064 794 5111 caeteros
825 5057 1021 5112 docere
1060 5073 1179 5127 quae
1205 5059 1343 5113 bona
1368 5072 1526 5130 sunt,
1565 5076 1743 5120 tamen
1793 5066 1846 5117 in
1880 5079 1946 5120 eo

376 5157 616 5215 tempore
637 5162 744 5215 quo
775 5157 1027 5215 peccator
1053 5149 1261 5204 assistit
1291 5152 1578 5207 adversum
1616 5171 1701 5210 me
1728 5164 1782 5210 et
1813 5172 1944 5210 con-

376 5238 529 5291 viciis
560 5237 777 5291 lacessit
802 5252 864 5291 ac
885 5237 1081 5307 iurgiis
1104 5277 1118 5302 ,
1153 5254 1251 5308 ego
1272 5242 1434 5295 etiam
1472 5248 1609 5297 bona
1636 5245 1799 5297 verba
1827 5260 1943 5297 mea

373 5328 597 5381 coitich
623 5337 677 5381 et
706 5330 940 5397 reprimo
966 5346 979 5381 :
1018 5344 1085 5383 ne
1113 5330 1195 5383 vel
1225 5330 1299 5383 illi
1334 5332 1510 5401 ignem
1547 5349 1658 5388 sua:
1685 5337 1946 5402 perditio-

374 5418 456 5473 nis
487 5418 810 5472 inllammcm
834 5459 849 5483 ,
876 5419 1003 5475 dum
1039 5436 1143 5476 non
1166 5431 1344 5491 p0test
1373 5422 1573 5492 pariter
1600 5440 1794 5494 parere
1825 5442 1944 5480 rna-

372 5509 472 5575 lis,
502 5520 556 5563 et
578 5510 891 5578 conspicere
924 5514 1067 5567 bona
1089 5554 1102 5577 ,
1138 5514 1218 5569 vel
1251 5529 1560 5569 sermonum
1594 5531 1833 5570 meorum
1865 5517 1944 5571 fa-

370 5602 511 5654 ciam
543 5600 950 5655 detrimentum.
977 5601 1116 5668 Quid
1146 5606 1321 5673 ergo?
1370 5606 1480 5663 IIoc
1514 5608 1785 5663 videbitur
1820 5623 1942 5677 pcr-

442 5775 483 5805 ³⁸
513 5776 670 5834 Prov.
708 5793 781 5843 tv,
819 5779 905 5833 35.

982 5781 1022 5812 ³¹
1057 5781 1218 5837 Eccli.
1256 5799 1441 5849 xxvttl,
1474 5786 1562 5841 28.
1638 5788 1680 5818 ³³
1713 5788 1838 5843 ibid.
1861 5789 1948 5843 ‘29.

2058 4621 2271 4660 versum
2318 4622 2415 4661 nos
2459 4609 2838 4676 antagonista,
2868 4604 2913 4659 si
2945 4604 3163 4673 quidem
3212 4605 3353 4659 bene
3401 4604 3632 4657 instituti

2056 4711 2277 4762 sumus,
2324 4707 2379 4751 et
2422 4699 2602 4752 animo
2647 4699 2801 4768 longa
2858 4698 3211 4752 meditatione
3262 4696 3544 4759 roborati,
3578 4696 3630 4749 in

2058 4788 2205 4841 nullo
2236 4789 2447 4856 penitus
2475 4804 2541 4842 ex
2568 4790 2735 4843 illatis
2763 4788 3063 4843 maledictis
3088 4789 3173 4842 vel
3198 4786 3464 4844 conviciis
3501 4800 3634 4841 con-

2059 4878 2373 4944 tristamur,
2403 4880 2497 4933 sed
2540 4894 2727 4934 sumus
2758 4894 2856 4948 pro
2885 4880 3051 4933 nimia
3084 4879 3285 4933 mentis
3325 4878 3633 4931 constantia

2056 4981 2118 5019 ac
2172 4967 2434 5035 patientia
2481 4968 2626 5023 velut
2669 4986 2829 5024 sensu
2869 4968 3072 5023 doloris
3119 4976 3370 5023 carentes
3396 5007 3411 5032 ,
3445 4977 3497 5021 et
3538 4982 3634 5036 per

2056 5058 2278 5111 multant
2307 5060 2768 5113 mansuetudinem
2793 5100 2807 5124 ,
2843 5069 2899 5113 ut
2929 5060 3160 5115 audeam
3196 5058 3268 5112 ita
3319 5058 3629 5122 nominare,

2056 5151 2201 5205 velut
2245 5151 2547 5205 imitatores
2592 5151 2856 5207 clIicitnur
2887 5150 3284 5220 quodammodo
3327 5148 3456 5203 Dei:
3493 5148 3635 5202 Deus

2056 5247 2201 5300 enim
2254 5246 2593 5301 maledicitur
2653 5250 2720 5300 ab
2764 5245 3072 5310 htereticis,
3105 5245 3515 5313 blasphematur
3564 5240 3632 5292 ab

2054 5336 2139 5391 his
2168 5338 2257 5407 qui
2297 5337 2691 5407 providentiam
2724 5336 2841 5403 ejus
2874 5346 3073 5405 negant
3096 5374 3110 5398 ,
3155 5335 3404 5402 culpatur
3442 5329 3511 5383 ab
3544 5329 3630 5383 his

2053 5429 2143 5497 qui
2182 5431 2464 5482 thesauros
2500 5429 2783 5498 sapientia:
2815 5428 2928 5495 ejus
2959 5428 3237 5495 ignorant:
3264 5432 3319 5477 ct
3350 5422 3435 5477 dic
3474 5421 3627 5487 mihi,

2054 5520 2294 5587 nunquid
2329 5527 2485 5587 potes
2516 5519 2617 5573 hoc
2649 5519 2889 5588 cogitare
2909 5557 2921 5579 ,
2948 5514 3089 5585 quod
3124 5530 3221 5582 pro
3256 5514 3340 5567 his
3371 5512 3629 5567 erunibus

2052 5606 2266 5674 injuriis
2320 5607 2501 5662 doleat
2566 5608 2784 5677 quidem
2838 5607 3018 5672 Deus,
3066 5605 3159 5659 sed
3209 5605 3450 5675 patiatur
3488 5604 3631 5658 sicut

2590 5789 2635 5821 “
2667 5785 2795 5845 ibid.
2833 5792 2915 5846 15.

2031 5792 2073 5822 δι’
2104 5790 2123 5842 1
2156 5790 2279 5846 Cor.
2315 5806 2388 5857 tv,
2424 5788 2510 5845 l3.
2590 5789 2635 5821 “
2667 5788 2795 5845 ibid.
2833 5792 2915 5846 15.
2995 5790 3038 5821 ⁸³⁵
3072 5790 3225 5847 llum.
3263 5805 3359 5854 xu,
3394 5790 3480 5847 I9.
