4110 6410
513 329 644 382 15ηὸ

1913 320 2002 373 EX
2040 319 2339 376 URIGENE

3623 331 3643 386 1
3656 332 3759 385 596

511 445 644 501 ιιοεῖ
688 445 768 498 An
824 452 1078 512 tanquam
1126 442 1305 495 divina
1367 451 1556 495 natura
1592 459 1685 512 per
1739 442 2086 513 impassibili-
2115 448 2158 501 Α
2192 444 2381 497 dolens
2410 446 2574 498 corde
2608 445 3020 500 cnnealescente
3056 445 3229 502 fervet
3274 447 3412 502 intra
3443 463 3501 504 se
3535 464 3597 504 ac
3632 467 3756 520 per-

515 545 699 599 tatem,
731 535 893 604 693
939 547 1112 601 neque.
1142 547 1336 587 sensus
1369 534 1572 588 doloris
1625 535 1893 589 ullatenus
1953 535 2086 588 reci-

514 626 616 691 pit,
652 638 822 690 neque
844 623 964 676 ullis
997 634 1088 676 aut
1113 624 1349 691 injuriis,
1377 634 1470 677 aut
1500 625 1760 678 conviciis
1789 625 2084 679 excitatur?

511 715 656 769 Talis
699 731 828 783 ergo
859 715 988 778 erit,
1016 715 1124 768 imo
1167 715 1468 770 imitabitur
1495 717 1654 770 talem
1684 719 1863 771 omnis
1898 719 2080 786 perfe-

506 817 628 859 ctus
658 815 710 859 ct
733 805 938 874 justus,
984 806 1163 874 qualis
1189 815 1308 860 erat
1340 807 1428 859 ille
1453 807 1541 875 qui
1574 808 1823 862 dicebat:
1853 809 2082 862 Maledi-

503 900 673 948 rimur
699 907 744 948 et
773 896 1150 954 benedicimus.
1180 899 1597 964 persecutionem
1627 903 1865 966 patimur
1889 913 1936 955 et
1965 919 2082 955 sus-

501 989 748 1050 tinemus,
796 988 1138 1057 blasphemati
1183 987 1546 1051 deprecamur.
1593 989 1692 1055 Qui
1736 1003 1912 1044 autem
1947 1009 2078 1046 non-

506 1081 631 1128 dum
684 1088 767 1130 est
813 1077 1110 1147 perfectus,
1141 1078 1352 1144 prolicit
1405 1089 1604 1145 tamen,
1638 1097 1759 1136 cum
1804 1085 2074 1138 maledici-

505 1178 593 1220 tur
630 1169 961 1223 obmutescit
992 1178 1045 1223 et
1088 1171 1405 1224 humiliatnr
1441 1180 1491 1225 et
1541 1171 1660 1226 silet
1687 1188 1714 1225 a
1749 1173 1920 1228 bonis.
1971 1175 2077 1229 Sed

505 1262 604 1312 iste
652 1261 742 1328 qui
801 1260 1110 1326 huiusmodi
1167 1271 1252 1315 est
1305 1263 1448 1316 dolet
1493 1272 1547 1316 et
1596 1263 1772 1317 dicit:
1819 1263 1888 1319 Et
1926 1265 2078 1319 dolor

502 1366 642 1402 meus
675 1362 961 1404 renovatus
993 1361 1092 1405 est.
1122 1352 1380 1408 Describe
1413 1354 1542 1406 mihi
1581 1354 1775 1409 vulnus
1811 1356 1950 1424 quod
1983 1371 2077 1410 cn-

509 1449 682 1504 ratur,
708 1450 761 1492 et
790 1456 976 1494 curam
1009 1442 1124 1508 ejus
1159 1443 1534 1510 proficientem
1562 1455 1614 1498 et
1634 1443 1747 1511 jam
1772 1448 2074 1514 proximam

503 1531 752 1584 cicatrici
785 1550 798 1585 :
823 1540 938 1585 tum
966 1533 1158 1586 deinde
1191 1535 1239 1586 in
1271 1533 1388 1602 ipso
1413 1535 1632 1590 vulnere
1654 1539 1796 1604 quod
1822 1539 1931 1606 jam
1964 1554 2075 1592 cm-

503 1631 653 1688 perat
685 1625 954 1678 obducere
979 1624 1314 1688 cicatricem,
1354 1625 1568 1679 intuere
1593 1626 1733 1680 aliud
1765 1628 1962 1684 vulnus
1994 1632 2075 1683 in-

501 1714 632 1782 fligi,
674 1724 728 1768 et
758 1729 854 1781 per
877 1714 978 1767 hoc
1006 1713 1200 1768 vulnus
1239 1730 1455 1777 recens,
1501 1717 1628 1769 illud
1664 1719 1954 1786 pristinum
1985 1736 2068 1774 re-

502 1819 722 1855 novare.
763 1804 891 1857 Tale
948 1806 1111 1857 etiam
1159 1807 1345 1860 evenit
1389 1807 1518 1862 huic
1559 1809 1652 1878 qui
1701 1811 1934 1877 prolicit,
1975 1813 2069 1866 sed
2104 1778 2145 1831 Β

497 1895 734 1946 nondum
764 1893 1039 1960 perlectus
1069 1902 1173 1957 est,
1207 1910 1306 1949 nec
1337 1894 1444 1963 jam
1475 1898 1541 1949 ad
1571 1914 1837 1952 summam
1885 1901 2076 1968 perdu-

495 1992 617 2037 ctus
662 1992 749 2037 est
795 1985 1108 2038 sanitatem.
1161 1984 1216 2039 Si
1266 2001 1396 2055 ergo
1426 1988 1550 2040 dum
1594 1989 1770 2042 adhuc
1797 1992 1848 2042 in
1885 1999 2073 2046 tenero

493 2085 578 2127 est
626 2073 788 2138 cutis,
830 2077 1093 2128 accedant
1138 2076 1184 2129 ei
1233 2077 1649 2131 maledictorum
1699 2088 1754 2133 et
1792 2082 2070 2134 convicio-

500 2179 620 2216 rum
653 2163 1221 2228 vulnera,renovatur
1267 2165 1444 2230 dolor,
1493 2177 1546 2220 et
1591 2181 1850 2236 parantur
1902 2185 2071 2238 angu-

494 2257 633 2317 stim,
664 2265 718 2310 et
762 2266 890 2310 tunc
933 2257 1126 2310 merito
1166 2257 1340 2311 dicit:
1372 2257 1508 2311 Dum
1544 2261 1783 2313 constitit
1829 2274 2071 2329 peccator

494 2349 767 2400 adversum
804 2364 903 2414 me,
937 2349 1170 2401 obmutui
1208 2360 1254 2402 et
1293 2351 1605 2404 humiliatus
1639 2370 1775 2419 stmt,
1810 2363 1858 2408 et
1889 2355 2066 2409 siluia

423 2479 430 2486 .
493 2438 658 2501 bonis,
685 2449 732 2492 et
782 2439 934 2491 dolor
973 2456 1117 2494 meus
1143 2452 1420 2494 renovatus
1457 2451 1554 2496 est.
1596 2441 1728 2498 Vide
1763 2459 1892 2517 ergo
1927 2462 2065 2516 quo-

495 2529 652 2583 modo
687 2530 732 2582 is
759 2529 850 2598 qui
888 2533 940 2583 in
974 2533 1275 2586 certamine
1318 2533 1526 2602 positus
1556 2543 1658 2601 est,
1687 2537 1777 2604 qui
1807 2551 1866 2590 se
1895 2538 2067 2592 refre-

493 2635 624 2674 nare
670 2622 820 2688 cupit
861 2621 926 2674 ab
973 2621 1254 2676 iracundia
1305 2623 1384 2676 vel
1443 2625 1645 2687 furore,
1681 2637 1734 2678 et
1776 2627 1900 2679 dum
1951 2629 2064 2697 ipse

497 2711 610 2762 lucc
652 2711 791 2778 apud
837 2725 895 2765 se
937 2714 1254 2777 meditatur,
1286 2723 1340 2766 et
1385 2715 1622 2768 irritatio
1667 2717 1715 2770 ei
1753 2721 2064 2786 supervenit

493 2802 815 2866 peccatoris,
868 2819 986 2873 qua:
1018 2818 1140 2857 eum
1184 2805 1473 2860 conturbet
1515 2808 1732 2874 quidem
1766 2818 1817 2862 et
1851 2809 2059 2880 fatiget,

492 2907 597 2944 non
645 2902 818 2948 tamen
856 2896 1058 2959 vincat,
1091 2898 1183 2951 sed
1238 2899 1488 2966 quamvis
1526 2911 1852 2967 provocetur
1896 2912 1950 2957 et
1981 2905 2062 2958 in-

489 2981 796 3039 ﬂammatur
839 2987 905 3040 ad
981 2989 1440 3055 respondendum,
1499 2995 1814 3048 remordens
1879 3004 2057 3050 tamen

2189 535 2461 601 turbatur,
2499 537 2591 588 sed
2628 553 2729 589 non
2768 552 2834 589 eo
2865 553 3057 606 usque,
3097 547 3152 590 ut
3195 549 3250 592 et
3285 555 3591 594 sermonem
3625 557 3752 607 pro-

2187 622 2328 676 ferat
2362 625 2521 676 corde
2560 626 2798 686 turbato,
2836 641 3022 679 verum
3074 627 3409 683 concalescit
3449 630 3668 698 quidem
3702 631 3753 682 in

2185 715 2546 770 interioribus
2595 719 2709 770 suis
2749 717 2824 770 rei
2859 717 3176 784 indignitate
3209 732 3511 789 permotus,
3544 721 3636 776 sed
3667 735 3756 776 ca-

2183 804 2314 860 loris
2346 807 2426 860 sui
2465 807 2712 861 ﬂammas
2740 823 2836 876 per
2872 808 3151 864 silentium
3183 812 3459 881 decoquit.

2257 897 2308 950 7.
2353 898 2642 954 Videamus
2664 903 2825 956 etiam
2868 902 3029 956 alium
3071 917 3375 957 sermonem
3400 903 3554 972 justi,
3592 917 3751 970 quem

2181 997 2232 1041 et
2261 1003 2474 1042 summo
2517 991 2695 1045 studio
2735 992 2992 1046 debemus
3023 992 3288 1046 aenmlari.
3327 992 3392 1045 Et
3439 1009 3490 1044 in
3531 992 3754 1045 medita-

2182 1081 2321 1132 tione
2347 1097 2460 1132 mea
2489 1083 2790 1134 exardescet
2819 1083 2978 1151 ignis.
3005 1083 3070 1137 Et
3092 1099 3194 1151 ego
3231 1084 3462 1136 meditor
3493 1081 3604 1150 (69)
3635 1081 3748 1135 elo-

2179 1172 2305 1239 quia
2342 1169 2657 1233 Domini,et
2691 1170 3006 1242 frequenter
3063 1175 3114 1226 in
3172 1172 3303 1242 ipsis
3355 1187 3439 1226 me
3490 1187 3745 1234 exerceo,

2179 1261 2270 1316 sed
2305 1261 2488 1315 nescio
2520 1263 2563 1315 si
2601 1263 2725 1317 talis
2759 1279 2904 1326 sum,
2932 1271 2990 1316 ut
3042 1264 3094 1316 in
3149 1263 3506 1318 meditatione
3535 1277 3650 1315 mea
3680 1278 3745 1317 ex

2178 1368 2503 1422 unoquoque
2539 1369 2786 1408 sermone
2836 1354 2928 1408 Dei
2977 1355 3114 1422 ignis
3147 1355 3430 1424 procedat,
3464 1365 3518 1408 et
3557 1369 3751 1408 accen-

2177 1447 2269 1500 dat
2316 1461 2412 1500 cor
2467 1460 2665 1511 meum,
2717 1455 2772 1499 et
2812 1443 3108 1500 inﬂammet
3160 1445 3398 1499 animam
3431 1445 3496 1497 ad
3533 1458 3596 1498 ea
3631 1459 3749 1512 qua

2176 1539 2411 1593 meditor
2448 1537 2810 1592 observanda.
2845 1539 2909 1592 Et
2937 1552 3038 1605 ego
3065 1553 3207 1592 nunc
3242 1538 3437 1604 loquor
3467 1549 3745 1590 sermones

2176 1628 2293 1692 Dei,
2327 1630 2419 1681 sed
2451 1637 2694 1696 optarem
2751 1635 2809 1680 ut
2858 1627 3032 1698 primo
3063 1629 3114 1679 in
3146 1639 3268 1680 meo
3299 1625 3481 1687 corde,
3507 1622 3748 1676 secundo

2176 1735 2385 1791 quoque
2428 1722 2479 1773 in
2507 1722 2814 1774 auditorum
2845 1719 3115 1775 mentibus
3141 1719 3561 1773 exardeseerent
3600 1738 3613 1772 ;
3648 1716 3748 1771 sic-

2177 1821 2232 1866 ut
2265 1821 2422 1866 erant
2469 1812 2543 1865 illi
2591 1802 2872 1866 sermones
2909 1827 3046 1880 quos
3107 1811 3432 1880 loquebatur
3458 1809 3636 1874 Jesus,
3679 1810 3745 1864 de

2175 1903 2374 1975 quibus
2429 1903 2682 1958 dicebant
2738 1904 2813 1959 illi
2860 1905 2951 1973 qui
2989 1903 3337 1958 audierant“
3365 1921 3378 1956 :
3408 1901 3597 1956 Nonne
3656 1917 3748 1955 cor

2177 2007 2415 2050 nostrum
2463 1993 2574 2049 erat
2617 1997 2809 2050 ardens
2852 1997 2906 2051 in
2947 1997 3093 2050 nobis
3132 2012 3248 2049 cum
3290 1996 3346 2048 in
3390 1997 3470 2048 uia
3518 1995 3745 2060 aperiret

2173 2089 2322 2142 nobis
2364 2087 2708 2157 Scripturas?
2739 2089 2954 2144 Utinam
3009 2098 3062 2142 et
3113 2102 3257 2142 nunc
3298 2086 3746 2156 adaperieutibus

2172 2180 2328 2233 nobis
2360 2179 2673 2248 Scripturas
2701 2180 2913 2233 divinas
2937 2177 3340 2233 concalesceret
3375 2191 3470 2229 cor
3497 2183 3742 2228 nostrum

2172 2270 2309 2322 intra
2365 2284 2484 2331 nos,
2534 2278 2590 2322 et
2639 2269 2690 2322 iu
2746 2268 3096 2322 meditatione
3140 2275 3324 2320 nostra
3351 2263 3744 2318 accenderetur

2170 2362 2334 2432 ignls,
2388 2371 2441 2416 et
2488 2362 2894 2416 concitaremur
2950 2361 3002 2414 in
3045 2374 3181 2429 opus
3211 2373 3398 2412 eorum
3429 2371 3550 2425 qua:
3581 2354 3739 2406 audi-

2168 2470 2290 2508 mus
2333 2465 2388 2508 et
2436 2454 2690 2524 legimus.
2724 2453 2884 2507 Tales
2931 2454 3163 2519 denique
3200 2459 3358 2504 erant
3403 2457 3458 2503 et
3490 2445 3740 2501 Jeremim

2167 2560 2466 2603 sermones.
2505 2545 2801 2598 secundum
2835 2545 2978 2614 quod
3014 2544 3276 2612 scriptum
3311 2549 3423 2612 est,
3452 2553 3574 2592 cum
3608 2536 3742 2592 dici:

2169 2639 2235 2692 ad
2270 2654 2391 2692 eum
2443 2637 2698 2692 Dominus
2713 2636 2756 2667 ⁸⁷
2789 2652 2801 2686 :
2837 2635 2970 2690 Ecce
3025 2639 3142 2690 dedi
3194 2650 3458 2689 sermones
3488 2646 3628 2683 meos
3659 2645 3742 2682 re-

2166 2740 2394 2782 trorsum
2427 2729 2481 2782 in
2509 2747 2564 2782 os
2599 2739 2745 2784 tuum
2781 2732 2971 2798 ignem.
3001 2727 3180 2794 Quare
3204 2724 3422 2796 ignem?
3447 2722 3582 2789 Quia
3616 2735 3738 2774 ser-

2165 2834 2356 2875 mones
2395 2836 2530 2889 quos
2567 2821 2891 2889 loquebatur
2939 2817 3314 2874 accendebant
3347 2813 3646 2878 auditores,
3679 2819 3734 2866 et

2166 2913 2298 2968 nihil
2334 2913 2574 2981 tepidum
2633 2915 2686 2966 in
2728 2913 2805 2967 eis
2840 2925 3016 2980 neque
3049 2909 3301 2979 frigidum
3330 2905 3684 2976 permanebat
3717 2922 3732 2958 :

2163 3006 2255 3060 sed
2283 3005 2420 3060 sicut
2449 3005 2588 3074 ignis
2617 3004 2889 3060 consumit
2911 3017 2975 3057 ac
3015 2999 3280 3055 interimit
3307 3013 3525 3051 omnem
3561 3005 3734 3048 mate-

490 3071 726 3127 dolorem
765 3091 920 3130 suum
965 3077 1219 3130 cohibeat
1247 3088 1297 3132 et
1328 3082 1607 3151 reprimat,
1640 3083 1726 3138 hic
1751 3085 1918 3141 dicit:
1950 3087 2058 3140 Do-
2087 3109 2128 3166 ο
2167 3093 2320 3158 riam,
2361 3071 2824 3148 nec-immundum
2862 3091 3060 3160 aliquid
3089 3091 3142 3143 in
3181 3103 3238 3142 se
3271 3087 3479 3154 recipit,
3507 3094 3600 3138 ant
3625 3081 3736 3152 pol-

486 3163 570 3216 Ior
607 3182 750 3219 meus
792 3179 1070 3220 renovatus
1117 3178 1214 3220 est.
1266 3169 1370 3223 Pro
1408 3186 1472 3226 eo
1505 3177 1647 3242 quod
1701 3177 1912 3234 scilicet
1943 3180 2056 3249 jam

485 3257 860 3326 proficiebam,
895 3269 948 3315 et
989 3261 1099 3330 jam
1149 3277 1232 3316 me
1281 3265 1346 3317 ad
1396 3270 1689 3322 sanitatem
1743 3273 2058 3338 pervenisse

485 3345 798 3413 credebam,
832 3355 1116 3418 antequam
1143 3354 1524 3418 exacerbarer,
1548 3367 1599 3411 ct
1619 3369 1907 3428 antequam
1925 3377 2054 3416 con-

488 3435 642 3488 viciis
692 3435 1022 3502 lacesscrcr;
1088 3442 1179 3495 sed
1243 3447 1400 3499 modo
1461 3450 1795 3503 rescinditur
1857 3452 2054 3508 vulnus

485 3541 663 3578 meum
693 3565 708 3590 ,
755 3536 809 3580 et
856 3529 1131 3584 maledicti
1181 3537 1528 3591 mucronibus
1577 3552 1894 3608 renovatur,
1927 3542 2054 3598 dum

487 3613 699 3683 injuriae
729 3616 883 3670 dolor
914 3621 1230 3687 patientiam
1266 3628 1487 3693 rumpit.

555 3706 609 3757 6.
653 3705 707 3757 In
757 3712 1218 3776 consequentibus
1267 3715 1444 3771 adhuc
1476 3719 1706 3788 amplius
1748 3724 2056 3790 passionem

485 3793 749 3848 describit
798 3797 917 3864 ejus
968 3800 1058 3867 qui
1109 3803 1352 3870 prolicit.
1417 3823 1537 3861 cum
1583 3813 2056 3868 dicit:Concaluit

481 3900 571 3934 cur
598 3900 768 3938 nteant
802 3888 940 3943 intra
973 3907 1071 3944 me.
1104 3893 1236 3948 Cum
1269 3897 1414 3951 enim
1449 3901 1602 3954 audit
1637 3904 1761 3971 quis
1790 3905 1901 3975 (68)
1935 3923 2049 3962 ma-

481 3973 807 4043 leloquentis
856 3990 910 4033 et
959 3983 1294 4040 detrahentis
1335 4002 1543 4054 vocem,
1573 4005 1677 4044 non
1721 3973 1898 4061 potest
1928 3998 2050 4053 sine

481 4066 843 4134 dolore,sicut
870 4075 956 4129 ille
982 4077 1070 4144 qui
1099 4079 1370 4146 perfectus
1399 4091 1504 4149 est,
1537 4084 1627 4152 qui
1651 4085 1762 4153 jam
1794 4089 2050 4145 diuturna

478 4164 785 4218 constantia
834 4166 1226 4222 beatitudinem
1269 4175 1504 4226 meruit:
1537 4175 1631 4229 sed
1667 4177 1769 4231 iste
1813 4179 1957 4233 dolet
1995 4192 2050 4236 et

548 4303 592 4334 ³⁸
616 4302 748 4359 Luc.
778 4321 928 4372 xxrv,
958 4307 1049 4360 51.
1126 4308 1170 4339 ³⁷
1197 4310 1399 4366 Jerem.
1431 4327 1483 4382 v,
1514 4315 1602 4368 Η.

545 4440 826 4514 (ϐὃλευηι
857 4461 994 4498 enim
1026 4448 1172 4500 audit
1207 4451 1349 4514 quis,
1373 4461 1480 4504 etc.
1511 4449 1713 4506 Catena
1759 4455 2000 4512 Corderii
2027 4476 2042 4512 :

545 4465 658 4508 tuo;
693 4465 826 4496 bum
857 4465 994 4498 etum
1026 4465 1172 4500 auatt
1246 4467 1349 4514 ttts,
1373 4465 1480 4504 etc.
1511 4465 1713 4506 catena
1759 4465 2000 4512 Corderii
2027 4476 2042 4512 :

486 4513 580 4594 Ἐἰς
615 4513 721 4599 ’Ξῶγ
733 4514 919 4599 Λλόγωγ
942 4465 1375 4599 ξοῦᾲσυστένῖος
1390 4523 1733 4599 κατξναντίογ
1763 4541 1862 4594 μου
1880 4527 2052 4599 ἀμαρ-

473 4581 677 4663 ςωλοῦκ
701 4583 1006 4663 ἐθερμάνθη
1041 4581 1446 4663 διᾳπυρωθενῖσᾳ
1491 4592 1544 4663 ἡΔ
1569 4581 1774 4663 καρδίᾰ
1809 4581 1932 4663 μους
1958 4581 2050 4650 nisi.

474 4609 665 4642 ’.ωιιυυν
701 4609 1006 4656 ιυιρμανυη
1041 4609 1204 4640 οιαπυ
1245 4609 1446 4642 ωυεισα
1491 4609 1523 4660 η
1569 4609 1638 4642 κα
1679 4609 1764 4645 οια
1809 4611 1927 4663 μου,
1958 4609 2048 4650 καὶ

474 4651 751 4739 350;?on
777 4652 1074 4739 Θέρμανςις
1108 4609 1255 4739 law/Ed;
1295 4675 1394 4726 μου
1428 4609 1733 4739 ἐφρξάχξη..
1758 4664 1813 4715 '0
1837 4665 2048 4739 ’ξελξίαν

475 4721 586 4792 ἕξιν
622 4721 927 4792 ἀναλαϐὼν,
963 4725 1020 4775 οὐ
1057 4721 1745 4792 κινεῖται”παντέλῶς”ὑτὶὺ
1799 4735 1906 4786 τῶν
1935 4736 2043 4790 λοι-

472 4789 808 4874 δορουμένοιν
844 4792 1386 4876 αὑτῷέςςΑὶὶγεῖκμὲν,
1412 4798 1504 4876 και
1539 4789 1634 4869 τῆν
1670 4803 1890 4870 καρδίαν
1930 4789 2040 4876 exs:

471 4860 915 4946 tagaveop‘évnv,
952 4860 1066 4946 ἀλλ’
1098 4860 1378 4946 oaxen:
1421 4868 1513 4920 καὶ
1557 4860 1917 4946 ιέαροιπξμψαι
1958 4860 2040 4946 ’πξῷ

474 4929 700 5007 orbitati.
750 4929 923 5007 λόγον.
973 4931 1057 5007 Ea:
1086 4929 1270 5007 verbis
1318 4941 1606 5004 peccatoris
1639 4929 1924 4996 Iudaei-sitm
1960 4929 2040 5000 me

471 5001 804 5078 consistentis
854 5004 1282 5078 concaluiligne
1310 5001 1582 5060 accensum
1628 5027 1717 5064 cor
1760 5029 1952 5078 meum,
1987 5025 2036 5067 et

472 5069 772 5152 istiusmodi
799 5071 1086 5152 patefactio
1127 5069 1266 5152 intra
1321 5093 1400 5129 me
1439 5089 1643 5131 serrata
1694 5080 1818 5147 fuit.
1859 5081 1915 5135 Is
1941 5069 2040 5152 'qui

471 5137 757 5213 perfectum
786 5140 1025 5213 habitum
1071 5145 1288 5213 accepit,
1322 5161 1427 5198 non
1461 5137 1705 5201 movetur,
1731 5152 1943 5204 omnino
1960 5137 2036 5205 ἀι)

471 5207 656 5285 iisqui
698 5209 796 5285 ipsi
833 5211 1168 5285 maledicunt.
1191 5207 1349 5269 'Dolet
1378 5217 1584 5284 quidem
1622 5225 1672 5270 et
1712 5235 1803 5272 cor
1829 5231 2040 5285 pertur-

470 5275 647 5326 batum
706 5277 894 5342 habet;
950 5297 1052 5334 non
1113 5283 1190 5337 ita
1245 5275 1440 5349 tamen,
1495 5296 1549 5338 ut
1604 5303 1668 5341 eo:
1701 5305 1789 5340 ore
1828 5275 2038 5343 uerbum

468 5355 689 5398 enimat.

541 5415 651 5482 (69)
691 5416 754 5468 Et
805 5434 898 5487 ego
953 5421 1198 5486 meditor,
1238 5433 1343 5477 etc.
1398 5423 1596 5478 Catena
1655 5426 1926 5480 Barbari:
1961 5426 2032 5480 Et

471 5488 749 5564 meditans,
780 5487 975 5564 inquit,
1009 5492 1187 5564 dicina
1229 5495 1435 5564 eloquia
1470 5495 1742 5558 ardebant,
1775 5499 2026 5564 quemad-

472 5555 680 5604 modum
713 5567 758 5607 et
791 5557 1044 5623 Cleophas
1076 5563 1252 5614 dicens
1279 5578 1297 5614 :
1323 5555 1510 5615 Nonne
1551 5579 1646 5617 cor
1675 5555 1915 5619 nostrum
1941 5583 2028 5620 ar-

474 5622 604 5700 dens
645 5633 761 5700 erat
820 5626 869 5677 in
896 5622 1252 5700 _i_iobis,clnni
1289 5633 1605 5694 loqueretur
1642 5634 1794 5685 nobis
1823 5636 1876 5687 iu
1916 5636 2022 5698 via,

470 5696 522 5736 et
548 5695 781 5754 aperiret
819 5695 975 5749 nobis
1001 5697 1350 5763 Scripturas?
1384 5700 1702 5770 Huiusmodi
1739 5703 1881 5766 fuere
1909 5695 2022 5758 rer;

1679 4315 1724 4349 ³⁸
1757 4317 1890 4374 Luc.
1919 4336 2018 4386 xu,
2044 4323 2134 4378 49.

2165 3182 2333 3235 lutum
2361 3199 2375 3246 ;
2414 3183 2488 3236 ita
2529 3189 2582 3236 et
2617 3181 2667 3235 hi
2701 3194 2929 3249 quorum
2981 3193 3078 3234 cor
3107 3176 3272 3230 divini
3297 3173 3445 3229 verbi
3479 3173 3617 3244 ignis
3645 3187 3736 3224 ac-

2165 3272 2432 3336 cenderit,
2468 3288 2572 3325 non
2603 3273 2878 3342 patientur
2914 3269 3052 3322 ultra
3081 3265 3454 3320 materialibus
3481 3274 3536 3317 et
3572 3279 3731 3316 mun-

2163 3363 2318 3417 danis
2337 3363 2591 3418 sordibus
2617 3361 2802 3431 pollui,
2843 3360 2978 3414 nihil
3005 3361 3056 3414 in
3087 3373 3145 3413 se
3176 3356 3415 3424 tepidum
3444 3355 3730 3422 recipient,

2160 3464 2216 3508 et
2246 3454 2388 3522 quod
2429 3453 2604 3507 evomi
2644 3453 2865 3520 dignum
2908 3451 2998 3516 sit,
3029 3463 3128 3503 nec
3175 3447 3449 3514 patientur
3485 3443 3732 3512 multipli-

2163 3551 2280 3594 cata
2321 3541 2373 3593 in
2428 3556 2484 3594 se
2529 3541 2817 3608 iniquitate
2855 3538 3211 3607 refrigescere
3240 3535 3602 3589 charitatem:
3636 3533 3727 3586 sed

2161 3642 2321 3684 erunt
2349 3647 2559 3700 semper
2592 3630 2867 3698 lampades
2901 3644 3088 3682 eorum
3124 3641 3384 3690 accensze,
3415 3634 3470 3680 et
3497 3625 3728 3678 lucernae

2160 3723 2435 3786 ardentes,
2462 3731 2518 3776 et
2550 3721 2650 3790 ipsi
2683 3721 2856 3788 parati
2885 3729 3142 3788 tanquam
3175 3720 3316 3774 servi
3342 3724 3723 3786 exspectantes

2171 3815 2446 3868 dominum
2478 3830 2634 3867 suum
2665 3813 2729 3866 de
2759 3812 2961 3881 nuptiis
2990 3812 3328 3865 redeuntem.
3355 3811 3460 3862 Aut
3490 3823 3594 3862 non
3627 3808 3728 3860 iste

2161 3915 2275 3958 erat
2320 3905 2462 3974 ignis
2501 3905 2591 3958 ille
2620 3905 2687 3957 de
2721 3919 2827 3972 quo
2881 3902 3136 3956 Salvator
3177 3910 3364 3954 noster
3401 3899 3616 3954 dicebat
3642 3899 3722 3952 ’δε

2159 3997 2340 4068 Ignem
2365 3997 2479 4050 veni
2505 3997 2707 4049 mittere
2733 3997 2786 4048 in
2810 4006 3025 4060 terram,
3058 4003 3102 4048 et
3125 3994 3252 4064 quid
3279 3992 3392 4046 volo
3420 3991 3520 4045 nisi
3555 4001 3608 4043 ut
3633 4006 3727 4042 ar-

2157 4090 2322 4142 deat?
2348 4090 2452 4143 Iste
2485 4089 2670 4156 procul
2707 4087 2870 4140 dubio
2899 4087 3040 4157 ignis
3080 4094 3162 4140 est
3185 4086 3273 4153 qui
3317 4085 3486 4154 frigus
3517 4083 3724 4152 peccati

2159 4181 2328 4252 fugat,
2353 4191 2405 4234 et
2432 4181 2666 4235 calorem
2699 4180 2922 4247 spiritus
2953 4186 3190 4234 revocat.
3216 4176 3328 4232 Hoc
3357 4175 3609 4231 nimirum
3641 4182 3726 4228 cst

2157 4461 2219 4512 ba
2261 4458 2523 4512 Jeremitc.
2559 4457 2711 4512 Unde
2757 4457 3012 4524 scriptum
3062 4464 3134 4509 est
3186 4453 3349 4528 Deum
3383 4450 3716 4528 ill-idinisse:

2161 4531 2299 4583 Ecce
2325 4529 2442 4581 dedi
2472 4531 2632 4580 verba
2667 4541 2780 4579 mea
2819 4518 2874 4579 in
2907 4540 2969 4577 os
3010 4535 3158 4576 tuum
3195 4526 3394 4590 ignem.
3430 4518 3719 4586 llujusmo-

2156 4601 2211 4651 di
2234 4607 2380 4649 erant
2411 4597 2605 4666 lingua
2633 4611 2790 4662 super
2823 4593 3088 4666 apostolos
3118 4589 3459 4666 Euagrtgelium
3502 4601 3716 4636 annun-

2153 4669 2376 4722 tiaturos
2402 4657 2728 4719 insidentes:
2755 4657 2872 4716 nam
2906 4663 3027 4714 visat
3050 4667 3168 4735 sunt
3195 4657 3300 4711 illis
3328 4671 3436 4709 esse
3464 4666 3714 4735 tanquam

2152 4738 2308 4805 ignis,
2342 4747 2395 4787 ut
2427 4735 2637 4787 illorum
2661 4739 2985 4805 sermo_esset
3030 4729 3368 4805 adhureus,__el
3399 4727 3712 4805 auditorum

2151 4792 2355 4858 «Summ
2403 4805 2771 4871 inﬂammaret.
2818 4798 3024 4871 Catena
3073 4795 3320 4871 Corderii
3356 4811 3369 4848 :
3399 4795 3508 4871 imi.
3539 4792 3714 4871 pals:

2146 4875 2255 4926 τῶν
2286 4873 2364 4937 δὲ,
2397 4861 2548 4940 φήσὶ,
2594 4871 2662 4922 τὰ
2692 4866 3011 4940 θεῖαᾲλογιᾳ,
3069 4865 3356 4940 ὲκᾲιιιιόμίτινΞ
3386 4865 3460 4928 ὼς
3505 4863 3555 4917 οἰ
3583 4861 3713 4940 περὶ

2147 4932 2426 4999 unum;
2457 4932 2704 5008 λέγοντες
2725 4955 2737 4968 ·
2759 4932 2918 5008 Οὺχᾼῑ
2934 4938 2971 5004 ἡ
2999 4934 3210 5008 καρδίᾳ
3227 4932 3415 5008 big—“Bt
3430 4932 3709 5008 κᾳιομέιξη

2145 5009 2223 5082 ἦν
2255 5013 2325 5064 ἐν
2352 5003 2540 5082 ἠμῖφξξ
2560 5010 2628 5082 Ἥ
2660 5003 3008 5082 ἐθερμοιὶνεὲο
3033 5008 3102 5082 si},
3138 5003 3301 5082 λύπῃ,
3339 5005 3556 5082 καὶ-οὑκ
3583 5003 3708 5082 e13-

2145 5073 2246 5144 Χει,
2273 5073 2412 5134 κοιτᾶ
2441 5081 2500 5132 τό
2519 5095 2530 5106 ·
2579 5073 2915 5146 pr/(eoae,
2953 5077 3047 5129 καὶ
3079 5073 3179 5144 "pii
3226 5073 3603 5143 ἁμαρτάνετε.

2149 5142 2246 5222 ego
2299 5152 2408 5220 γὰρ
2452 5150 2558 5222 pi],
2585 5142 2775 5222 πᾲῡεῖν
2824 5146 2929 5222 ὑμπὸ
2969 5142 3154 5222 ῥργῇςι,
3215 5142 3479 5222 κρεῖσισον.
3514 5147 3546 5215 ἦ
3585 5142 3710 5222 κᾳο⁹

2229 5212 2327 5285 ac;
2358 5212 2417 5273 ’ἑὸ
2445 5212 2501 5271 δὲ
2521 5212 2881 5286 ’ἐπιλογισμῷ
2913 5212 3024 5279 τοῖξ
3054 5212 3227 5284 ἁγίοις
3256 5212 3439 5286 ἐστὶν
3464 5212 3704 5283 ἐφικτόν.

2229 5225 2293 5285 ἃς
2314 5237 2327 5251 ⁸
2358 5225 2417 5273 τὸ
2445 5225 2501 5271 δὲ
2544 5225 2881 5286 ἐπιλογισμῷ
2913 5225 3024 5279 τοῖς
3054 5225 3227 5284 ἁγίοις
3275 5225 3421 5268 εστὶν
3464 5225 3702 5283 εφικτύν.

2147 5225 2228 5343 Ε
2255 5292 2456 5350 divina,
2497 5289 2692 5353 inquit,
2723 5289 2928 5355 eloquia
2982 5289 3239 5355 meditans
3277 5285 3702 5348 ett-ardescebant,

2146 5371 2200 5413 ut
2253 5361 2466 5427 quando
2522 5357 2775 5424 Cleophas
2817 5353 3020 5427 dicebat
3047 5371 3065 5407 ε
3092 5353 3279 5427 Nonne
3330 5368 3425 5407 cor
3460 5363 3702 5406 nostrum

2144 5424 2341 5482 ardens
2368 5437 2482 5480 erat
2532 5430 2581 5480 in
2616 5427 2803 5480 nobis?
2838 5424 2926 5478 Vel
2953 5424 3338 5476 concalescebat
3385 5439 3623 5480 rumore,
3653 5431 3702 5474 et

2142 5516 2244 5552 non
2279 5499 2609 5567 loquebatur,
2651 5497 2806 5562 juxta
2841 5496 2972 5567 illud
3003 5509 3020 5547 :
3049 5493 3367 5567 irascimini,
3420 5503 3476 5547 et
3537 5491 3704 5567 nolite

2139 5562 2390 5633 peccare.
2433 5566 2572 5619 Nam
2603 5579 2654 5618 ut
2692 5568 2823 5619 nihil
2856 5568 2919 5616 ab
2949 5565 3028 5616 ira
3051 5565 3344 5630 patiamur,
3373 5579 3535 5630 supra
3570 5562 3701 5613 eircs

2134 5648 2342 5688 nostras
2375 5648 2488 5690 est:
2526 5637 2945 5690 consideratione
2974 5644 3148 5686 autem
3195 5633 3340 5686 illam
3379 5633 3700 5702 supprimere

2128 5707 2370 5772 possibile
2392 5715 2464 5760 est
2489 5707 2706 5760 sanctis.
