4110 6456
416 338 552 391 139Ὶ

1075 327 1386 382 SELECTA
1417 324 1482 379 IN
1511 322 1849 378 PSALMOS.
1894 351 1960 361 ——
1996 319 2228 374 HOMIL.
2274 322 2288 373 Ι
2339 322 2403 375 IN
2439 326 2632 382 PS.\L.
2672 329 2955 385 XXXVIII.

3548 343 3681 399 I398

421 456 586 508 etiam
616 453 759 521 quod
797 450 849 505 in
875 450 1099 505 Actibus
1128 449 1491 519 apostolorum
1524 447 1840 508 refertur”,
1870 457 1991 498 cum
2022 444 2069 502 Α
2100 459 2228 498 cens
2252 447 2295 478 δ’
2330 463 2343 499 :
2375 447 2571 503 Deinde
2594 451 2719 518 ﬁnis
2750 469 2865 505 cum
2898 454 3179 508 tradiderit
3234 474 3451 529 regnum
3486 461 3594 515 Deo
3630 477 3685 517 et

416 547 551 599 dicit
591 546 721 614 quia
751 545 879 598 visa:
908 552 1034 597 sunt
1073 544 1153 596 eis
1198 543 1386 596 divisa:
1434 542 1632 610 linguae
1664 540 1804 597 sicut
1828 540 1993 608 ignis,

418 649 473 692 el.
499 638 814 693 consedisse
843 650 1007 704 super
1041 634 1336 701 apostolos,
1374 648 1471 702 pro
1501 648 1564 687 eo
1602 632 1815 686 scilicet
1849 630 1992 699 quod

422 732 701 801 Evangelii
739 731 960 785 verbum
1000 729 1345 797 prtedicaturi
1393 739 1446 782 et
1493 728 1634 797 ignei
1666 728 1870 798 vigoris
1898 727 1995 780 de-

423 824 611 878 berent
644 823 815 889 gratia
866 822 1137 884 roborari,
1175 829 1232 873 ut
1265 822 1572 874 auditorum
1615 820 1808 874 animae
1840 818 1995 871 ﬁam-

420 928 560 967 mam
613 927 710 981 per
745 912 1011 965 sermonis
1052 912 1331 966 traducem
1380 918 1677 964 sumerent.
1716 910 1821 965 Sed
1853 908 1994 963 unde

423 1002 555 1056 mihi
582 1003 681 1056 hoc
712 1010 769 1053 ut
797 1000 990 1070 lingure
1023 1003 1163 1072 ignis
1194 1002 1452 1057 veniatin
1483 1017 1578 1056 cor
1603 1018 1802 1069 meum,
1841 1012 1896 1057 et
1924 1002 1993 1057 de

418 1093 601 1160 lingua
648 1090 802 1158 ignea
848 1105 948 1159 ego
981 1106 1197 1158 quoque
1246 1091 1515 1159 proferam
1562 1107 1898 1157 sermonem,
1935 1101 1993 1146 ut

415 1196 479 1236 ex
514 1197 599 1235 me
630 1181 783 1235 velox
815 1182 1159 1235 sermonibus
1206 1183 1340 1236 meis
1383 1184 1715 1237 accendatur
1754 1184 1892 1253 ignis
1937 1185 1988 1239 in

418 1273 676 1328 cordibus
718 1274 1048 1338 auditorum,
1088 1274 1255 1346 694
1284 1287 1338 1329 et
1371 1286 1565 1343 arguat
1587 1292 1710 1331 eum
1738 1278 1829 1345 qui
1863 1292 1992 1347 pec-

412 1365 578 1428 cavit,
616 1373 671 1417 et
713 1364 978 1419 etIieiatur
1027 1366 1076 1420 ei
1131 1381 1312 1421 sermo
1352 1383 1504 1422 meus
1553 1370 1898 1437 supplicium,
1934 1380 1990 1424 ut

412 1457 639 1513 adustus
667 1466 722 1511 et
764 1456 1129 1512 inﬂammatus
1168 1462 1511 1517 sermonibus
1558 1464 1692 1519 meis
1722 1466 1904 1519 veniat
1935 1466 1985 1519 in

413 1549 818 1615 paenitentiam,
853 1564 974 1618 quae
1020 1549 1252 1604 salutem
1313 1554 1562 1607 stabilem
1609 1564 1869 1623 operatur
1919 1572 1983 1610 ex

415 1639 636 1692 tristitia
681 1653 803 1708 quae
846 1641 1143 1694 secundum
1197 1644 1362 1696 Deum
1402 1653 1503 1707 est,
1539 1660 1703 1713 quam
1736 1658 1800 1698 ex
1835 1644 1987 1700 verbi

414 1726 509 1783 Dei
556 1730 931 1799 increpatione
989 1734 1263 1801 suscepit?
1297 1736 1473 1803 Atque
1523 1735 1730 1789 utinam
1781 1735 1984 1804 possim

413 1822 486 1874 ita
526 1821 828 1875 accendere
855 1838 1073 1877 omnem
1105 1824 1340 1879 animam
1391 1827 1726 1893 auditorum,
1766 1836 1826 1881 ut
1866 1828 1990 1896 qui-

412 1926 627 1979 cunque
664 1912 765 1968 sibi
799 1915 1051 1968 conscius
1075 1926 1178 1978 est,
1207 1932 1313 1969 non
1348 1916 1528 1972 ferens
1573 1918 1745 1973 nostri
1785 1934 1991 1974 sermo-

415 2004 498 2057 nis
526 2004 863 2067 incendium,
906 2007 999 2059 sed
1027 2008 1284 2063 omnibus
1320 2008 1461 2063 intra
1494 2025 1552 2065 se
1582 2011 1886 2067 visceribus
1910 2012 1989 2066 in-

413 2092 746 2159 flammatus,
777 2097 1021 2152 velocius
1060 2110 1406 2156 consumeret
1457 2100 1685 2155 latentes
1726 2102 1990 2157 intrinse-

410 2201 507 2240 cus
537 2187 794 2243 vitiorum
838 2192 1070 2246 sordes:
1104 2201 1161 2245 ut
1203 2204 1561 2261 posteaquam
1617 2193 1988 2249 interemisset

408 2294 570 2334 onme
607 2282 871 2351 quidquid
915 2284 1099 2339 carnis
1139 2294 1195 2339 et
1248 2286 1493 2340 materiae
1543 2287 1834 2341 crassioris
1865 2302 1991 2355 pro-

410 2374 590 2440 prium
623 2384 709 2428 est
756 2386 809 2430 et
850 2379 1108 2443 anticum,
1141 2390 1269 2432 tunc
1298 2378 1411 2446 jam
1440 2379 1581 2449 ignis
1610 2379 1713 2434 iste
1743 2380 1898 2435 ﬁeret
1931 2380 1984 2435 in

408 2479 476 2518 eo
511 2463 603 2517 lux
630 2474 684 2519 et
716 2465 938 2521 lucerna
970 2468 1169 2524 ardens
1197 2483 1212 2523 :
1241 2484 1363 2538 quae
1397 2487 1502 2523 non
1529 2471 1631 2525 sub
1662 2471 1865 2537 modio,
1891 2472 1987 2525 sed

408 2570 572 2624 super
613 2560 998 2613 candelabrum
1052 2563 1183 2629 poni
1239 2563 1479 2626 deberet,
1541 2570 1599 2615 ut
1657 2562 1991 2617 illuminaret

409 2661 601 2702 omnes
652 2650 742 2717 qui
796 2651 850 2703 in
911 2653 1072 2706 domo
1118 2653 1326 2707 sunt“.
1359 2652 1417 2708 Si
1481 2669 1611 2723 ergo
1650 2656 1900 2709 accendit
1934 2666 1989 2711 te

407 2754 589 2793 sermo
651 2743 886 2809 auditus,
936 2752 993 2797 et
1035 2746 1360 2801 intellexisti
1409 2748 1538 2816 quid
1586 2748 1723 2800 dixit
1754 2748 1989 2817 Aposto-

406 2832 491 2887 Ius
515 2832 559 2865 “
597 2852 610 2888 :
647 2834 716 2888 Et
746 2838 863 2904 quis
915 2846 992 2890 est
1014 2840 1104 2907 qui
1145 2856 1224 2893 me
1257 2841 1506 2909 thiﬁcel,
1533 2846 1633 2896 nisi
1664 2845 1754 2913 qui
1786 2846 1987 2897 contri-

406 2935 582 2977 statur
620 2941 684 2980 ea:
728 2929 848 2981 me?
886 2928 1152 2994 Quoniam
1191 2931 1355 2984 verba
1410 2933 1578 3001 ipsius
1620 2945 1779 2989 erant
1820 2936 1984 3003 ignis,

403 3024 457 3066 et
491 3014 781 3069 laetabatur
818 3017 1109 3085 Apostolus
1144 3020 1322 3073 sicubi
1370 3021 1589 3077 videbat
1622 3024 1856 3091 aliquem
1889 3040 1984 3077 au-

2101 534 2275 592 Patri.
2314 540 2393 592 Ad
2432 556 2593 609 quem
2648 544 2810 596 linem
2844 544 3031 612 utique
3083 546 3444 602 festinandum
3478 562 3584 615 est,
3622 564 3674 606 ιιι

2097 628 2167 681 sit
2204 646 2380 695 opera:
2437 635 2670 701 pretium
2717 636 2819 689 hoc
2870 637 3044 705 ipsum
3089 641 3233 707 quod
3278 655 3306 691 a
3357 642 3464 696 Deo
3504 646 3673 697 creati

2095 735 2305 778 sumus.
2342 724 2408 777 Et
2468 742 2675 792 rursus,
2729 730 2868 783 sicut
2919 733 3165 799 corporis
3198 736 3369 787 nostri
3408 752 3674 807 compago

2096 827 2265 878 parva
2297 818 2545 884 quaedam
2572 832 2625 873 et
2651 822 2844 890 exigua
2895 822 2961 877 ab
3008 823 3161 877 initio
3201 825 3518 892 nativitatis,
3548 843 3679 882 con-

2094 906 2272 960 festim
2325 918 2503 965 tamen
2553 924 2708 982 urget
2752 923 2806 968 et
2845 915 3013 969 tendit
3050 916 3118 969 ad
3171 917 3329 970 tinem
3380 920 3669 985 quemdam

2095 999 2438 1065 proceritatis
2488 1018 2599 1057 sua:
2650 1020 2746 1073 per
2790 1007 2963 1061 aetatis
3011 1017 3317 1077 augmenta,
3349 1018 3401 1063 et
3449 1010 3669 1075 iterum.

2094 1089 2234 1145 sicut
2269 1094 2451 1147 anima
2498 1105 2679 1148 nostra
2713 1098 3010 1151 secundum
3040 1098 3144 1152 hoc
3176 1101 3321 1168 quod
3358 1102 3409 1154 in
3440 1116 3669 1169 corpore

2096 1179 2199 1234 hoc
2233 1183 2400 1252 degit,
2426 1184 2652 1239 festinat
2687 1189 2859 1255 primo
2887 1187 3155 1257 loquelam
3200 1190 3443 1261 recipere
3472 1192 3666 1247 balbu-

2097 1270 2343 1335 tientem,
2402 1276 2642 1329 secundo
2683 1278 2877 1331 deinde
2923 1279 3235 1348 clariorem,
3290 1291 3402 1335 tum
3449 1283 3666 1345 demum

2094 1362 2161 1413 ad
2192 1362 2614 1429 disputationem
2647 1367 2941 1435 perfectam
2969 1378 3131 1439 atque
3164 1371 3428 1440 integram
3472 1387 3666 1439 perve-

2096 1453 2251 1505 nire:
2284 1455 2386 1509 hoc
2417 1458 2574 1511 modo
2599 1460 2763 1512 etiam
2808 1462 2984 1515 omnis
3031 1463 3138 1515 vita
3187 1476 3368 1517 nostra
3409 1464 3667 1520 imbuitur

2092 1544 2309 1611 quidem
2339 1563 2481 1602 nunc
2509 1548 2653 1603 velut
2676 1550 2983 1607 balbutiens
3011 1554 3150 1609 inter
3180 1555 3430 1611 homines
3459 1557 3511 1611 in
3556 1567 3669 1612 ter-

2093 1638 2167 1692 ris
2196 1654 2208 1689 :
2247 1653 2655 1695 consummatur
2699 1659 2827 1698 vero
2864 1653 2917 1699 et
2948 1649 3013 1700 ad
3039 1662 3306 1704 summum
3343 1651 3589 1719 pervenit
3616 1652 3668 1706 in

2092 1729 2404 1785 ctelestibus
2428 1734 2569 1802 apud
2606 1733 2796 1789 Deum.
2832 1736 2992 1806 Cupit
3014 1753 3146 1807 ergo
3174 1741 3438 1811 propheta
3474 1743 3574 1797 ista
3603 1744 3669 1797 de

2095 1838 2255 1878 causa
2292 1840 2584 1896 agnoscere
2630 1827 2793 1881 ﬁnem
2830 1844 2985 1883 suum
3021 1842 3243 1899 propter
3294 1847 3457 1905 quem
3490 1834 3666 1893 factus

2093 1927 2206 1982 est,
2260 1928 2319 1973 ut
2370 1920 2584 1976 intuens
2629 1922 2785 1977 ﬁnem
2822 1933 2877 1978 et
2926 1924 3040 1979 dies
3083 1938 3209 1979 suos
3245 1925 3583 1994 perSpiciens
3614 1934 3669 1989 et

2093 2011 2449 2067 considerans
2479 2014 2892 2083 perfectionem,
2931 2016 3114 2070 videat
3143 2028 3405 2084 quantum
3443 2017 3544 2072 sibi
3573 2018 3666 2073 dc-

2094 2112 2177 2158 est
2232 2105 2296 2159 ad
2349 2105 2497 2159 illum
2551 2107 2711 2162 ﬁnem
2751 2124 2860 2178 quo
2893 2110 3085 2164 tendit.
3117 2110 3279 2164 Verbi
3309 2112 3504 2180 gratia,
3533 2121 3592 2165 ut
3619 2113 3663 2168 si

2093 2208 2363 2261 ponamus
2384 2198 2618 2265 aliquem
2652 2201 2887 2254 artiﬁcio
2919 2202 3201 2266 traditum,
3232 2211 3285 2257 et
3312 2202 3453 2257 hunc
3485 2203 3666 2257 dicere

2092 2287 2159 2338 ad
2195 2285 2513 2355 magistrum
2540 2286 2873 2349 suum,Vo|o
2903 2289 3044 2343 scire
3076 2305 3196 2360 quae
3224 2291 3295 2342 sit
3333 2291 3468 2344 artis
3503 2290 3660 2357 hujus

2092 2376 2373 2443 perfectio,
2405 2387 2459 2433 et
2502 2394 2664 2435 nosse
2692 2380 2784 2449 qui
2827 2382 2895 2434 sit
2926 2381 3079 2436 faber
3111 2381 3381 2451 perfectus
3414 2382 3497 2436 vel
3524 2391 3668 2437 stru-

2093 2478 2250 2522 ctur:
2287 2479 2490 2524 etcum
2530 2471 2631 2527 hoc
2664 2472 2941 2537 didicerit,
2981 2474 3227 2542 requirat
3255 2483 3519 2541 quantum
3561 2473 3664 2528 sibi

2092 2558 2243 2612 deest
2284 2560 2351 2612 ab
2396 2560 2484 2612 illa
2534 2561 2893 2627 perfectione,
2942 2562 3026 2615 vel
3068 2571 3331 2629 quantum
3378 2559 3669 2628 profecerit

2091 2648 2146 2703 in
2190 2650 2324 2705 artis
2367 2650 2678 2719 disciplina,
2715 2661 2772 2705 ut
2818 2669 2942 2706 cum
2977 2663 3269 2720 utrumque
3326 2652 3666 2722 cognoverit,

2090 2740 2229 2794 sciat
2264 2740 2389 2808 quid
2427 2740 2645 2808 habeat,
2683 2752 2737 2796 et
2777 2743 2907 2812 quid
2953 2743 3270 2811 perfectioni
3320 2742 3457 2796 desit
3501 2756 3670 2810 agno-

2090 2841 2238 2896 scat;
2292 2833 2366 2887 ita
2414 2833 2579 2887 etiam
2624 2844 2677 2887 et
2734 2850 2877 2888 nunc
2909 2837 3174 2903 propheta
3220 2843 3405 2887 orata
3443 2834 3554 2887 Deo
3582 2833 3669 2888 di-

2089 2938 2241 2976 scere
2290 2932 2346 2977 ut
2393 2924 2699 2979 innotescat
2744 2926 2845 2978 sibi
2890 2924 3035 2989 linis,
3073 2936 3127 2979 et
3162 2940 3423 2980 numerus
3453 2927 3668 2982 dierum

2089 3030 2309 3068 suorum
2346 3016 2436 3084 qui
2485 3016 2573 3069 sit.
2614 3015 2668 3068 In
2700 3031 2805 3083 quo
2830 3032 2935 3070 non
2970 3026 3053 3070 est
3094 3018 3392 3084 putandum
3424 3019 3566 3084 quod
3598 3018 3667 3072 de

403 3107 521 3159 dito
566 3121 821 3163 sermone
859 3125 959 3164 suo
1008 3113 1387 3168 contristatum
1416 3126 1471 3169 et
1500 3125 1884 3185 compunctum
1914 3133 1979 3171 ex

2091 3105 2355 3172 corporali
2403 3115 2646 3174 tempore
2699 3117 2755 3161 et
2810 3108 2968 3161 annis
3014 3109 3175 3176 hujus
3213 3110 3337 3162 vitae
3388 3108 3665 3175 loquatur,

405 3199 493 3254 his
528 3214 649 3269 quae
692 3202 961 3268 audierat,
1006 3204 1246 3272 quodam
1289 3209 1640 3262 conscientiae
1693 3223 1805 3263 sua:
1861 3209 1982 3277 igne

402 3306 728 3348 succensum
753 3311 820 3350 ex
853 3297 1229 3351 recordatione
1271 3300 1479 3361 delicti,
1511 3310 1802 3368 propterea
1833 3302 1984 3356 dice-

404 3385 496 3439 bat
525 3400 539 3438 :
568 3382 636 3439 Et
673 3389 789 3456 quis
818 3397 894 3440 est
922 3390 1011 3457 qui
1042 3404 1121 3443 me
1155 3390 1410 3459 la’ti/icet,
1439 3393 1544 3446 nisi
1571 3393 1663 3461 qui
1695 3394 1986 3447 contrista—

404 3486 491 3529 tur
521 3492 587 3530 ea:
636 3478 754 3532 me?
786 3478 860 3532 Ita
893 3494 1023 3549 ergo
1063 3490 1117 3534 et
1155 3497 1251 3536 nos
1297 3482 1659 3553 satisagamus
1686 3495 1744 3537 ut
1784 3485 1837 3538 in
1871 3499 1985 3539 me-

404 3572 759 3627 ditationibus
810 3575 1012 3628 nostris
1056 3576 1391 3631 accendatur
1437 3578 1600 3647 ignis,
1626 3579 1716 3646 qui
1746 3593 1845 3633 nos
1874 3579 1985 3647 pri-

403 3678 492 3716 mo
524 3673 741 3728 exurat,
778 3672 835 3718 et
871 3667 1251 3722 recordatione
1287 3678 1342 3722 et
1389 3670 1727 3723 conscientia
1777 3684 1979 3738 peccao

404 3765 603 3822 torum,
643 3768 830 3820 postea
861 3773 991 3812 vero
1014 3769 1349 3829 expurgatos
1377 3759 1488 3828 jam
1535 3762 1681 3816 vitiis
1714 3760 1986 3817 illuminet

402 3859 455 3900 et
487 3849 741 3902 illustret.

471 3939 526 3992 8.
568 3937 800 3993 Locutus
853 3956 991 4005 sum,
1034 3940 1227 4007 inquit,
1264 3943 1317 3994 in
1357 3942 1539 4010 lingua
1583 3948 1719 3995 mea".
1748 3940 1886 4006 Quid
1914 3942 1987 3994 lo-

400 4040 562 4085 cutus
614 4032 684 4085 sit
739 4033 790 4085 in
834 4032 1018 4101 lingua
1057 4048 1179 4097 sua,
1228 4036 1644 4088 consideremus
1694 4050 1707 4085 :
1762 4034 1985 4087 videtur

400 4118 545 4172 enim
581 4120 711 4172 mihi
747 4135 838 4187 per
871 4121 985 4174 hrec
1018 4122 1308 4192 mysticum
1343 4121 1547 4189 aliquid
1586 4122 1853 4174 indicare.
1894 4120 1984 4173 Ait

401 4209 804 4279 ergo:Notum
850 4212 937 4279 fac
985 4214 1135 4277 mihi,
1194 4213 1439 4275 Domine,
1495 4213 1655 4279 finem
1706 4227 1903 4275 meum,
1934 4220 1983 4263 et

400 4316 678 4354 numerum
728 4301 931 4354 dierum
970 4317 1201 4354 meorum
1253 4304 1371 4372 quis
1425 4312 1519 4365 est,
1562 4310 1619 4353 ut
1651 4302 1815 4354 sciam
1856 4299 1984 4369 quid

397 4395 532 4445 desit
561 4393 712 4446 mihi.
757 4393 838 4455 Si,
890 4392 1084 4461 inquit,
1123 4402 1310 4447 notum
1355 4392 1553 4447 feceris
1599 4394 1759 4446 tinem
1801 4406 1979 4446 meum

400 4481 555 4545 mihi,
587 4492 642 4535 et
672 4492 911 4549 quantus
960 4482 1033 4536 sit
1076 4497 1336 4537 numerus
1360 4482 1568 4536 diermn
1604 4496 1850 4536 meorum
1886 4497 1981 4536 no—

397 4583 509 4629 tum
542 4573 739 4629 feceris
770 4576 920 4639 mihi,
961 4585 1153 4646 potero
1183 4590 1280 4644 per
1306 4576 1419 4629 haec
1445 4577 1611 4629 etiam
1647 4575 1779 4630 illud
1805 4591 1978 4646 agno-

395 4680 569 4730 scere,
608 4667 739 4734 qttid
793 4667 935 4721 desit
974 4668 1127 4721 mihi.
1183 4669 1288 4720 Aut
1334 4667 1474 4720 forte
1522 4682 1618 4737 per
1658 4669 1773 4723 haec
1814 4669 1980 4723 etiam

399 4757 532 4810 illud
570 4758 843 4811 videbitur
878 4758 1131 4821 indicari,
1163 4759 1292 4827 quia
1334 4759 1478 4813 sicut
1521 4760 1699 4813 omnis
1734 4760 1867 4814 artis
1896 4768 1985 4815 est

397 4844 598 4911 aliquis
635 4844 780 4908 ﬁnis,
807 4846 959 4900 verbi
996 4846 1168 4916 gratia
1203 4848 1525 4902 structionis
1565 4848 1709 4912 linis,
1751 4850 1973 4903 domum

399 4930 602 4993 facere,
635 4934 909 5002 naupagii,
943 4950 1135 4989 navem
1174 4946 1491 4990 construere
1519 4953 1641 5006 quae
1677 4940 1848 5007 possit
1877 4941 1979 4994 ιιυ-

399 5034 519 5081 ctus
554 5025 719 5077 maris
750 5041 1008 5095 superare
1039 5037 1093 5081 et
1135 5027 1278 5082 ferre
1310 5028 1542 5097 impetus
1569 5040 1879 5095 ventorum,
1924 5042 1981 5088 et

400 5113 825 5183 uniuscujusque
871 5117 1007 5169 artis
1044 5127 1127 5172 est
1166 5120 1367 5189 aliquis
1413 5120 1536 5174 talis
1567 5120 1712 5185 ﬁnis,
1749 5133 1973 5191 prepter

401 5220 561 5274 quem
603 5222 693 5261 ars
739 5208 851 5275 ipsa
912 5208 1126 5262 videtur
1171 5222 1427 5280 reperta:
1462 5213 1533 5266 ita
1586 5213 1855 5269 fortassis.
1893 5224 1980 5270 est

401 5299 526 5351 vitae
561 5306 763 5353 nostra:
796 5299 881 5352 vel
919 5301 1084 5355 totius
1115 5304 1297 5356 tuundi
1324 5303 1448 5357 ﬁnis
1478 5305 1721 5372 quidam,
1758 5316 1981 5376 propter

402 5409 563 5463 quem
601 5406 869 5462 geruntur
903 5397 1085 5450 omnia
1117 5412 1237 5466 qua:
1263 5406 1527 5467 geruntur
1552 5400 1605 5453 in
1626 5400 1735 5453 vita
1770 5411 1978 5466 nostra,

405 5486 488 5537 vel
518 5496 739 5555 propter
771 5502 930 5554 quem
967 5490 1197 5542 mundus
1230 5488 1344 5557 ipse
1366 5489 1449 5543 vel
1481 5490 1762 5545 institutus
1789 5500 1870 5546 est
1899 5493 1981 5546 vel

403 5586 641 5631 constat.
670 5576 838 5648 Cujus
896 5578 1016 5633 ﬁnis
1061 5580 1225 5634 etiam
1272 5580 1563 5649 Apostolus
1606 5581 1853 5636 meminit
1902 5582 1982 5637 di-

473 5759 517 5789 "
545 5762 663 5815 Act.
701 5777 757 5816 ll.

834 5764 878 5793 ⁸ο
905 5762 1095 5818 Matth.
1122 5780 1173 5830 ν,
1204 5764 1289 5819 15.
1369 5765 1409 5795 ⁶¹
1444 5762 1484 5816 II
1518 5763 1645 5822 Cor.
1674 5784 1732 5834 tt,
1764 5764 1817 5817 2.

1899 5767 1941 5798 "
1974 5772 2011 5826 ll
2036 5771 2167 5826 Cor.
2202 5783 2287 5833 xv,
2320 5765 2410 5821 24.

2088 3199 2182 3250 sed
2209 3212 2423 3251 omnem
2458 3214 2742 3252 numerum
2771 3198 2981 3253 dierum
3024 3201 3169 3254 Scire
3204 3199 3339 3264 vult,
3372 3200 3463 3266 qui
3504 3199 3672 3254 fuerit

2089 3288 2143 3341 in
2174 3290 2349 3357 prima
2392 3289 2527 3353 vita,
2559 3291 2648 3359 qui
2693 3290 2859 3346 fuerit
2904 3294 2955 3345 in
3007 3294 3244 3347 secundo
3288 3292 3547 3353 incolatu,
3575 3292 3667 3361 qui

2090 3382 2142 3433 in
2175 3382 2354 3435 tertio.
2402 3381 2630 3435 Multum
2661 3383 2825 3446 enim,
2871 3381 3136 3451 inquit“,
3176 3383 3349 3437 incola
3408 3383 3511 3452 fuit
3550 3384 3668 3436 ani-

2088 3490 2173 3526 ma
2202 3490 2337 3527 mea.
2366 3474 2523 3528 Velut
2548 3475 2592 3532 si
2626 3474 2867 3529 dicerent
2892 3474 2965 3528 illi
2994 3476 3085 3544 qui
3113 3477 3368 3529 exierunt
3398 3492 3461 3530 ex
3495 3475 3667 3546 Egy-

2087 3574 2181 3632 pto
2206 3584 2220 3619 :
2250 3563 2449 3620 Nolunt
2495 3566 2579 3635 {ac
2611 3568 2762 3631 mihi,
2797 3568 3040 3634 Domine,
3076 3568 3232 3635 ﬁnem
3270 3568 3519 3630 meum“,
3547 3582 3667 3636 qua!

2087 3665 2171 3712 est
2208 3667 2352 3711 terra
2397 3658 2539 3711 bona
2570 3667 2624 3711 et
2656 3666 2805 3712 terra
2843 3666 3057 3721 sancta,
3086 3667 3132 3711 et
3164 3672 3434 3709 numerum
3465 3656 3669 3710 dierum

2087 3764 2325 3803 meorum
2357 3749 2409 3802 in
2445 3748 2641 3818 quibus
2677 3747 2914 3811 ambulo,
2956 3756 3012 3800 ut
3039 3748 3203 3800 sciam
3236 3747 3367 3816 quid
3408 3746 3542 3797 desit
3568 3746 3669 3800 mi-

2087 3838 2163 3902 hi,
2189 3849 2452 3907 quautum
2501 3848 2669 3893 restat
2699 3854 2982 3907 usquequo
3010 3838 3323 3907 perveniam
3369 3838 3436 3891 ad
3467 3843 3669 3891 terram

2088 3939 2332 3982 sanctam
2362 3927 2843 3996 repromissionis:
2876 3929 2950 3982 ita
2998 3935 3053 3982 et
3102 3929 3190 3981 hic
3230 3928 3345 3980 vult
3378 3942 3538 3981 nosse
3570 3943 3673 3981 nu-

2088 4035 2297 4074 merum
2335 4020 2549 4073 dierum
2601 4021 2653 4073 in
2693 4019 2894 4087 quibus
2928 4018 3029 4071 iter
3055 4018 3186 4087 agit.
3223 4016 3495 4071 Habemus
3523 4017 3667 4071 enim

2088 4112 2204 4165 dies
2242 4112 2509 4179 quosdam
2540 4111 2757 4178 quidem
2793 4109 2845 4163 in
2890 4110 2994 4163 hoc
3030 4109 3251 4172 mundo,
3282 4109 3542 4175 quosdam
3578 4124 3673 4162 au-

2089 4210 2195 4253 tem
2233 4211 2285 4255 et
2310 4210 2465 4256 extra
2499 4204 2643 4256 hunc
2681 4203 2963 4255 mundum.
2992 4199 3172 4253 Alium
3203 4198 3347 4253 enim
3373 4198 3499 4251 facit
3526 4199 3668 4253 diem

2088 4292 2219 4346 solis
2248 4291 2354 4347 iste
2388 4307 2585 4347 cursus
2613 4292 2782 4345 nostri
2818 4292 2981 4361 hujus
3014 4291 3138 4346 coeli
3185 4290 3375 4358 spatiis
3410 4289 3671 4343 termina-

2091 4393 2196 4447 tus,
2229 4383 2397 4437 alium
2437 4384 2598 4438 habet
2637 4384 2777 4437 diem
2806 4382 2895 4436 ille
2917 4383 3006 4450 qui
3043 4382 3107 4434 ad
3136 4381 3361 4436 secundi
3394 4380 3514 4435 cmli
3543 4396 3668 4450 per-

2096 4474 2279 4527 venire
2324 4485 2566 4529 meretur
2617 4488 2930 4527 ascensum.
2964 4475 3139 4529 Multo
3188 4474 3333 4527 enim
3381 4472 3667 4526 clariorem

2092 4566 2233 4620 diem
2258 4566 2410 4621 ducit
2431 4566 2523 4621 ille
2552 4566 2643 4634 qui
2672 4581 2840 4636 usque
2865 4566 2931 4620 ad
2966 4568 3183 4621 tertium
3213 4565 3411 4620 etelum
3444 4563 3527 4617 vel
3555 4565 3668 4634 rapi

2094 4660 2176 4713 vel
2200 4661 2487 4728 pervenire
2519 4661 2782 4731 potuerit,
2814 4659 2903 4714 ubi
2934 4676 3040 4715 non
3074 4660 3247 4716 solum
3289 4659 3560 4715 itteﬂ'abilc
3591 4659 3672 4711 luo

2092 4768 2214 4807 men
2258 4753 2520 4818 inveniet,
2554 4768 2747 4807 verum
2788 4753 2953 4807 etiam
2993 4753 3156 4807 verba
3196 4768 3314 4822 quae
3359 4752 3563 4807 homini
3595 4753 3672 4806 ιυ-

2090 4843 2182 4912 qui
2226 4858 2330 4897 non
2376 4844 2556 4907 liceat,
2586 4845 2788 4898 audiet.
2829 4842 2961 4897 Novi
3005 4852 3059 4897 et
3090 4841 3225 4897 alios
3262 4843 3397 4906 dies,
3438 4856 3670 4911 quorum

2094 4950 2383 4989 numerum
2421 4934 2673 4990 fortassis
2704 4934 2966 5004 propheta
3016 4934 3211 4988 merito
3252 4931 3670 5002 requirit..Nant

2090 5030 2230 5084 sicut
2282 5030 2333 5083 in
2366 5029 2469 5083 hoc
2514 5028 2652 5084 cmlo
2694 5029 2772 5083 sol
2806 5039 3027 5083 exortus
3070 5038 3125 5084 et
3156 5027 3469 5082 universum
3516 5043 3673 5080 mun-

2091 5124 2221 5176 dum
2268 5122 2546 5176 illustrans
2591 5122 2733 5176 diem
2778 5120 2958 5175 facit:
2994 5122 3067 5173 ita
3112 5128 3171 5174 et
3212 5120 3262 5173 in
3309 5121 3474 5175 corde
3513 5119 3670 5189 justi,

2088 5216 2232 5286 quod
2270 5229 2365 5283 pro
2396 5214 2700 5267 constantia
2732 5221 2786 5267 et
2821 5212 3075 5266 ﬁrmitate
3119 5212 3212 5267 Dei
3264 5212 3669 5266 ﬁrmamentum

2090 5308 2288 5361 merito
2333 5305 2660 5376 appellatur,
2697 5303 2743 5359 si
2780 5305 3063 5358 exoriatur
3111 5302 3190 5357 sol
3241 5302 3468 5371 iustitia:
3508 5302 3671 5357 Jesus

2087 5397 2346 5451 Christus
2390 5396 2653 5450 Dominus
2682 5404 2889 5459 noster,
2925 5402 2978 5447 et
3014 5393 3279 5447 illuminet
3310 5408 3432 5447 eum
3468 5391 3671 5447 lumine

2088 5490 2331 5543 scientiae
2370 5496 2425 5541 et
2464 5489 2733 5550 veritatis,
2762 5488 2905 5540 diem
2945 5485 3075 5541 facit
3120 5485 3170 5539 in
3221 5486 3387 5540 corde
3417 5485 3577 5554 ejus:
3613 5495 3669 5542 et

2089 5590 2300 5651 quanto
2348 5580 2685 5644 frequentius
2743 5581 2991 5634 exoritur
3049 5589 3103 5633 et
3166 5578 3456 5645 illuminat,
3520 5589 3668 5634 tanta

2488 5766 2532 5798 "
2558 5764 2696 5821 Psal.
2729 5779 2875 5831 αλιι,
2906 5764 2958 5818 6.
3038 5763 3080 5794 ⁵⁸
3113 5761 3252 5817 Ilsal.
3286 5777 3515 5825 xxxvtn,
3543 5762 3602 5815 5.
