4110 6446
460 336 592 390 [399

1848 326 1939 381 EX
1970 324 2268 381 ORIGENE

3568 323 3703 375 Mill)

454 448 709 520 majorem
741 451 841 505 sibi
876 450 1061 504 talium
1098 449 1304 504 dierum
1348 462 1629 502 numerum
1660 449 2011 517 computabit.
2049 452 2095 507 Α
2124 448 2297 515 ipsum
2349 450 2490 515 quod
2544 446 2698 511 dixit,
2745 446 2867 515 quia
2918 447 3215 502 substantia
3266 462 3381 500 mea
3444 453 3697 515 tanquam

455 544 625 609 Digne
664 558 793 612 ergo
840 542 1088 596 conscius
1121 542 1223 593 sibi
1257 540 1517 609 propheta
1551 541 1618 594 de
1650 537 2019 606 hujuscemodi

454 632 850 685 illutuinatione
877 631 1040 684 dicit:
1069 628 1271 682 Nolunt
1308 629 1393 696 [ac
1416 630 1565 691 mihi,
1592 627 1833 693 Domine,
1863 627 2019 694 ﬁnem

455 738 646 785 meum,
698 730 745 773 et
804 736 1079 772 numerum
1138 720 1343 772 dierum
1398 735 1631 773 meorum
1682 719 1797 787 quis
1836 730 1932 784 est,
1966 728 2019 770 ut

452 811 611 865 sciam
636 812 763 880 quid
791 812 925 864 desit
952 811 1104 863 mihi.

521 900 575 954 9.
614 902 678 955 Et
731 900 1086 955 addit:Ecce
1145 908 1337 953 veteres
1398 901 1622 966 posuisti
1680 904 1790 956 dies
1853 919 2017 957 meos.

452 991 506 1043 lu
565 990 755 1045 Graeco
808 991 1081 1051 scribitur,
1142 991 1484 1056 παλαιστάς,
1540 994 1687 1061 quod
1751 993 2023 1063 signiﬁcat

456 1096 767 1135 mensuram
802 1091 1035 1149 quatuor
1069 1082 1382 1148 digitorum.
1445 1082 1641 1137 Volens
1697 1098 1829 1152 ergo
1858 1085 2020 1155 695

453 1175 646 1226 docere
698 1186 795 1225 nos
854 1173 943 1240 qui
1000 1172 1111 1241 jam
1147 1174 1197 1226 in
1254 1174 1357 1228 hac
1403 1175 1513 1229 vita
1552 1175 1741 1228 breves
1788 1186 1840 1230 et
1895 1194 2022 1246 per-

453 1279 655 1332 paucos
681 1264 926 1318 ducimus
956 1266 1088 1329 dies,
1120 1267 1259 1322 dixit
1286 1270 1429 1323 hunc
1463 1271 1790 1324 versiculum
1823 1273 1888 1325 de
1914 1287 2020 1340 quo

455 1372 616 1425 supra
644 1357 902 1411 diximus.
952 1356 1029 1410 Ex
1077 1373 1184 1427 quo
1214 1360 1540 1430 intelligitur
1583 1362 1708 1429 quia
1749 1363 1917 1430 possit
1966 1372 2022 1416 et

455 1447 595 1503 alius
621 1448 826 1512 dicere,
859 1448 982 1516 quia
1000 1449 1123 1502 Dies
1153 1464 1300 1503 meos
1324 1451 1553 1518 posuisti
1580 1466 1742 1503 unum
1773 1452 2016 1521 digitum,

455 1535 601 1589 velut
654 1550 994 1605 consequens
1045 1540 1111 1591 de
1144 1540 1400 1607 temporis
1440 1540 1739 1604 brevitate,
1782 1551 1837 1595 et
1884 1542 2021 1596 alius

455 1624 592 1677 duos
622 1625 817 1692 digitos
843 1624 921 1677 vel
954 1633 1083 1682 tres.
1117 1627 1310 1691 Quaero
1342 1639 1520 1683 autem
1553 1631 1598 1684 si
1631 1640 1807 1698 potest
1829 1631 2021 1699 aliquis

457 1713 731 1766 hominum
774 1712 956 1767 dicere
989 1716 1113 1783 quia
1143 1717 1268 1771 Dies
1294 1719 1400 1773 mei
1450 1723 1631 1774 decem
1682 1722 1831 1789 digiti
1872 1733 2018 1789 sunt,

2125 536 2344 589 nihilum
2389 545 2507 588 ante
2537 545 2585 587 te
2617 544 2721 599 est,
2753 536 2960 589 addidit
3003 546 3058 590 et
3105 537 3237 590 dicit
3273 553 3288 592 :
3332 534 3699 589 Verumtamen

2124 628 2366 679 universa
2392 628 2603 679 vanitas
2636 627 2803 680 omnis
2830 626 2984 680 homo
3027 628 3215 680 vivens.
3243 626 3527 693 Quomodo
3557 627 3698 679 acci-

2124 718 2206 786 pis
2239 718 2451 771 vivens?
2486 719 2751 786 siquidem
2783 732 2966 772 veram
2998 719 3161 773 vitam
3198 720 3493 773 vanitatem
3540 728 3696 787 puta-

2124 823 2264 873 mus,
2311 817 2368 861 ut
2409 808 2537 877 quid
2594 809 2947 863 laboramus?
2995 808 3101 864 Sed
3147 809 3270 863 vide
3321 824 3391 863 ne
3427 810 3563 864 forte
3594 810 3697 864 hoc

2123 904 2266 971 quod
2311 903 2463 969 dicit,
2509 906 2687 958 omnis
2734 904 2965 970 vivens,
3017 904 3083 957 de
3134 904 3235 958 hac
3280 904 3531 972 praesenti
3583 904 3694 956 vita

2124 996 2499 1064 accipiendum
2538 996 2632 1062 sit,
2661 995 2800 1050 sicut
2828 996 3091 1064 scriptum
3118 1003 3230 1059 est,
3280 1004 3336 1049 et
3367 994 3695 1048 testimoniis

2124 1086 2616 1155 comprobabimus.
2656 1086 2849 1141 Omnia
2880 1086 3023 1141 enim
3060 1101 3179 1155 quae
3209 1086 3260 1139 in
3292 1087 3394 1139 hac
3425 1085 3535 1137 vita
3566 1097 3691 1137 sttnt

2123 1176 2263 1245 apud
2292 1175 2561 1239 homines,
2614 1191 2751 1229 vana
2800 1185 2942 1239 sunt,
2991 1176 3201 1230 etiamsi
3249 1174 3458 1245 Moyses
3502 1175 3554 1228 in
3593 1174 3693 1227 hac

2122 1268 2229 1317 vita
2261 1267 2351 1327 sit,
2381 1276 2431 1318 et
2460 1267 2573 1333 ipse
2599 1267 2743 1319 enim
2776 1282 2839 1321 ex
2864 1277 3016 1335 parte
3042 1266 3339 1334 cognoscit,
3367 1276 3421 1319 et
3446 1281 3509 1318 ex
3541 1274 3694 1334 parte

2122 1357 2425 1425 prophetat,
2458 1366 2513 1411 et
2540 1371 2635 1424 per
2656 1356 2937 1426 speculum
2973 1366 3029 1411 et
3074 1357 3128 1410 in
3183 1358 3473 1424 aenigmate
3518 1356 3687 1421 videt,

2121 1456 2175 1501 et
2210 1448 2453 1501 umbram
2482 1447 2603 1511 scit,
2648 1463 2711 1501 ac
2749 1447 2946 1518 ﬁguras
2999 1448 3247 1510 docetur,
3300 1454 3351 1500 et
3400 1446 3684 1500 veritatem

2122 1538 2355 1592 nondum
2385 1538 2547 1603 videt,
2573 1547 2627 1591 et
2657 1537 2778 1592 ideo
2816 1547 2898 1592 est
2933 1537 3149 1607 quidem
3184 1536 3390 1601 vivens,
3417 1536 3511 1590 sed
3544 1535 3691 1588 vani-

2124 1635 2205 1681 tas
2227 1637 2307 1680 est
2339 1628 2442 1681 vita
2477 1629 2615 1695 ejus.
2646 1626 2711 1680 Et
2757 1627 2838 1680 vis
2886 1627 3070 1679 videre
3124 1627 3251 1695 quia
3302 1627 3516 1680 vanitas
3561 1624 3690 1680 est?

2123 1717 2251 1771 Cum
2299 1719 2499 1771 venerit
2549 1718 2688 1784 quod
2719 1717 3006 1785 perfectum
3044 1726 3141 1781 est,
3195 1718 3532 1771 destruentur
3586 1717 3687 1770 ista

455 1810 547 1853 aut
578 1802 788 1869 viginti,
844 1811 936 1854 aut
963 1782 1124 1856 etiam
1157 1806 1414 1875 amplius.
1447 1808 1514 1863 Et
1547 1810 1675 1879 quia
1723 1782 1839 1865 loca
1883 1782 2017 1868 dim;
2053 1782 2093 1840 Β
2120 1823 2234 1876 qua:
2256 1824 2322 1861 ea:
2351 1819 2499 1876 parte
2520 1782 2641 1862 sunt
2674 1782 2738 1861 "ﬁ.
2776 1782 2949 1861 omne
2985 1815 3164 1861 autem
3200 1807 3343 1877 quod
3386 1807 3689 1861 destruitur

452 1893 571 1946 cilia
607 1893 955 1959 incurrimus,
987 1896 1143 1949 velim
1175 1900 1455 1968 requirere
1483 1903 1657 1957 sicubi
1689 1904 1742 1957 in
1774 1905 2019 1975 Scriptu-

453 1987 525 2039 ris
582 1986 689 2040 tale
721 1986 925 2055 aliquid
958 1988 1284 2057 invenimus,
1334 2007 1400 2046 ex
1450 2009 1557 2061 quo
1604 1997 1774 2064 possit
1817 1998 2013 2066 aperiri

451 2076 660 2144 planius
695 2077 745 2131 id
769 2080 910 2147 quod
934 2080 1149 2134 videtur
1177 2081 1487 2138 obscurum.
1520 2085 1574 2138 In
1605 2085 1737 2140 Isaia
1757 2088 2013 2156 scriptum

450 2169 709 2221 recordor
735 2168 779 2200 "
816 2185 830 2222 :
862 2169 992 2234 Quis
1014 2176 1224 2225 metitus
1254 2184 1357 2237 est,
1396 2176 1593 2244 inquit,
1617 2193 1777 2230 manu
1801 2194 2013 2247 aquam,

450 2267 494 2310 et
525 2260 707 2312 caelum
729 2260 922 2327 palmo,
947 2272 993 2314 et
1023 2279 1226 2317 omnem
1250 2274 1441 2318 terram
1465 2267 1662 2336 pugillo
1679 2269 1705 2321 2
1726 2268 1800 2321 Ex
1822 2270 2015 2337 quibus

450 2349 758 2403 consideret
802 2350 1046 2421 quisquis
1099 2353 1190 2407 ille
1219 2364 1303 2407 est
1354 2356 1671 2422 prudentior
1706 2358 2011 2411 auditorum

449 2452 544 2504 per
563 2440 770 2509 singula
802 2440 919 2495 loca
950 2441 1283 2500 diﬂ'erentias
1316 2462 1712 2512 mensurarum,
1747 2449 2015 2518 quomodo

448 2541 637 2581 eorum
669 2530 885 2598 quidem
911 2533 1003 2600 qui
1034 2533 1234 2588 caelum
1276 2546 1552 2590 merentur
1582 2538 1860 2607 appellari,
1888 2555 2016 2607 pars

449 2618 569 2671 vita:
600 2634 720 2687 quae
761 2620 1000 2675 caelestis
1042 2632 1144 2687 est,
1178 2628 1356 2693 palmo
1404 2626 1499 2681 Dei
1555 2628 1733 2681 metiri
1790 2628 2012 2692 dicitur,

448 2709 752 2777 quicunque
798 2710 885 2765 ille
931 2721 1015 2767 est
1050 2714 1141 2768 Dei
1174 2716 1381 2785 palmus
1416 2736 1429 2772 :
1463 2727 1517 2771 et
1545 2734 1732 2772 eorum
1781 2735 2012 2788 quorum

449 2798 555 2850 vita
590 2799 765 2853 adhuc
808 2807 1018 2856 terrena
1067 2814 1185 2866 est,
1247 2806 1448 2875 pugillo
1493 2807 1582 2861 Dei
1628 2809 1737 2861 vita
1769 2810 2010 2864 metitur.

447 2889 552 2941 Sed
596 2890 780 2960 pugilli
829 2892 998 2946 divini
1046 2893 1405 2951 differentiam
1451 2914 1593 2952 nunc
1629 2899 1925 2968 requirere,
1962 2908 2015 2956 et

446 2992 687 3037 nostrum
723 3000 1024 3041 sermonem
1072 2997 1127 3042 et
1180 2989 1423 3042 auditum
1470 3000 1710 3044 vestrum
1762 2990 2011 3047 fortassis

444 3074 689 3129 excedat.
729 3073 1112 3130 Verumtamen
1138 3077 1274 3131 sicut
1319 3078 1391 3131 ibi
1431 3092 1592 3132 manu
1626 3095 1818 3149 aquam
1848 3084 2008 3136 meti-

446 3173 529 3219 tus
553 3173 657 3227 est,
699 3165 875 3232 palmo
904 3167 1123 3233 cmlum,
1151 3177 1206 3222 et
1228 3183 1443 3223 omnem
1474 3180 1673 3225 terram
1709 3172 1929 3241 pugillo,
1956 3186 2011 3228 ct

447 3257 703 3324 appendit
734 3268 945 3312 montes
970 3258 1023 3311 in
1060 3267 1290 3325 statera,
1330 3269 1383 3315 et
1421 3261 1589 3315 colles
1627 3262 1680 3315 in
1718 3262 1889 3332 jngo;
1936 3266 2009 3319 ita

446 3350 605 3402 etiam
642 3349 728 3403 hic
768 3350 1066 3405 secundum
1100 3353 1343 3407 eamdem
1380 3355 1830 3422 consequentiam
1862 3371 2011 3409 men-

446 3452 570 3491 sura
616 3440 720 3492 ista
772 3450 829 3493 et
880 3439 1226 3509 intelligenda
1273 3451 1376 3507 est,
1413 3443 1669 3512 quoniam
1723 3444 1853 3497 nihil
1904 3445 2011 3497 Dco

442 3529 559 3582 sine
590 3544 843 3584 mensura
870 3540 973 3593 est,
1006 3532 1140 3586 nihil
1173 3533 1290 3588 sine
1324 3535 1581 3603 pondere,
1611 3536 1706 3588 sed
1747 3535 1926 3588 omnia
1961 3535 2010 3588 ei

442 3619 496 3671 in
544 3632 769 3672 numero
806 3629 1060 3673 constant
1100 3630 1152 3675 et
1190 3638 1462 3677 mensura.
1513 3623 1588 3678 Ita
1629 3639 1846 3693 quoque
1884 3640 2012 3693 pro-

444 3709 619 3773 pheta:
653 3708 761 3759 vita
793 3716 847 3759 et
875 3721 1155 3763 numerata
1187 3721 1241 3765 et
1280 3712 1524 3767 dimetita
1568 3713 1678 3767 Deo
1710 3725 1794 3768 εει
1815 3753 1830 3779 ,
1882 3717 2009 3767 dum

442 3798 795 3866 providentitc
824 3798 939 3862 ejus
965 3802 1261 3857 rationibus
1291 3806 1517 3871 regitur.

516 3890 602 3943 10.
644 3890 801 3944 Addit
831 3891 993 3943 etiam
1032 3892 1081 3944 in
1115 3896 1465 3963 sequentibus
1489 3906 1543 3951 et
1567 3896 1731 3951 dicit:
1757 3896 2011 3951 Substan-

442 3981 516 4033 tia
546 3998 660 4034 mea
690 3992 938 4053 tanquam
971 3985 1194 4039 nihilum
1222 3994 1344 4039 ante
1373 3995 1421 4039 te
1444 3997 1541 4041 est.
1572 3987 1685 4042 Nisi
1712 3989 2011 4043 addidisset

442 4084 568 4125 ante
605 4082 675 4135 te,
710 4075 862 4129 valde
895 4077 1280 4141 contristabar,
1306 4092 1405 4146 pro
1443 4091 1509 4133 eo
1543 4080 1687 4148 quod
1716 4081 2006 4133 humanam

441 4163 799 4219 substantiam
847 4169 979 4221 nihil
1028 4183 1150 4222 esse
1199 4170 1450 4225 dixisset.
1498 4170 1652 4226 Nunc
1704 4187 1833 4226 vero
1883 4173 2007 4242 quia

438 4254 574 4308 dixit
613 4265 736 4311 ante
766 4265 838 4321 te,
868 4257 1016 4312 velut
1056 4259 1267 4314 diceret
1298 4261 1365 4314 ad
1396 4263 1857 4330 comparationem
1888 4265 2011 4332 qui»

441 4347 559 4401 dem
600 4347 683 4400 vel
716 4349 1031 4416 angelorum
1074 4349 1157 4404 Vel
1210 4350 1546 4418 reliquarum
1603 4361 2003 4418 creaturarum,

2117 1905 2327 1958 vanitas
2351 1917 2455 1959 est.
2478 1903 2544 1957 Et
2568 1904 2611 1958 si
2649 1904 2915 1973 quidquid
2943 1919 3007 1958 ex
3052 1913 3207 1974 parte
3243 1913 3328 1957 est
3363 1904 3683 1968 destruitur,

2116 1993 2159 2046 si
2182 1994 2457 2062 prophetae
2490 2008 2554 2048 ex
2586 2003 2738 2062 parte
2767 2002 3120 2060 cognoscunt,
3166 2003 3312 2048 recte
3340 1996 3504 2049 etiam
3539 1995 3685 2063 ipso-

2119 2099 2235 2137 rum
2290 2084 2398 2136 vita
2449 2085 2664 2140 vanitas
2716 2083 3058 2153 appellatur;
3104 2085 3462 2138 destruantur
3501 2093 3683 2139 autem

2116 2160 2388 2237 inferiora,
2422 2190 2545 2230 cum
2582 2178 2829 2230 venerint
2861 2190 2922 2229 ea
2985 2190 3104 2244 qum
3165 2174 3394 2229 meliora
3444 2185 3570 2229 sunt
3626 2187 3684 2229 et

2114 2267 2378 2335 perlecta,
2404 2276 2458 2321 et
2485 2282 2580 2335 per
2606 2268 2711 2323 hoc
2738 2281 2874 2321 vana
2901 2281 3021 2322 esse
3053 2275 3377 2334 arguuntur,
3406 2280 3505 2335 per
3535 2268 3679 2334 quod

2114 2364 2367 2425 tanquam
2408 2372 2473 2411 ex
2504 2366 2661 2425 parte
2696 2364 2751 2411 et
2779 2356 3092 2425 imperfecta
3137 2357 3513 2411 destruuntur.
3548 2354 3683 2408 Uni-

2111 2463 2264 2501 versa
2304 2461 2434 2516 ergo
2474 2448 2700 2513 vanitas,
2729 2449 2896 2501 omnis
2939 2446 3093 2500 homo
3116 2448 3311 2501 vivens.
3342 2446 3477 2513 Quia
3502 2454 3682 2500 autem

2115 2534 2180 2587 de
2208 2535 2310 2588 hac
2344 2534 2454 2588 vita
2503 2536 2807 2603 accipiatur
2853 2535 2955 2589 ista
2996 2535 3290 2599 sententia,
3324 2534 3449 2588 audi
3500 2533 3686 2588 Eccle-

2112 2624 2332 2678 siastem
2359 2632 2746 2693 protestantem
2769 2633 2825 2678 et.
2855 2625 3118 2680 dicentem
3141 2626 3217 2675 “z
3243 2622 3479 2677 Laudavi
3508 2641 3686 2679 omnes

2110 2713 2199 2781 qui
2231 2714 2421 2765 mortui
2451 2723 2573 2766 sunt
2619 2729 2775 2777 super
2796 2729 2971 2766 omnes
3015 2715 3104 2782 qui
3141 2714 3340 2777 vivunt,
3391 2715 3685 2783 quicunque

2112 2802 2214 2869 ipsi
2247 2802 2427 2855 vivunt
2478 2820 2639 2873 usque
2672 2804 2847 2869 modo,
2887 2813 2935 2856 et
2977 2803 3141 2856 bonus
3173 2818 3328 2871 super
3373 2804 3499 2857 istos
3550 2805 3683 2857 duas

2110 2894 2198 2963 qui
2232 2894 2464 2947 nondum
2507 2905 2661 2947 natus
2702 2902 2797 2947 est.
2848 2891 3059 2946 Laudat
3094 2906 3224 2963 ergo
3258 2903 3502 2949 mortuos
3534 2894 3682 2964 plus-

2111 2997 2271 3050 quam
2300 2982 2474 3047 vivos,
2506 2985 2634 3051 quia
2661 2984 2737 3037 illi
2763 2984 2865 3037 hoc
2891 2980 3083 3035 saltem
3119 2982 3255 3037 lucri
3280 2983 3503 3048 habent,
3534 2983 3681 3051 quod

2112 3072 2181 3128 de
2212 3073 2443 3127 vinculis
2481 3075 2640 3142 hujus
2683 3079 2927 3146 corporis
2966 3076 3184 3133 liberati
3223 3085 3367 3139 sunt,
3414 3089 3512 3127 nec
3543 3073 3683 3127 ultra

2113 3178 2276 3217 carne
2306 3179 2368 3218 ac
2409 3163 2635 3233 pellibus
2667 3166 2836 3219 induti
2871 3174 3017 3231 sunt,
3051 3179 3148 3220 nec
3178 3164 3392 3219 ossibus
3413 3176 3476 3215 ac
3500 3162 3683 3216 nervis

2110 3253 2296 3308 inserti
2331 3265 2476 3321 sunt,
2506 3268 2604 3309 nec
2631 3256 2768 3309 ultra
2803 3256 3089 3323 subiacent
3130 3254 3441 3309 necessitati
3488 3247 3681 3323 corpo-

2112 3345 2207 3399 ris.
2261 3344 2317 3397 Si
2370 3360 2500 3414 ergo
2537 3344 2845 3399 intellexisti
2882 3344 3041 3413 quale
3079 3345 3150 3399 sit
3180 3346 3366 3397 vivere
3415 3346 3469 3397 in
3516 3358 3683 3398 carne

2111 3435 2320 3488 etiamsi
2367 3434 2575 3504 Moyses
2604 3436 2674 3488 sit
2717 3435 2859 3504 quis,
2892 3434 2971 3488 vel
3007 3436 3257 3502 quisquis
3292 3435 3382 3489 ille
3411 3445 3494 3489 est
3518 3475 3533 3500 ,
3565 3444 3683 3489 mo—

2111 3522 2244 3578 lesta
2285 3525 2333 3578 ei
2391 3534 2472 3579 est
2516 3525 2616 3579 ista
2663 3526 2795 3580 vita.
2860 3523 2974 3580 Non
3037 3526 3180 3579 enim
3244 3540 3275 3579 a
3335 3527 3683 3593 corruptione

2114 3616 2424 3683 resolvitur,
2464 3630 2581 3683 qua:
2640 3615 2855 3668 mortali
2911 3630 3143 3685 corpore
3198 3625 3520 3683 terrenoque
3569 3618 3681 3679 cir-

2112 3706 2419 3758 cumdatur.
2483 3705 2616 3759 Vide
2665 3720 2796 3775 ergo
2850 3705 2976 3773 quia
3032 3709 3282 3761 universa
3338 3710 3553 3761 vanitas
3598 3717 3684 3760 est

2112 3794 2288 3847 omnis
2343 3795 2506 3848 homo
2552 3794 2758 3861 vivens,
2812 3803 3220 3850 contemnamus
3277 3810 3470 3849 vanam
3523 3796 3679 3849 istam

2109 3885 2300 3945 vitam,
2337 3891 2390 3935 et
2418 3882 2735 3938 festinemus
2781 3884 2848 3936 ad
2892 3894 3137 3937 sanctam
3177 3885 3342 3938 vitam
3374 3893 3427 3939 et
3469 3885 3680 3939 beatam

2110 3988 2174 4029 ac
2206 3988 2413 4034 veram,
2449 3984 2504 4027 et
2550 3974 2602 4028 in
2646 3975 2789 4028 illam
2838 3977 3019 4030 animo
3071 3984 3124 4029 et
3176 3986 3355 4031 mente
3401 3978 3681 4032 tendamus

2108 4066 2254 4120 omni
2287 4064 2527 4118 vanitate
2556 4066 2821 4121 discussa.
2852 4066 2965 4120 Nec
2992 4066 3236 4121 dicamus
3277 4066 3486 4121 dulcem
3520 4068 3677 4122 istam

2109 4157 2307 4220 lucem,
2345 4170 2451 4225 qua
2484 4170 2627 4210 nunc
2656 4157 2879 4210 utimur.
2914 4156 3028 4210 Hoc
3061 4157 3203 4211 enim
3238 4157 3316 4210 illi
3353 4157 3560 4224 dicunt,
3588 4160 3679 4228 qui

2108 4246 2450 4301 dulcedinem
2494 4261 2637 4301 verae
2687 4246 2825 4301 lucis
2887 4248 3157 4316 ignorant,
3200 4248 3294 4303 sed
3325 4263 3395 4303 ne
3441 4251 3680 4319 auspicia

2107 4340 2323 4407 quidem
2383 4339 2494 4394 veri
2560 4337 2779 4393 luminis
2840 4338 2947 4392 ulla
3010 4348 3317 4401 senserunt,
3356 4355 3457 4393 nec
3502 4342 3682 4394 sciunt

440 4451 542 4489 non
575 4444 658 4490 est
687 4437 919 4507 abiecta,
952 4455 1054 4494 nec
1086 4440 1307 4495 minima
1344 4441 1645 4494 substantia
1682 4456 1818 4495 mea.
1848 4441 2005 4495 Deni-
2036 4441 2083 4500 D
2111 4428 2414 4495 angelicam
2447 4429 2612 4482 νίῑίδιη
2660 4428 2981 4498 'Perandam
3013 4444 3131 4483 esse
3182 4429 3397 4491 animai.
3444 4443 3565 4480 cum
3612 4444 3678 4482 ex

435 4539 539 4592 que
575 4533 628 4579 et
651 4525 695 4578 si
725 4526 865 4580 bene
882 4528 1171 4596 egerimus,
1212 4536 1267 4582 et
1293 4532 1547 4583 mandata
1578 4529 1789 4582 Domini
1821 4546 2008 4584 serva-

437 4616 714 4681 verimus,
766 4619 832 4671 ad
886 4619 1221 4673 consortium
1295 4621 1590 4675 invitamur
1648 4622 2003 4692 angelicum:

438 4702 626 4768 Erunt,
658 4705 833 4773 inquit
872 4706 936 4771 ⁸⁵,
968 4708 1099 4759 sicut
1133 4708 1307 4776 angeli
1335 4709 1433 4760 Dei
1464 4709 1517 4760 in
1556 4710 1697 4762 casto.
1731 4710 1813 4764 Ad
1858 4726 2008 4765 com-

437 4796 767 4865 parationem
799 4796 894 4849 Dei
920 4812 1049 4850 vero
1075 4798 1238 4850 etiam
1281 4798 1323 4851 si
1371 4799 1562 4853 Petrus
1592 4801 1713 4863 sim,
1751 4802 2011 4858 adversus

437 4900 597 4955 quem
624 4894 793 4953 porta:
822 4884 979 4938 inferi
1009 4900 1119 4939 non
1151 4886 1543 4954 praevalebunt,
1570 4890 1866 4943 substantia
1891 4906 2009 4945 mea

438 4989 564 5031 ante
613 4992 737 5030 eum
780 4977 915 5031 nihil
958 4986 1061 5031 est.
1091 4978 1161 5031 Et
1192 4978 1323 5032 satis
1355 4980 1572 5049 proprio
1622 4983 1882 5037 vocabulo
1910 4998 2012 5037 na-

442 5077 575 5122 tura:
608 5081 737 5119 usus
767 5074 867 5118 est.
899 5065 1043 5118 Nihil
1090 5067 1235 5120 enim
1280 5077 1364 5121 est
1392 5084 1551 5122 omne
1572 5108 1585 5132 ,
1617 5072 1862 5139 quamvis
1895 5087 2012 5125 ma-

440 5173 602 5229 gnum
640 5157 727 5222 sit,
757 5156 1015 5226 quidquid
1044 5173 1112 5210 ex
1134 5157 1304 5212 nihilo
1333 5167 1435 5221 est,
1466 5161 1613 5215 solus
1642 5162 1786 5215 enim
1814 5173 1897 5215 est
1926 5163 2014 5217 ille

439 5249 528 5315 qui
570 5256 674 5311 est,
706 5255 761 5300 et
790 5247 882 5316 qui
913 5262 1128 5317 semper
1154 5258 1256 5302 est.
1288 5250 1481 5305 Nostra
1511 5262 1689 5305 autem
1714 5254 2016 5307 substantia

444 5349 695 5407 tanquam
735 5339 871 5392 nihil
899 5348 982 5393 est
1014 5348 1140 5393 ante
1174 5356 1300 5395 eum
1338 5358 1349 5392 :
1380 5342 1578 5411 quippe
1607 5342 1729 5411 quia
1761 5345 1827 5397 ab
1857 5360 1923 5397 co
1951 5362 2017 5399 ex

442 5430 611 5482 nihilo
634 5439 913 5499 procreata
942 5440 1042 5485 est.

520 5521 602 5571 ll.
662 5523 719 5572 In
774 5522 1125 5589 sequentibus
1185 5538 1314 5576 vero
1378 5524 1522 5576 velut
1570 5524 1865 5592 cxplauans
1917 5526 2019 5580 hoc

522 5682 566 5714 ⁸⁸
603 5684 699 5738 lsa.
736 5702 819 5750 χι,
853 5687 936 5739 12.
1030 5688 1071 5718 ’σε
1105 5688 1269 5742 Matth
1326 5706 1454 5755 xxii,
1486 5691 1571 5745 50.

1666 5695 1701 5721 ιτ
1735 5694 1752 5745 1
1785 5694 1906 5747 (lor.
1944 5712 2060 5759 λιιι,
2089 5706 2171 5758 lli.

2112 4522 2352 4574 vanitate
2392 4522 2516 4574 vitm
2557 4520 2717 4588 hujus
2772 4522 3068 4577 evaserint.
3122 4521 3271 4575 Unde
3322 4529 3377 4572 et
3429 4534 3527 4571 nos
3585 4519 3677 4586 qui

2114 4613 2227 4666 haec
2259 4611 2551 4675 credimus,
2588 4612 2699 4681 jam
2748 4623 2928 4668 mente
2958 4621 3011 4665 et
3040 4612 3144 4665 ﬁde
3173 4612 3565 4664 transl‘eramur
3610 4609 3677 4662 ad

2109 4704 2328 4771 etnlum,
2379 4714 2434 4758 et
2485 4705 2538 4759 in
2597 4705 2759 4759 terris
2812 4704 3158 4757 ambulantes
3204 4701 3676 4755 conversationem

2109 4796 2404 4851 habeamus
2434 4796 2486 4850 in
2515 4796 2692 4860 caelis,
2718 4804 2775 4848 ut
2804 4795 2877 4848 ibi
2906 4793 2975 4847 sit
3000 4793 3285 4846 thesaurus
3322 4800 3509 4844 uoster
3531 4831 3546 4855 ,
3585 4790 3675 4843 ubi

2100 4899 2179 4942 est
2205 4898 2258 4941 et
2281 4903 2376 4942 cor
2408 4897 2687 4950 nostrum,
2723 4894 2778 4937 et
2815 4893 2875 4936 ut
2909 4897 3133 4952 regnum
3162 4882 3381 4938 caeleste
3421 4879 3678 4949 consequi

2103 4994 2428 5043 mereamur,
2452 4994 2546 5046 per
2567 4975 2747 5030 Jesum
2776 4974 3051 5029 Christum
3082 4974 3367 5028 Dominum
3404 4980 3673 5035 nostrum,

2102 5073 2189 5128 cui
2226 5082 2308 5126 est
2342 5072 2516 5141 gloria
2554 5079 2609 5124 et
2650 5079 2891 5141 potestas
2942 5076 2998 5121 et
3046 5067 3336 5137 imperium
3378 5064 3432 5118 in
3479 5064 3674 5119 saecula

2107 5165 2447 5219 saeculorum.
2478 5162 2673 5218 Amen.

2703 5272 2981 5329 HOMlLlA
3017 5272 3056 5326 ll

2105 5366 2184 5421 De
2237 5371 2415 5420 eodem
2466 5368 2686 5432 psalmo,
2727 5368 2792 5420 ab
2843 5366 2935 5419 illa
2966 5373 3155 5433 parte:
3186 5360 3589 5414 «Verumtamen
3619 5358 3673 5409 in

2474 5440 2700 5505 imagine
2747 5437 3031 5505 pertransit
3083 5434 3254 5485 homo.
3302 5448 3320 5481 ι

2175 5529 2490 5597 Quanquam
2562 5530 2617 5579 in
2690 5528 2914 5598 imagine
2971 5524 3195 5579 ambulet
3259 5521 3431 5574 homo.
3497 5518 3673 5584 Imago

2247 5706 2291 5735 ’δ’
2333 5705 2508 5760 Ecclc.
2550 5722 2619 5767 tv,
2662 5706 2715 5759 2.
