4110 6410
409 348 541 404 Ηοὶ

1067 342 1377 399 SELECTA
1410 342 1475 398 IN
1506 341 1844 398 PSALMOS.
1888 372 1958 381 ——
1995 340 2227 397 llOMlL.
2269 342 2285 395 Ι
2316 341 2380 395 ἰΝ
2416 341 2607 396 PS.\L.
2653 339 2933 397 XXXVIII.

3538 333 3672 388 Ηυξ

410 463 724 519 necessario
765 460 994 530 alicujus
1033 471 1119 515 est
1146 461 1342 529 imago.
1408 459 1540 513 Nam
1597 470 1652 514 et
1703 460 1981 528 Scriptura
2013 466 2059 520 Α
2094 471 2291 525 torum,
2324 475 2484 528 quam
2511 461 2576 514 ad
2613 460 2842 513 nihilum
2876 460 3085 530 rediget
3138 459 3280 514 Deus
3341 460 3391 514 iu
3444 460 3670 515 civitate

408 566 594 611 saucta
622 571 744 610 cum
779 555 1072 623 imaginem
1123 555 1390 619 nominat,
1443 553 1714 607 interdum
1765 554 1980 621 quidem

409 650 598 703 definit
641 659 693 703 ct
740 648 871 702 dicit
901 646 1068 717 696
1123 646 1277 714 cujus
1333 646 1405 700 sit
1456 646 1655 715 imago,
1712 646 1981 700 interdum

411 750 593 793 autem
655 739 861 807 absque
914 738 1019 791 ulla
1079 736 1401 792 definitione
1457 738 1608 805 ponit
1668 737 1981 808 imaginem.

414 833 652 901 Denique
680 834 745 887 de
776 832 1062 887 Salvatore
1093 846 1156 886 cu
1170 848 1220 886 ιιι
1252 832 1383 887 dicit
1420 834 1509 902 qui
1539 841 1614 886 est
1655 832 1850 900 imago,
1879 848 1983 885 non

413 922 561 975 siluit
591 923 747 991 cujus
770 922 949 991 imago
980 930 1143 985 esset,
1185 924 1278 976 sed
1314 923 1524 976 addidit
1550 922 1735 977 dicens
1762 922 1807 953 δ’
1838 942 1851 976 :
1880 922 1985 987 Qui

409 1022 485 1063 est
520 1011 694 1077 imago
729 1010 822 1064 Dei
868 1011 1150 1065 invisibilis
1175 1012 1553 1079 primogenitae
1579 1011 1747 1063 omnis
1778 1021 1987 1065 creatu-

412 1118 505 1157 rce.
544 1102 608 1155 Et
638 1119 851 1157 rursum
887 1118 1012 1156 eum
1044 1102 1201 1156 docet
1233 1118 1329 1155 nos
1360 1103 1425 1155 de
1473 1101 1706 1156 diversis
1734 1101 1988 1171 imagini-

413 1191 535 1257 bus,
567 1193 766 1261 ctquia
813 1192 1010 1263 singuli
1041 1189 1242 1261 quique
1269 1192 1508 1260 aliquam
1540 1192 1831 1258 imaginem
1859 1207 1988 1261 por-

413 1292 547 1348 tent,
587 1284 719 1337 dicit
746 1286 791 1315 '°
824 1301 839 1337 :
875 1283 1025 1338 Sicut
1066 1285 1389 1353 portavimus
1451 1284 1731 1351 imaginem
1773 1287 1991 1352 terreni,

412 1377 486 1427 ita
536 1385 801 1442 portemus
846 1376 1126 1445 imaginem
1182 1374 1426 1428 celestis.
1468 1375 1601 1431 Cum
1662 1374 1998 1444 adjectione,

414 1465 497 1518 vel
524 1466 745 1531 terreni,
778 1466 859 1519 vel
895 1466 1136 1521 celestis
1173 1467 1460 1533 imaginem
1502 1468 1822 1525 nominavit.
1852 1466 1991 1520 Alibi

414 1568 593 1610 autem
646 1557 852 1625 absque
883 1557 990 1610 ulla
1037 1558 1358 1614 deﬁnitione
1408 1558 1561 1622 dicit,
1612 1560 1751 1613 sicut
1791 1569 1847 1614 et
1894 1560 1995 1612 hoc

415 1648 535 1702 loco
557 1648 669 1701 ait:
697 1642 1013 1718 Quanquam
1050 1652 1105 1704 in
1140 1653 1372 1720 imagine
1398 1650 1628 1704 ambulet
1670 1652 1846 1713 homo.
1887 1650 1992 1705 Sed

417 1741 470 1793 in
499 1737 735 1808 imagine
763 1741 960 1808 cujus?
989 1742 1101 1805 Dei,
1131 1758 1197 1795 an
1231 1743 1469 1812 imagine
1494 1743 1720 1807 terreni,
1755 1758 1822 1796 an
1857 1744 1991 1795 ima-

414 1830 540 1900 gine
561 1829 845 1885 celestis?
874 1831 1159 1899 Quomodo
1179 1835 1353 1889 sciam
1379 1835 1433 1888 in
1462 1834 1564 1890 hoc
1588 1835 1715 1903 quid
1741 1843 1823 1887 est
1847 1836 1987 1902 quod

415 1922 613 1973 docere
637 1936 734 1975 nos
760 1923 872 1976 vult
909 1923 1194 1995 Scriptura
1225 1926 1434 1991 divina,
1481 1941 1602 1996 quas
1645 1927 1849 1996 absque
1880 1927 1987 1980 ulla

415 2008 716 2077 adjectione
746 2013 818 2066 ait
852 2028 866 2065 :
893 2011 1207 2085 Quanquam
1237 2019 1289 2071 in
1320 2018 1548 2088 imagine
1577 2018 1786 2087 (nescio
1810 2020 1986 2090 cujttsj

415 2100 644 2157 ambulet
680 2102 833 2155 homo
852 2104 877 2154 Ρ
910 2103 1043 2158 Etsi
1072 2106 1291 2172 quidem
1319 2108 1387 2160 de
1406 2106 1572 2175 justis
1603 2107 1734 2162 solis
1758 2108 1986 2175 diceret,

416 2189 534 2242 sine
558 2189 721 2244 dubio
748 2192 993 2258 dixisset,
1020 2194 1341 2266 Quanquam
1374 2197 1426 2249 in
1472 2199 1706 2268 imagine
1748 2200 1989 2256 celestis

416 2278 656 2332 ambulet
681 2281 861 2337 homo.
893 2283 1000 2337 A‘ut
1029 2285 1164 2341 side
1189 2290 1571 2355 peccatoribus
1604 2298 1813 2343 tantum
1841 2291 1990 2346 dice-

418 2376 521 2431 ret,
588 2369 813 2425 dixisset
871 2382 1040 2437 certe,
1096 2378 1155 2429 In
1222 2377 1459 2447 imagine
1504 2380 1705 2434 terreni
1750 2381 1992 2436 ambulet

416 2457 599 2511 homo.
656 2460 855 2515 Verum
905 2464 1158 2532 quoniam
1218 2469 1546 2537 generaliter
1603 2470 1673 2523 de
1722 2473 1992 2527 universis

418 2549 740 2604 mortalibus
793 2553 1198 2621 pronuntiatur,
1249 2573 1480 2626 quorum
1544 2560 1635 2613 alii
1700 2562 1990 2630 imaginem

416 2641 654 2697 celestis
692 2654 929 2711 portant,
963 2649 1277 2717 quicunque
1316 2652 1611 2704 secundum
1668 2654 1840 2724 legem
1897 2656 1990 2711 Dei

416 2731 627 2800 vivunt,
655 2735 743 2789 alii
776 2741 976 2791 terreni
1023 2740 1312 2811 imaginem
1344 2752 1585 2811 portant,
1626 2747 1716 2813 qui
1754 2749 1991 2803 carnali-

418 2830 500 2875 ter
529 2824 751 2882 vivunt;
782 2836 1068 2895 propterea
1099 2832 1410 2885 necessario
1444 2833 1661 2887 reticuit
1703 2836 1991 2903 specialem

420 2915 675 2983 imaginis
723 2917 1180 2988 designationem,
1227 2932 1282 2975 et
1330 2925 1640 2991 generalem
1670 2928 1991 2981 sententiam

418 3004 485 3059 de
509 3005 765 3060 omnibus
793 3007 1103 3065 hominibus
1150 3012 1402 3079 protulit,
1454 3014 1578 3082 quia
1625 3017 1804 3069 omnis
1832 3018 1994 3071 homo

417 3092 472 3146 in
522 3094 757 3165 imagine
808 3099 1067 3152 ambulet.
1123 3099 1296 3155 Tuum
1341 3111 1425 3157 est
1461 3103 1570 3170 jam
1621 3105 1889 3163 discutere
1939 3118 1994 3163 et

418 3187 712 3254 exquirere
754 3203 819 3242 ex
870 3190 1295 3261 uniuscujusque
1340 3195 1447 3248 ﬁde
1502 3206 1558 3249 et
1585 3199 1880 3266 operibus,
1939 3213 1995 3257 et

420 3278 841 3332 conversatione
874 3289 928 3334 ct
960 3282 1173 3336 actibus
1195 3323 1210 3349 ,
1236 3298 1302 3337 ex
1338 3286 1763 3354 cogitationibus
1790 3303 1845 3345 et
1876 3306 1995 3347 ver-

420 3365 526 3430 bis,
558 3378 615 3422 et
651 3370 1006 3426 considerare
1036 3385 1214 3427 utrum
1253 3376 1305 3427 in
1339 3375 1575 3445 imagine
1608 3378 1852 3434 celestis
1883 3395 2001 3434 am—

420 3459 588 3526 bulet,
623 3474 690 3513 an
722 3462 774 3514 in
804 3462 1039 3533 imagine
1073 3467 1296 3520 terreni.
1339 3466 1394 3521 Si
1428 3469 1737 3523 misericors
1773 3486 1833 3525 es
1860 3472 2001 3527 sicut

420 3549 584 3605 Pater
613 3562 733 3605 tuus
765 3554 1010 3608 celestis
1036 3556 1347 3611 misericors
1370 3569 1476 3624 est,
1514 3562 1631 3613 sine
1663 3562 1828 3615 dubio
1860 3563 1913 3616 in
1947 3573 1999 3618 te

421 3641 599 3696 Patris
627 3644 867 3699 celestis
892 3645 1070 3717 imago
1100 3659 1201 3702 est.
1229 3649 1285 3702 Si
1316 3666 1421 3702 non
1461 3648 1636 3704 solum
1672 3653 1865 3707 amicis
1893 3655 2002 3710 tuis

421 3733 713 3800 benefacis,
745 3738 837 3790 sed
877 3738 1040 3791 etiam
1075 3739 1311 3795 inimicis
1358 3742 1539 3795 reddis
1573 3745 1713 3796 bona
1746 3761 1844 3814 pro
1880 3761 2001 3798 ma-

423 3825 508 3891 lis,
539 3826 679 3880 sicut
712 3825 872 3881 Pater
900 3829 1137 3883 celestis
1166 3829 1325 3883 solem
1354 3848 1505 3884 suum
1532 3834 1664 3886 oriri
1687 3833 1815 3902 facit
1845 3852 2004 3905 super

423 3915 583 3968 bonos
619 3926 668 3968 et
710 3917 880 3969 malos
906 3956 922 3981 ,
959 3927 1005 3970 et
1050 3918 1183 3985 pluit
1211 3934 1367 3984 super
1388 3921 1566 3986 justas
1594 3929 1641 3973 et
1671 3921 1899 3987 injustas
1931 3922 2001 3987 ",

421 4006 605 4075 imago
635 4009 688 4063 in
727 4018 779 4062 te
809 4010 1046 4063 celestis
1073 4018 1174 4064 est.
1221 4009 1287 4063 Et
1330 4010 1381 4064 si
1429 4012 1483 4064 in
1522 4012 1777 4067 omnibus
1820 4014 2000 4081 perfe-

421 4108 542 4155 ctus
601 4116 713 4166 es,-
743 4102 886 4156 sicut
936 4099 1095 4156 Pater
1137 4112 1261 4157 tuus
1312 4104 1555 4159 celestis
1585 4105 1860 4174 perfectus
1898 4115 1999 4170 est,

421 4190 603 4263 imago
633 4193 687 4247 in
720 4203 771 4248 te
799 4192 1039 4248 celestis
1081 4203 1186 4249 est.
1237 4194 1307 4248 Et
1337 4209 1550 4249 rursum
1583 4197 1629 4250 si
1660 4213 1763 4251 non
1789 4213 1848 4251 es
1881 4198 2003 4252 imi-

425 4293 565 4338 tator
598 4284 798 4339 Christi
824 4301 926 4338 nec
962 4285 1190 4353 apostoli
1241 4286 1417 4351 Pauli,
1447 4286 1540 4355 qui
1572 4286 1706 4341 dicit
1733 4288 1777 4319 ⁸¹
1810 4304 1826 4343 :
1864 4287 2001 4342 Imi-

424 4386 618 4430 tutores
644 4378 742 4431 ntei
763 4387 950 4444 estote,
984 4380 1119 4432 sicut
1146 4395 1240 4448 ego
1270 4379 1489 4445 Christi,
1526 4382 1623 4434 sed
1661 4380 1906 4435 imitator
1944 4396 2004 4437 es

2086 568 2217 613 sua;
2253 555 2303 607 id
2339 565 2442 619 est,
2479 554 2523 608 si
2555 555 2676 622 quis
2698 554 2893 608 exierit
2922 554 2989 607 de
3026 553 3127 607 hoc
3164 552 3386 619 mundo,
3409 563 3464 606 et
3485 553 3668 606 tulerit

2085 660 2272 698 secum
2309 645 2598 713 imaginem
2633 645 2850 709 terreni,
2884 653 3103 714 propter
3126 642 3497 712 hujuscemodi
3535 646 3670 698 ima-

2086 738 2267 806 ginem
2307 737 2360 790 in
2394 736 2618 791 civitate
2651 736 2737 790 illa
2760 735 2852 791 Dci
2878 736 2945 791 ad
2982 736 3207 790 nihilum
3242 737 3536 804 redigetur,
3573 751 3671 789 nec

2088 836 2454 897 consequetur
2480 837 2691 897 partem
2722 828 2864 881 inter
2893 827 3041 882 cives
3074 828 3314 882 celestis
3351 827 3495 881 illius
3531 827 3671 881 civi-

2089 922 2239 986 tatis,
2268 920 2360 988 qui
2393 919 2915 987 ctelestisimaginis
2965 934 3070 973 non
3119 927 3366 988 reportat
3414 919 3669 987 insignia.

2158 1011 2216 1066 2.
2260 1011 2369 1065 Sed
2396 1020 2451 1065 et
2483 1010 2627 1063 aliud
2655 1017 3062 1065 sacramentum
3104 1009 3235 1062 mihi
3266 1009 3480 1063 videtur
3503 1009 3673 1062 conti-

2090 1115 2224 1156 nere
2273 1101 2374 1156 iste
2426 1100 2750 1162 versiculus,
2805 1102 2948 1169 quod
3008 1099 3169 1167 hujus
3210 1099 3428 1168 quidem
3482 1096 3669 1151 mundi

2089 1193 2199 1247 vita
2231 1202 2285 1246 et
2304 1192 2650 1247 conversatio
2677 1190 2997 1261 imaginaria
3023 1190 3267 1259 quaedam
3297 1192 3369 1244 sit
3390 1199 3445 1243 et
3471 1189 3670 1257 imago.

2090 1281 2271 1339 futura
2299 1297 2481 1341 autem
2510 1302 2615 1338 non
2649 1285 2715 1338 sit
2758 1284 3105 1353 imaginaria,
3157 1283 3251 1338 sed
3283 1299 3440 1347 vera;
3485 1292 3539 1337 et
3573 1283 3675 1334 hoc

2092 1388 2173 1431 est
2197 1378 2341 1445 quod
2372 1378 2592 1440 dicitur,
2624 1378 2750 1445 quia
2780 1378 3070 1447 imaginem
3103 1376 3265 1429 habet
3300 1374 3676 1443 unusquisque

2090 1467 2331 1533 virtutis,
2363 1482 2471 1522 non
2507 1478 2685 1521 tamen
2723 1470 2945 1538 proprie
2970 1476 3025 1522 et
3057 1468 3271 1521 sincere
3303 1467 3436 1519 vivit
3473 1466 3528 1519 in
3560 1465 3674 1534 ipsa

2093 1559 2319 1612 virtute.
2376 1556 2507 1611 Tale
2563 1569 2741 1611 autem
2777 1558 2919 1627 quod
2965 1558 3245 1614 dicimus:
3282 1555 3560 1626 Sapientia
3617 1565 3675 1608 et

2092 1651 2317 1705 scientia
2344 1666 2467 1720 pars
2494 1658 2577 1704 est
2612 1666 2807 1719 magna
2847 1652 3149 1715 virtutum;
3201 1650 3295 1703 sed
3336 1649 3392 1702 in
3421 1646 3677 1717 presenti

2091 1745 2206 1796 vita
2236 1744 2279 1796 si
2318 1742 2442 1810 quis
2474 1750 2628 1812 putat
2655 1756 2716 1796 se
2745 1744 3102 1811 cognovisse,
3144 1744 3381 1795 nondum
3425 1740 3680 1810 cognovit

2024 1813 2228 1889 Bsicut
2254 1843 2468 1904 oportet
2508 1835 2648 1890 scire
2674 1874 2689 1900 ,
2738 1838 2828 1904 qui
2879 1834 3023 1887 enim
3063 1834 3364 1903 cognoscit,
3410 1834 3465 1886 in
3504 1831 3676 1899 euigo

2089 1939 2232 1982 male
2258 1927 2556 1996 cognoscit.
2610 1926 2748 1994 Ergo
2785 1927 2837 1979 in
2869 1927 3108 1995 imagine
3133 1928 3379 1980 scientia:
3422 1922 3673 1977 ambula-

2090 2035 2209 2073 mus
2245 2028 2299 2073 et
2339 2033 2444 2073 non
2492 2019 2543 2072 in
2604 2019 2717 2087 ipsa
2749 2018 2977 2072 scientia
3003 2056 3017 2081 ,
3066 2031 3163 2085 per
3205 2031 3367 2085 quam
3422 2013 3562 2067 facie
3606 2014 3675 2066 ad

2090 2108 2284 2163 faciem
2332 2110 2712 2177 cognoscitur.
2774 2108 2849 2162 Ita
2913 2108 3266 2162 nihilominus
3332 2116 3389 2160 et
3451 2106 3505 2159 in
3560 2104 3674 2172 ipsa

2089 2200 2368 2270 Sapientia:
2396 2199 2671 2269 imagine,
2715 2206 2771 2252 et
2818 2199 3058 2253 nondum
3120 2197 3173 2250 in
3236 2196 3352 2264 ipsa
3410 2195 3677 2264 sapientia

2092 2291 2453 2353 ambulamus,
2509 2294 2636 2358 quia
2689 2289 2929 2345 nondum
2976 2288 3213 2343 revelata
3256 2287 3397 2341 facie
3451 2286 3677 2356 gloriam

2092 2383 2305 2437 Domini
2358 2382 2731 2453 speculamur.
2777 2382 2979 2436 Eadem
3028 2381 3204 2435 audeo
3233 2380 3299 2434 de
3320 2378 3533 2448 juStitia
3583 2377 3679 2431 Ι)νί

2091 2477 2296 2540 dicere,
2352 2475 2494 2545 quod
2542 2476 2594 2528 in
2651 2473 2887 2542 imagine
2932 2472 3156 2540 justitite
3212 2470 3573 2532 ambulamus,
3627 2478 3683 2522 ct

2097 2569 2333 2623 nondum
2372 2568 2425 2622 in
2459 2566 2548 2621 illa
2580 2564 2801 2634 justitia
2856 2579 2978 2635 quae
3026 2572 3112 2617 est
3164 2562 3305 2616 facie
3364 2561 3431 2615 ad
3485 2561 3681 2616 faciem

2094 2660 2416 2715 incedimus.
2467 2658 2653 2728 Neque
2704 2658 2848 2711 enim
2920 2671 3118 2725 capere
3175 2656 3377 2725 poterit
3440 2656 3680 2709 humana

2097 2761 2296 2804 natura
2325 2749 2555 2819 pellibus
2580 2760 2634 2804 et
2668 2762 2834 2803 carne
2864 2749 3063 2801 vestita
3084 2787 3099 2811 ,
3143 2747 3357 2802 ossibus
3397 2756 3453 2800 et
3504 2747 3686 2800 nervis

2098 2844 2323 2906 inserta,
2354 2846 2549 2896 nudam
2594 2842 2765 2909 ipSaIn
2793 2839 3025 2907 justitie
3068 2838 3452 2906 sinceramque
3486 2837 3683 2891 verita-

2099 2943 2204 2988 tem
2238 2934 2381 2988 ferre
2411 2942 2464 2987 et
2488 2933 2724 2987 tolerare
2758 2934 3059 2985 secundum
3089 2941 3300 2983 naturae
3344 2944 3456 2982 sua:
3486 2938 3683 2997 poten-

2095 3025 2225 3078 tiam
2290 3039 2353 3079 ac
2411 3024 2687 3077 virtutem.
2750 3021 2805 3075 Si
2847 3021 3065 3088 quidem
3131 3022 3248 3089 ipse
3302 3019 3549 3074 Christus
3600 3030 3686 3072 est

2098 3122 2289 3167 natura
2336 3114 2597 3167 virtutum
2634 3128 2647 3164 :
2681 3111 2797 3178 ipse
2828 3110 2972 3163 enim
2996 3091 3209 3175 justitia
3233 3148 3249 3172 ,
3298 3124 3418 3178 que
3445 3111 3684 3164 humano

2097 3206 2287 3277 generi
2318 3222 2422 3259 non
2452 3206 2505 3258 in
2530 3202 2921 3273 plenitudinem
2953 3200 3260 3269 splendoris
3287 3202 3529 3266 advenit,
3554 3204 3681 3270 quia

2097 3294 2254 3352 Jesus
2299 3296 2551 3351 Christus
2588 3295 2826 3363 seipsum
2881 3292 3183 3347 exinanivit
3223 3291 3396 3346 forma
3452 3293 3582 3357 Dei,
3622 3302 3686 3346 ut

2098 3389 2327 3444 formam
2358 3387 2502 3443 servi
2529 3388 2824 3454 acciperet.
2875 3383 2941 3437 Et
2981 3383 3025 3437 si
3057 3383 3277 3451 quidem
3322 3383 3389 3439 de
3434 3383 3565 3437 solis
3590 3382 3686 3437 Ju—

2100 3479 2230 3533 dazis
2254 3495 2434 3533 sermo
2462 3478 2759 3547 Scriptura:
2791 3477 3135 3547 loqueretur,
3169 3476 3398 3531 dixisset
3424 3474 3682 3539 forsitan,

2099 3571 2422 3641 Quanquam
2441 3573 2494 3624 in
2528 3572 2717 3624 umbra
2766 3570 3009 3625 ambulet
3063 3570 3227 3624 homo
3263 3586 3275 3623 :
3309 3570 3402 3623 sed
3444 3570 3593 3637 quia,
3629 3576 3688 3621 ut

2103 3662 2362 3728 arbitror,
2403 3664 2468 3716 de
2521 3660 2842 3715 melioribus
2892 3674 3073 3714 sermo
3108 3658 3167 3713 lit
3206 3674 3370 3728 quam
3407 3668 3564 3711 erant
3613 3657 3687 3711 illi

2103 3752 2193 3821 qui
2237 3753 2537 3808 secundum
2591 3753 2840 3805 umbram
2894 3750 3029 3821 legis
3061 3751 3352 3817 vivebant,
3402 3760 3687 3819 propterea

2104 3845 2364 3913 scriptum
2394 3851 2502 3905 est,
2536 3841 2854 3911 Quanquam
2883 3842 2938 3895 in
2969 3841 3197 3910 imagine
3233 3840 3460 3894 ambulet
3510 3840 3686 3892 homo.

2105 3933 2258 3998 Quod
2294 3933 2495 3985 clarius
2542 3932 2609 3984 ad
2645 3931 2976 3985 intellectum
3018 3932 3201 3986 veniet
3245 3946 3312 3985 ex
3339 3931 3688 3986 sermonibus

2105 4023 2332 4092 aposmli
2358 4022 2535 4087 Pauli,
2561 4025 2653 4090 qut
2682 4031 2792 4075 tres
2817 4024 3084 4091 quasdam
3104 4023 3312 4091 species
3337 4022 3688 4090 proprietatis

2104 4111 2353 4180 designat
2399 4112 2452 4165 in
2503 4110 2654 4179 lege,
2714 4111 2961 4163 umbram
2998 4112 3186 4165 dicens
3216 4120 3273 4165 et
3310 4111 3601 4179 imaginem
3634 4118 3689 4164 et

2106 4202 2415 4265 veritatem,
2451 4201 2527 4253 ait
2553 4214 2789 4268 namque
2819 4198 2865 4229 ⁵⁸
2902 4218 2915 4253 :
2947 4198 3200 4252 Umbram
3219 4201 3357 4253 enim
3385 4197 3580 4251 habens
3603 4200 3689 4250 lea:

2107 4291 2360 4344 bonorum
2401 4288 2731 4356 futurorum,
2786 4304 2891 4342 non
2940 4289 3108 4357 ipsam
3158 4288 3441 4357 imaginem
3490 4304 3687 4353 rerum,

2104 4398 2195 4452 per
2214 4381 2450 4450 singulos
2489 4396 2655 4433 annos
2683 4380 2868 4432 iisdem
2911 4379 3037 4447 ipsis
3073 4380 3256 4433 hostiis
3293 4396 3424 4447 quas
3460 4378 3689 4446 o/j‘erunt

425 4484 647 4537 operum
689 4470 891 4523 diaboli
944 4470 1035 4538 qui
1079 4470 1350 4525 homicida
1381 4469 1481 4523 fuit
1522 4472 1590 4525 ab
1639 4471 1794 4525 initio
1826 4490 1840 4526 :
1869 4482 1923 4526 et
1958 4472 2003 4527 si
2036 4483 2081 4539 ι)
2112 4473 2485 4537 indesinenter,
2510 4487 2781 4540 nunquam
2816 4479 2985 4536 potest
3022 4471 3325 4523 accedentes
3361 4470 3535 4537 facere
3573 4485 3691 4535 per-

426 4572 640 4615 terrena
688 4561 893 4629 sapias,
935 4572 986 4613 et
1030 4568 1248 4615 terrena
1294 4561 1557 4630 loquaris,
1613 4571 1669 4616 et
1714 4562 2000 4618 thesaurus

426 4665 551 4708 tuus
582 4662 638 4707 et
679 4668 773 4706 cor
824 4662 975 4705 tuum
1014 4654 1066 4705 in
1113 4660 1257 4706 terra
1292 4653 1383 4720 sit,
1450 4655 1647 4707 terreni
1710 4654 1999 4723 imaginem

426 4754 632 4812 portas.
670 4744 868 4797 Verum
906 4744 1037 4813 quia
1067 4742 1120 4797 in
1170 4744 1254 4797 his
1283 4743 1416 4798 locis
1450 4745 1655 4799 inventi
1691 4762 1915 4812 sumus,
1944 4747 1999 4800 in

424 4833 620 4903 quibus
667 4834 734 4887 de
788 4835 1023 4903 imagine
1055 4850 1237 4889 sermo
1262 4848 1565 4892 commoms
1592 4846 1673 4892 est
1704 4877 1719 4902 ,
1749 4852 2001 4893 necessa-

424 4927 562 4979 rium
592 4926 810 4979 videtur
840 4930 1001 4980 etiam
1046 4928 1237 4996 psalmi
1269 4927 1415 4982 illius
1448 4927 1774 4984 versiculum
1804 4928 1855 4982 in
1890 4945 2003 4984 me-

423 5016 573 5070 dium
604 5018 931 5085 producere,
980 5019 1035 5071 in
1072 5034 1182 5088 quo
1230 5022 1298 5075 de
1332 5023 1710 5091 peccatoribus
1742 5023 2005 5090 scriptum

425 5118 509 5162 est
538 5109 623 5162 ":
652 5109 897 5176 Domine,
929 5112 1214 5167 incivitate
1236 5124 1328 5167 tua
1362 5116 1641 5184 imaginem
1666 5116 1900 5183 ipsorum
1936 5117 2005 5167 ad

427 5199 652 5253 nihilum
676 5202 897 5271 rediges.
935 5203 1157 5257 Constat
1181 5218 1310 5276 ergo
1341 5206 1468 5275 quia
1495 5215 1843 5275 peccatorum
1874 5208 2007 5259 ima-

426 5291 609 5361 ginem
644 5293 696 5346 in
727 5294 948 5352 civitate
1000 5311 1097 5349 sua
1156 5295 1297 5351 Deus
1347 5300 1413 5351 ad
1466 5299 1700 5353 nihilum
1758 5299 2001 5367 redigit;

430 5383 692 5449 iustorum
748 5397 931 5441 autem
994 5390 1283 5460 imaginem
1333 5392 1451 5446 sine
1509 5393 1673 5447 dubio
1727 5402 1908 5446 tuetur
1951 5400 2005 5445 et

427 5485 628 5532 servat.
666 5477 791 5534 Haec
824 5490 1063 5551 estergo
1097 5484 1273 5552 imago
1305 5484 1543 5549 terreni,
1579 5485 1629 5538 id
1680 5494 1762 5538 est
1812 5498 2005 5553 pecca-

500 5684 543 5715 "
581 5684 786 5737 Coluss.
833 5699 869 5744 ι,
909 5684 989 5738 15,

1068 5686 1112 5716 ⁸ο
1147 5685 1159 5737 |
1191 5688 1315 5739 (ἷον.
1364 5701 1452 5749 xv,
1495 5686 1580 5740 49.

655 5755 741 5806 ⁵³1
780 5755 949 5808 l‘aral.
990 5772 1136 5822 xxix,
1181 5758 1264 5811 lii.

1660 5684 1701 5715 ’ί
1744 5684 1932 5742 Matth.
1979 5703 2029 5757 ν,
2074 5692 2160 5747 4:5,

2108 4566 2291 4635 fectos.
2311 4564 2453 4636 Ergo
2480 4563 2565 4617 lex
2594 4565 2842 4616 umbram
2867 4562 3032 4617 habet
3061 4561 3367 4616 futurorum
3399 4563 3690 4627 bonorum,

2109 4673 2215 4712 non
2247 4657 2420 4725 ipsam
2454 4656 2753 4724 imaginem
2800 4668 3005 4717 rerum,
3053 4652 3343 4707 ostendens
3375 4651 3495 4705 sine
3527 4652 3693 4719 dubio

2109 4748 2272 4802 aliam
2300 4762 2422 4802 esse
2451 4745 2746 4817 imaginem
2796 4759 2977 4799 rerum
3030 4759 3193 4812 quam
3242 4743 3385 4796 illam
3414 4758 3533 4806 qua:
3560 4741 3693 4811 legis

2110 4840 2303 4893 umbra
2334 4837 2676 4907 designatur.
2735 4835 2802 4889 Et
2859 4836 2905 4889 si
2967 4837 3093 4904 quis
3158 4842 3337 4904 potest
3384 4834 3694 4887 describere

2109 4929 2513 4986 observantiam
2551 4928 2698 4982 illam
2727 4928 2941 4982 .ludaici
2974 4927 3180 4993 cultus,
3216 4927 3528 4982 consideret
3559 4934 3695 4980 tem-

2110 5023 2258 5092 plum
2289 5022 2419 5076 illud
2448 5037 2553 5074 non
2590 5019 2851 5074 habuisse
2883 5019 3175 5091 imaginem
3219 5033 3422 5084 rerum,
3448 5019 3541 5073 sed
3574 5034 3694 5071 utn-

2112 5115 2264 5170 bram
2295 5131 2309 5167 :
2340 5115 2518 5168 videat
2557 5128 2776 5182 quoque
2806 5112 2984 5167 altare
3019 5112 3267 5165 umbram
3309 5127 3428 5165 esse
3455 5152 3470 5177 ,
3515 5113 3694 5165 videat

2109 5215 2164 5259 et
2206 5207 2385 5260 hircos
2438 5215 2491 5260 et
2532 5206 2735 5260 vitulos
2774 5205 2867 5274 qui
2897 5204 3243 5258 adducuntur
3292 5204 3359 5256 ad
3419 5202 3692 5256 victimam

2114 5299 2359 5353 umbram
2425 5313 2545 5353 esse
2603 5298 2690 5353 illa
2749 5298 2955 5360 omnia,
3013 5296 3309 5350 secundum
3373 5295 3502 5349 illud
3548 5295 3695 5363 quod

2112 5392 2375 5459 scriptum
2409 5400 2493 5444 est
2518 5390 2566 5421 ⁸⁸
2600 5405 2613 5441 :
2646 5388 2847 5444 Umbra
2895 5388 3041 5443 enim
3073 5395 3149 5441 est
3186 5387 3291 5439 vita
3330 5398 3510 5438 nostra
3541 5402 3699 5452 super

2111 5497 2327 5538 terram.
2368 5483 2423 5539 Si
2466 5486 2590 5554 quis
2626 5500 2754 5539 vero
2780 5485 3015 5538 transire
3039 5482 3277 5551 potuerit
3323 5479 3393 5533 ab
3429 5479 3529 5532 hac
3571 5494 3695 5531 uin-

2243 5690 2287 5721 ³³
2325 5692 2339 5743 l
2381 5691 2506 5745 Cor.
2555 5704 2628 5753 at,
2669 5688 2719 5743 1.
2797 5687 2842 5719 ⁸³
2880 5686 3022 5741 Psal.
3061 5700 3231 5749 Lxxn,
3270 5685 3361 5737 20.
3445 5673 3487 5703 ⁵³
3527 5680 3691 5735 llcbr.
