4110 6402
450 324 473 376 5
494 323 587 375 ωδ

1843 312 1929 367 EX
1969 310 2267 367 ORIGENE

3581 316 3717 371 HM

452 440 570 502 bra,
600 438 781 491 veniat
830 436 894 488 ad
944 434 1233 502 imaginem
1287 448 1466 487 rerum
1513 442 1568 487 et
1618 432 1798 488 videat
1833 433 2035 486 adven-
2064 436 2108 491 Α
2140 430 2289 499 ipsos
2333 429 2567 499 probare
2624 431 2675 485 in
2729 432 2819 486 illo
2871 449 3037 503 opere
3089 444 3143 488 et
3192 434 3244 489 in
3302 436 3393 489 illo
3441 449 3720 503 sermone,

455 542 564 582 tum
617 528 781 599 697
827 527 1026 580 Christi
1076 527 1128 580 in
1167 541 1335 581 carne
1379 527 1619 591 factum,
1666 528 1850 582 videat
1911 544 2034 583 eum

453 621 785 688 pontificem,
804 618 1121 672 offerentem
1138 620 1358 687 quidem
1380 628 1436 673 et
1467 634 1610 674 nunc
1636 618 1780 673 Patri
1806 621 2036 685 hostias,

453 721 503 762 ct
538 709 881 779 postmodum
915 708 1222 763 oblaturum
1255 723 1269 761 :
1307 718 1363 762 et
1408 708 1675 778 intelligat
1714 710 1828 763 haec
1854 712 2037 763 omnia

454 802 716 867 imagines
767 814 886 853 esse
929 799 1256 869 spiritalium
1300 815 1520 862 rerum,
1558 811 1613 855 et
1661 802 2039 868 corporalibus

453 891 644 945 olliciis
661 891 904 945 caelestia
920 892 1190 957 designari
1204 928 1213 940 .
1226 890 1408 960 Imago
1423 905 1552 960 ergo
1570 891 1767 945 dicitur
1780 892 1881 945 hoc
1898 894 2038 960 quod

453 984 713 1053 recipitur
728 983 793 1037 ad
818 999 1074 1052 praesens,
1091 992 1145 1038 et
1167 984 1361 1037 intueri
1381 993 1559 1053 potest
1579 985 1811 1038 humana
1826 994 2034 1040 natura.

457 1077 511 1127 Si
548 1086 700 1143 potes
731 1086 912 1129 mente
944 1085 997 1129 et
1024 1076 1207 1129 animo
1229 1084 1523 1143 penetrare
1558 1076 1748 1141 cmlos,
1786 1086 1844 1132 et
1887 1078 2039 1145 sequi

455 1163 637 1219 Jesum
674 1166 764 1234 qui
801 1164 1105 1233 penetravit
1130 1163 1320 1231 caelos,
1354 1173 1409 1220 et
1433 1165 1643 1220 assistit
1678 1182 1822 1221 nunc
1868 1166 2039 1220 vuitui

458 1256 553 1309 Dei
578 1272 675 1324 pro
692 1257 865 1317 nobis.
885 1258 956 1311 ibi
986 1258 1228 1311 invenies
1248 1258 1335 1310 illa
1366 1258 1502 1312 bona
1532 1274 1767 1328 quorum
1793 1261 2038 1315 umbram

458 1348 646 1401 habuit
676 1348 782 1413 lex,
804 1362 856 1402 et
890 1349 1183 1418 imaginem
1214 1348 1465 1404 Christus
1493 1353 1728 1405 ostendit
1765 1352 1815 1405 iu
1850 1366 2038 1415 carne,

456 1453 576 1507 quae
608 1450 914 1509 praeparata
955 1450 1087 1493 sunt
1128 1441 1325 1505 beatis,
1362 1457 1481 1509 qua:
1521 1457 1619 1495 nec
1649 1443 1844 1498 oculus
1889 1442 2038 1507 vidit,

460 1546 559 1584 nec
603 1531 754 1585 auris
801 1532 1041 1596 audivit,
1086 1546 1188 1585 nec
1234 1532 1286 1584 in
1337 1547 1436 1586 cor
1478 1533 1717 1589 hominis
1769 1535 2039 1589 ascendit.

460 1626 593 1690 Qua:
624 1640 747 1679 cum
774 1625 977 1679 videris
1006 1625 1277 1693 intelliges
1307 1625 1433 1694 quia
1465 1627 1556 1694 qui
1595 1626 1647 1680 in
1691 1627 1821 1696 ipsis
1848 1628 2040 1681 ambu-

461 1717 557 1781 lat,
586 1725 642 1770 et
677 1717 727 1769 in
765 1717 980 1769 illormn
1017 1717 1289 1773 desiderio
1324 1729 1381 1773 et
1418 1719 1715 1788 cupiditate
1746 1719 2038 1789 perdurat,

460 1807 565 1861 iste
594 1808 781 1862 nonin
816 1809 1071 1878 imagine,
1105 1809 1196 1863 sed
1248 1808 1300 1863 in
1338 1810 1450 1879 ipsa
1483 1811 1593 1878 jam
1625 1812 1869 1866 ambulat
1894 1812 2038 1866 veri~

460 1907 592 1952 tale.
629 1896 1005 1954 Verumtamen
1047 1901 1101 1952 in
1141 1902 1372 1970 imagine
1398 1903 1632 1957 ambulat
1660 1905 1836 1960 homo.
1863 1905 2039 1974 [lepe-

462 2002 640 2046 tamus
666 2005 797 2060 ergo
832 2008 1143 2049 sermonem
1176 1994 1326 2049 illttm
1357 2011 1518 2066 quem
1556 1998 1696 2050 dixit
1720 1998 2040 2067 Apostolus,

460 2084 513 2136 in
543 2099 652 2153 quo
680 2087 966 2151 generales
1001 2092 1138 2141 duas
1197 2088 1462 2158 imagines
1500 2089 1833 2159 designavit.
1879 2106 2040 2145 unam

458 2177 678 2244 quidem
714 2189 1011 2241 terrenam,
1048 2182 1209 2234 aliam
1247 2195 1377 2233 vero
1403 2180 1705 2245 cmlestem,
1738 2192 1789 2236 et
1819 2198 2042 2252 compa~

460 2286 643 2326 remus
668 2271 735 2325 ad
772 2272 894 2335 hoc,
916 2271 1233 2342 Quanquam
1256 2274 1308 2325 in
1339 2272 1567 2342 imagine
1593 2271 1827 2326 ambulat
1851 2272 2040 2337 homo;

456 2372 511 2415 ct
564 2362 671 2417 hoc
725 2364 870 2431 quod
928 2365 1261 2434 generaliter
1313 2366 1520 2419 dictum
1553 2374 1672 2428 est,
1731 2364 1784 2418 in
1844 2364 2043 2419 multas

458 2456 671 2523 species
693 2456 1016 2517 dividamus,
1052 2465 1110 2507 ut
1140 2471 1263 2509 cum
1295 2454 1559 2509 dividitur
1588 2469 1771 2509 sermo
1807 2469 1903 2523 per
1926 2454 2043 2509 sinn

457 2548 577 2611 gula
637 2558 801 2616 atque
854 2547 1178 2612 discutitur,
1218 2548 1483 2601 clarescat
1522 2548 1667 2615 quod
1716 2546 2045 2600 intrinsecus

459 2638 611 2694 latet.
642 2639 755 2693 [loc
790 2652 870 2694 est
894 2650 1074 2695 autem
1114 2641 1257 2708 quod
1281 2640 1515 2695 dicimus
1548 2638 1777 2694 :Omnis
1804 2645 2046 2706 potestas

460 2730 702 2794 inimica,
740 2740 794 2783 ct
818 2744 1157 2799 unaquchue
1190 2730 1363 2783 virtus
1401 2730 1583 2783 divina
1623 2744 1747 2797 qua:
1781 2727 2043 2781 auxilium

457 2831 679 2890 praestat
715 2822 800 2877 his
821 2823 911 2891 qui
948 2822 1179 2876 salutem
1213 2821 1474 2891 consequi
1507 2822 1737 2889 cupiunt
1765 2835 1779 2874 :
1818 2818 2045 2887 singula:

460 2919 649 2968 harum
669 2916 932 2983 imagines
952 2916 1215 2984 quasdam
1235 2914 1549 2982 exprimunt
1573 2912 1623 2966 iu
1652 2911 1829 2965 anima
1855 2925 2043 2965 eorum

457 3009 549 3075 qui
586 3023 645 3062 se
677 3010 744 3062 ad
777 3005 1186 3077 receptaculum
1225 3020 1413 3059 earum
1448 3004 1684 3059 diversis
1732 3004 1927 3059 studiis
1953 3018 2047 3058 ex-

460 3100 666 3155 hibent.
693 3098 856 3154 Verbi
888 3098 1088 3169 gratia,
1120 3098 1263 3151 sicut
1295 3098 1546 3167 superius
1568 3097 1829 3162 diximus,
1853 3112 2046 3152 omnes
2074 3110 2116 3166 c
2152 3097 2163 3169 ξ

456 3194 675 3262 quidem
722 3192 1003 3255 homines,
1045 3197 1140 3243 aut
1186 3189 1449 3251 cmlestis,
1483 3199 1576 3242 aut
1611 3191 1811 3243 terreni
1849 3189 2040 3258 imagi-

459 3302 582 3340 nem
609 3296 913 3354 portamus,
948 3286 1041 3337 sed
1070 3292 1127 3337 et
1160 3283 1211 3335 in
1246 3282 1333 3337 his
1358 3282 1490 3352 ipsis
1520 3282 1688 3336 multa
1728 3282 2037 3336 diversitas.

457 3376 657 3442 Utputa
704 3374 884 3429 oumis
937 3384 1195 3443 peccator
1248 3380 1429 3442 portat
1466 3372 1755 3441 imaginem
1817 3371 2043 3434 terreni,

456 3470 552 3522 sed
592 3482 698 3521 non
731 3466 909 3521 omnis
945 3466 1196 3519 similiter
1233 3483 1245 3518 :
1282 3478 1388 3518 non
1423 3478 1578 3530 atque
1604 3464 1895 3532 imaginem
1932 3472 2043 3517 ter-

461 3562 578 3614 rt-ni
617 3557 1129 3627 portat'homicida
1180 3566 1236 3610 et
1293 3555 1551 3618 mendax,
1593 3564 1688 3608 aut
1734 3555 1950 3608 adulter
1987 3562 2045 3609 et

461 3651 849 3712 couviciosus,
916 3661 1010 3704 aut
1071 3663 1362 3717 puerorum
1430 3654 1725 3714 corruptor
1787 3656 1841 3701 et
1908 3646 2035 3709 fur,

460 3743 712 3813 quamvis
773 3756 963 3795 omnes
1025 3741 1113 3794 isti
1175 3740 1374 3794 terreni
1440 3739 1734 3807 imaginem
1791 3746 2046 3807 portent,

466 3837 561 3891 sed
598 3835 764 3888 multa
797 3843 877 3887 est
915 3834 1057 3887 inter
1091 3833 1240 3902 ipsos
1264 3830 1571 3885 differentia
1601 3845 1700 3898 pro
1729 3829 2049 3883 diversitate

462 3927 692 3995 peccati.
744 3924 1058 3979 Secundum
1095 3923 1192 3976 has
1218 3935 1351 3991 ergo
1398 3920 1745 3973 diversitates
1794 3917 2050 3986 imaginis

463 4018 688 4083 terreni,
745 4014 1115 4085 contemplare
1161 4014 1327 4068 etiam
1364 4011 1739 4065 diversitatem
1791 4008 2048 4077 imaginis

461 4111 724 4171 caelestis,
769 4116 824 4162 et
866 4106 1081 4160 intuere
1120 4104 1348 4158 Paulum
1400 4112 1705 4171 portantem
1753 4102 2046 4172 imaginem

460 4200 720 4267 rmlestis,
747 4208 803 4253 et
831 4197 1198 4252 Timotheum.
1230 4196 1293 4250 Et
1322 4195 1490 4264 quid?
1525 4203 1781 4262 putamus
1808 4193 1937 4262 quia
1964 4192 2044 4248 si-

463 4290 664 4345 militer
695 4301 753 4343 ιιι
781 4289 832 4341 in
873 4288 1060 4350 Paulo,
1092 4286 1167 4340 ita
1208 4293 1264 4339 et
1304 4286 1356 4338 in
1398 4283 1683 4338 Timotheo
1716 4291 1836 4338 erat
1866 4283 2047 4352 imago

459 4382 737 4438 cmlcstis?
768 4381 909 4435 Nihil
956 4379 1221 4449 amplius,
1268 4375 1400 4430 nihil
1446 4376 1761 4444 praeclarius
1802 4374 2043 4429 habebat

2141 533 2324 576 utrum
2355 523 2615 587 cmlestis,
2655 539 2723 578 an
2763 535 2976 580 terrena
3018 528 3194 596 imago
3238 528 3290 581 iu
3316 528 3492 580 anima
3533 540 3719 583 nostra

2142 615 2474 683 depingitur.
2522 614 2627 668 Sed
2670 626 2724 668 et
2758 615 2887 670 illud
2935 617 3229 672 admouere
3255 633 3351 672 vos
3390 619 3582 673 inutile
3609 635 3719 674 nou

2142 707 2427 769 videbitur,
2466 708 2608 776 quod
2646 709 2803 762 multi
2832 708 2883 762 in
2916 709 3020 764 hoc
3047 713 3245 767 mundo
3274 724 3495 781 propter
3525 713 3723 781 imagi-

2142 814 2240 853 nes
2275 798 2539 853 malorum
2578 815 2785 870 regum,
2813 800 2922 855 imo
2952 804 3132 870 potius
3161 812 3512 873 tyrannorum
3538 806 3722 872 perie-

2144 900 2293 954 runt,
2325 905 2421 959 pro
2448 891 2552 945 hoc
2571 893 2946 946 tantummodo
2969 894 3109 962 quod
3140 896 3434 963 tyrannica:
3460 897 3598 963 apud
3624 910 3718 949 eos

2146 982 2410 1050 imagines
2433 982 2784 1051 deprehensa!
2806 993 2952 1049 sunt,
2987 994 3040 1038 et
3081 987 3181 1041 hoc
3202 988 3373 1041 solum
3405 988 3486 1041 eis
3506 987 3720 1041 sull'ecit

2143 1074 2210 1126 ad
2242 1073 2470 1128 crimen.
2507 1072 2891 1131 Perscrutetur
2917 1090 3048 1144 ergo
3079 1093 3221 1131 nunc
3246 1093 3307 1132 se
3343 1078 3719 1147 unusquisque

2144 1175 2410 1232 vestrum,
2436 1176 2491 1220 et
2516 1167 2702 1222 cordis
2727 1168 2808 1221 sui
2840 1181 3040 1221 arcana
3076 1178 3379 1230 recenseat,
3400 1182 3465 1222 ac
3490 1168 3719 1237 diligen-

2147 1268 2226 1312 ter
2262 1257 2505 1327 inquirat
2533 1271 2671 1327 quas
2710 1257 2782 1312 ibi
2832 1258 3097 1328 imagines
3134 1267 3311 1325 gerat.
3359 1258 3419 1313 Si
3472 1257 3725 1312 inventus

2148 1349 2315 1403 fueris
2370 1348 2572 1404 habere
2624 1349 2695 1403 ibi
2761 1348 2964 1404 formas
3050 1349 3247 1405 diaboli
3312 1359 3369 1404 et
3420 1348 3717 1418 imaginem

2146 1441 2384 1505 Saturne,
2415 1443 2558 1510 quod
2593 1441 2690 1496 tibi
2725 1442 2830 1496 erit
2862 1442 2986 1496 vita:
3017 1443 3309 1511 refugium,
3336 1441 3460 1511 quis
3497 1440 3723 1495 miserep

2145 1535 2292 1589 bitur
2318 1532 2417 1598 tui,
2439 1548 2562 1588 cum
2601 1532 2669 1587 de
2712 1531 2905 1586 intimo
2935 1533 3179 1586 conclavi
3208 1532 3393 1586 cordis
3428 1530 3503 1584 tui
3536 1541 3723 1602 tyran—

2144 1625 2263 1679 nica
2304 1624 2481 1693 imago
2512 1624 2862 1693 proferetur‘l
2895 1624 2988 1680 Sin
3024 1634 3203 1679 autem
3248 1624 3329 1680 vis
3358 1631 3417 1678 ut
3451 1636 3549 1692 per
3593 1637 3719 1692 spe-

2144 1716 2256 1771 cies
2284 1717 2377 1773 tibi
2416 1716 2724 1786 hujusmodi
2779 1718 3045 1787 imagines
3093 1717 3393 1786 desiguem,
3424 1714 3572 1770 audi.
3614 1714 3721 1778 Ira,

2145 1810 2325 1880 imago
2385 1810 2671 1880 tyrannica
2725 1818 2833 1876 est,
2885 1810 3136 1873 avaritia,
3190 1809 3386 1873 dolus,
3441 1806 3725 1875 superbia,

2143 1910 2343 1963 tumor,
2380 1900 2564 1971 gloriae
2624 1901 2936 1964 saeculares.
2992 1902 3227 1961 invidiae,
3278 1902 3592 1964 ebrietates,
3630 1914 3726 1953 co-

2143 1995 2527 2057 messationes.
2560 2002 2615 2048 et
2644 1993 2728 2047 his
2748 1994 2970 2048 similia.
2996 1994 3145 2059 Quas
3167 1993 3211 2047 si
3242 2009 3346 2046 non
3381 1992 3546 2045 citius
3578 1989 3728 2057 abie-

2143 2084 2284 2138 ceris
2313 2085 2380 2139 de
2408 2085 2571 2139 domo
2605 2093 2721 2147 tua,
2753 2084 2796 2138 si
2825 2098 2928 2137 non
2953 2082 3261 2137 detraxeris
3297 2092 3350 2136 et
3388 2080 3664 2134 abraseris
3696 2094 3725 2131 a

2145 2176 2393 2231 sensibus
2431 2175 2535 2228 tuis
2556 2188 2775 2229 onmem
2804 2176 2985 2230 lucum
3018 2173 3263 2241 pessima
3294 2171 3452 2240 hujus
3479 2171 3727 2239 picturae,

2144 2279 2200 2322 et
2233 2283 2395 2322 omne
2435 2266 2751 2338 figmentum
2803 2266 3058 2320 venenati
3118 2264 3319 2318 coloris
3372 2263 3725 2322 absterseris,

2146 2359 2275 2429 ipsae
2315 2369 2366 2413 te
2404 2360 2666 2428 imagines
2708 2358 2885 2426 perire
2934 2357 3156 2411 facient.
3203 2353 3329 2407 Haec
3363 2356 3430 2407 de
3469 2366 3535 2406 eo
3583 2349 3728 2420 quod

2145 2453 2411 2521 scriptum
2439 2461 2523 2506 est
2554 2466 2568 2502 :
2607 2451 2673 2505 In
2702 2450 2930 2519 imagine
2960 2448 3196 2502 ambulat
3229 2448 3404 2500 homo.

2220 2591 2276 2646 5.
2310 2589 2572 2659 Sequitur
2604 2605 2617 2639 :
2654 2587 2999 2641 Thesaurizat
3030 2596 3077 2640 et
3102 2587 3309 2656 ignorat
3340 2587 3423 2639 cui
3450 2589 3733 2652 congregat

2149 2699 2232 2737 ea.
2255 2681 2556 2751 Oportebat
2579 2682 2727 2735 enim
2766 2679 2966 2749 requiri
2996 2694 3119 2748 qua:
3148 2689 3275 2732 sunt
3311 2692 3431 2745 qure
3464 2672 3732 2730 thesauri-

2149 2783 2347 2828 zantur
2377 2783 2433 2827 et
2468 2773 2791 2843 ignorantur
2823 2771 2913 2826 cui
2943 2780 3369 2840 coagrcgentur,
3388 2777 3441 2822 et
3467 2783 3586 2836 quae
3606 2775 3734 2820 sunt

2149 2879 2269 2932 qua:
2288 2875 2689 2934 congregantur
2714 2874 2767 2917 et
2800 2879 2906 2918 non
2933 2863 3253 2932 ignorantur
3274 2860 3359 2915 cui
3388 2867 3729 2926 permanent.

2151 2957 2445 3025 Sequitur:
2485 2955 2549 3008 Et
2587 2972 2724 3009 nunc
2770 2971 2888 3023 qua:
2920 2966 2997 3008 est
3032 2952 3347 3017 exspectatio
3378 2949 3529 3005 mea?
3561 2963 3735 3002 nonne

2152 3049 2460 3103 Dominus?
2510 3047 2663 3103 Sicut
2696 3048 2961 3116 sapientia
3012 3055 3195 3101 nostra
3230 3044 3482 3099 Christus
3525 3046 3629 3101 est,
3677 3044 3734 3091 et

2146 3141 2357 3211 justitia
2382 3140 2637 3195 Christus
2662 3148 2766 3205 est,
2783 3139 3085 3195 secundum
3106 3137 3249 3206 quod
3275 3133 3537 3200 scriptum
3561 3128 3730 3184 est":

2153 3232 2257 3298 Qui
2292 3232 2467 3301 factus
2509 3242 2584 3284 est
2624 3232 2885 3293 sapientia
2923 3231 3070 3283 nobis
3100 3245 3131 3281 a
3177 3227 3310 3290 Deo,
3352 3233 3399 3277 et
3428 3223 3639 3295 justitia
3688 3231 3739 3275 et

2150 3324 2509 3388 sanctiﬁcatio
2536 3334 2583 3376 et
2620 3323 2940 3385 redemptio;
2968 3321 3041 3375 ita
3082 3328 3135 3375 et
3162 3317 3520 3387 exspectatio,
3559 3313 3612 3368 id
3653 3324 3741 3367 est

2153 3415 2419 3484 patientia
2466 3422 2651 3466 nostra
2699 3412 2953 3466 Christus
2999 3419 3103 3463 est.
3135 3406 3428 3474 Propterea
3464 3418 3569 3457 non
3621 3401 3737 3471 glo-

2153 3509 2323 3561 rietur
2355 3506 2574 3575 sapiens
2608 3505 2663 3558 in
2697 3503 2988 3571 sapientia,
3023 3515 3123 3554 nec
3152 3498 3311 3552 fortis
3338 3498 3391 3550 in
3417 3494 3740 3549 fortitudine

2152 3610 2269 3661 sua,
2296 3596 2421 3663 quia
2456 3594 2636 3648 omnia
2666 3594 2932 3648 habemus
2961 3590 3017 3645 in
3069 3589 3313 3645 Christo.
3340 3589 3407 3643 Et
3439 3602 3581 3640 nunc
3606 3600 3740 3655 ergo

2152 3702 2272 3756 qua:
2323 3695 2405 3740 est
2432 3685 2787 3755 exspectatio,
2830 3683 2880 3739 id
2938 3694 3022 3740 est
3066 3682 3333 3752 patientia
3371 3678 3525 3734 mea?
3564 3677 3742 3730 Domi-

2155 3794 2274 3832 ntts.
2316 3775 2384 3829 Et
2417 3778 2715 3831 substantia
2748 3792 2861 3831 mea
2896 3793 2927 3830 a
2962 3785 3010 3830 te
3038 3787 3135 3830 est.
3177 3773 3232 3827 Si
3266 3772 3443 3828 habeo
3488 3769 3742 3823 substan-

2157 3873 2288 3924 tiam
2321 3869 2635 3924 divitiarum
2675 3868 3027 3937 spiritalium,
3077 3882 3107 3922 a
3160 3868 3270 3921 Deo
3306 3876 3409 3921 est.
3446 3862 3739 3933 lnsuﬁlavtt

2152 3963 2297 4018 enim
2334 3964 2475 4017 Deus
2500 3962 2552 4015 in
2571 3961 2764 4030 faciem
2792 3962 3032 4016 hominis
3055 3961 3298 4030 spiritum
3322 3958 3464 4025 vita,
3492 3964 3540 4010 et
3564 3956 3740 4022 [actus

2152 4052 2398 4108 esthomo
2427 4054 2481 4108 in
2521 4053 2757 4107 animam
2790 4053 2955 4107 vivam
2978 4050 3045 4105 ⁸⁸.

2223 4187 2279 4243 4.
2312 4186 2389 4240 Ab
2417 4185 2657 4239 omnibus
2690 4181 3058 4253 iniquitatibus
3089 4179 3215 4233 meis
3242 4178 3381 4246 eripe
3407 4193 3508 4230 me.
3540 4174 3739 4230 Neces-

2153 4279 2300 4335 sario
2348 4275 2559 4331 addidit
2607 4275 2672 4329 ab
2727 4272 2996 4335 omnibus,
3030 4284 3128 4339 pro
3179 4269 3396 4323 scilicet
3446 4264 3593 4318 nulla
3640 4277 3741 4317 nos

2158 4378 2338 4425 teneat
2365 4378 2417 4423 et
2446 4366 2786 4435 constringat
2823 4364 3103 4434 iniquitas.
3135 4360 3243 4414 Sed
3268 4357 3546 4427 quomodo
3600 4354 3744 4408 Deus

458 4476 641 4541 imago
671 4471 821 4525 Pauli
860 4443 1376 4540 praeterimaginem
1414 4443 1720 4519 Timothei?
1751 4463 1862 4533 Ego
1890 4462 2040 4516 arbi-
2076 4443 2127 4503 Ῑ)
2160 4460 2229 4514 ab
2266 4458 2653 4528 iniquitatibus
2687 4455 2910 4524 eripiat,
2951 4449 3428 4541 consideremus.”
3452 4444 3511 4498 Si
3565 4443 3744 4512 poeni-

457 4578 579 4620 ιι·ον
594 4565 717 4635 quia
737 4563 1033 4619 secundum
1053 4561 1153 4614 hoc
1169 4558 1311 4628 quod
1337 4559 1676 4627 praecedebat
1694 4558 1815 4610 vitae
1834 4555 2049 4619 merito,

460 4659 612 4711 verbi
648 4654 912 4725 potentia,
937 4652 1387 4722 magnanimitate
1427 4648 1693 4719 propositi
1728 4647 1924 4701 Paulus
1955 4647 2051 4702 Tio

456 4752 769 4811 motheum.
802 4749 875 4801 ita
913 4757 967 4800 et
996 4746 1048 4799 in
1087 4745 1178 4798 illo
1216 4743 1387 4809 maior
1415 4757 1479 4796 ac
1504 4741 1839 4811 splendidior
1886 4739 2052 4793 reful-

454 4840 627 4911 gebat
651 4840 831 4908 imago
863 4835 1123 4899 ctelestis,
1153 4833 1372 4903 qualem
1406 4833 1459 4886 iu
1508 4832 1599 4886 illo
1636 4830 1870 4884 faciebat
1911 4831 2047 4884 ima-

463 4933 645 5001 ginem
673 4930 951 4992 Christus,
986 4942 1108 4982 cum
1149 4928 1203 4979 in
1227 4941 1293 4979 eo
1319 4925 1633 4992 loqueretur
1667 4940 1680 4976 :
1716 4932 1770 4975 et
1802 4923 1961 4975 aliam
1992 4931 2047 4977 et

466 5024 649 5093 longe,
690 5031 743 5075 ut
779 5036 879 5090 ego
924 5021 1184 5081 arbitror.
1243 5016 1561 5071 inferiorem
1614 5015 1665 5069 in
1697 5014 1786 5067 illo
1816 5013 2049 5068 faciebat

468 5116 765 5185 imaginem
790 5115 880 5182 qui
916 5113 1131 5167 dicebat
1156 5114 1204 5147 ⁸⁸
1232 5130 1247 5165 :
1282 5109 1345 5162 Et
1375 5110 1510 5163 dixit
1533 5109 1751 5178 angelus
1767 5108 2050 5177 quiloque-

456 5211 628 5263 vbatur
666 5208 719 5261 in
753 5222 850 5271 mc,
878 5206 1032 5260 etsic
1063 5220 1159 5274 per
1196 5202 1405 5271 singula
1449 5202 1611 5254 etiam
1645 5201 1788 5269 apud
1818 5204 2047 5269 teipsnm

458 5303 777 5372 requirens,
809 5300 1185 5357 diversitatem
1220 5299 1462 5353 invenies
1510 5294 1764 5364 imaginis
1800 5294 1917 5348 sive
1943 5302 2051 5345 ter-

462 5408 613 5447 rente
638 5392 689 5447 in
716 5390 1112 5460 peccatoribus,
1136 5392 1250 5444 sive
1284 5387 1524 5442 cmlestis
1553 5386 1605 5439 in
1633 5386 1855 5439 sanctis.
1876 5382 2049 5437 Omne

457 5499 597 5553 ergo
630 5485 776 5553 quod
812 5484 994 5554 agitur
1028 5498 1057 5536 a
1103 5482 1260 5537 nobis
1301 5496 1399 5550 per
1457 5478 1697 5547 singulas
1748 5477 1912 5530 horas
1961 5471 2049 5527 vel

464 5584 767 5638 motncnta,
792 5576 1082 5646 imaginem
1110 5574 1350 5643 aliquam
1379 5571 1651 5626 deformat
1683 5585 1697 5620 :
1727 5577 1783 5622 et
1806 5568 1926 5620 ideo
1953 5580 2048 5633 per

461 5665 681 5733 singula
710 5668 940 5721 scrutari
974 5667 1233 5720 debemus
1260 5677 1417 5720 actus
1453 5672 1690 5734 nostros,
1722 5669 1775 5715 et
1814 5667 2050 5712 nosmet-

547 5760 787 5815 "Zat-h.
820 5778 858 5827 ι,
900 5763 986 5815 Η.
1061 5764 1101 5792 ⁵⁷
1137 5761 1155 5815 l
1190 5765 1314 5817 (lor.
1341 5780 1378 5828 ι,
1410 5761 1497 5813 50.
1577 5759 1621 5791 ⁵⁸
1651 5758 1788 5814 Gen.
1820 5772 1877 5821 tt,
1913 5755 1963 5806 '7.

2160 4561 2338 4606 tentes
2372 4565 2475 4620 pro
2509 4550 2669 4604 malis
2698 4548 2865 4619 gestis
2888 4552 3273 4602 convertamur
3296 4540 3363 4593 ad
3400 4538 3593 4600 Deum,
3619 4550 3743 4590 sus-

2158 4644 2367 4712 cipiens
2412 4658 2443 4696 a
2487 4642 2640 4697 nobis
2670 4641 2815 4696 Dens
2851 4634 3263 4691 conversionem
3298 4639 3561 4691 nostram,
3588 4627 3744 4681 abso-

2159 4734 2419 4789 lutionem
2458 4733 2811 4801 iniquitatum
2848 4729 3014 4782 donat
3067 4722 3368 4777 secundum
3426 4731 3737 4771 mensuram

2157 4826 2551 4879 conversionis.
2581 4822 2677 4877 Cui
2710 4820 2853 4874 enim
2888 4818 3008 4888 plus
3036 4814 3354 4876 remittitur,
3381 4810 3497 4881 plus
3525 4808 3699 4874 diligit
3723 4825 3739 4862 :

2156 4927 2208 4972 et
2237 4929 2524 4987 propterea
2553 4914 2755 4967 dicitur
2776 4913 2821 4944 "
2848 4910 2972 4981 quia
2995 4906 3206 4963 mulieri
3230 4906 3306 4960 illi
3328 4904 3494 4958 multa
3518 4902 3741 4956 remissa

2156 5018 2300 5071 sunt,
2335 5008 2459 5078 quia
2493 5005 2676 5060 dilexit
2709 5003 2956 5057 multum.
3000 5001 3107 5055 Pro
3133 5012 3385 5054 mensura
3410 5010 3541 5065 ergo
3565 4992 3741 5063 pteni-

2161 5103 2367 5168 tcutiaa,
2408 5099 2749 5154 remissionis
2784 5095 3060 5166 quantitas
3102 5093 3459 5146 moderatur:
3500 5103 3567 5142 ne
3615 5101 3741 5140 nos-

2159 5196 2421 5264 metipsos
2469 5191 2817 5253 seducamus,
2859 5196 3116 5259 putantes
3149 5183 3315 5238 nullis
3346 5182 3462 5236 luce
3514 5177 3740 5248 regulis,

2158 5287 2320 5341 nullis
2341 5283 2645 5353 dispensari
2670 5282 2916 5351 judiciis.
2940 5277 3109 5350 698
3134 5275 3274 5330 Puto
3300 5273 3446 5328 enim
3481 5272 3626 5340 quod
3648 5269 3740 5337 qui

2155 5374 2950 5446 omnesjustitiasimpleverit,
2986 5374 3076 5425 ille
3103 5384 3291 5424 omnes
3324 5367 3510 5422 abluat
3537 5363 3745 5438 iniqui-

2159 5483 2321 5539 tates,
2347 5471 2439 5542 qui
2467 5486 2599 5526 vero
2630 5483 2856 5539 paucas,
2888 5465 2971 5520 vel
3002 5473 3209 5533 partem
3247 5460 3485 5529 aliquam
3511 5455 3741 5525 iustitia:

2155 5572 2414 5631 operatus
2447 5570 2550 5624 est,
2579 5569 2785 5629 partem
2820 5557 3055 5625 aliquam
3092 5552 3435 5619 iniquitatum
3468 5546 3736 5602 resolvat:

2159 5655 2249 5724 qui
2276 5670 2404 5710 vero
2438 5653 2737 5722 perfectam
2780 5665 2879 5720 pro
2909 5646 3160 5705 omnibus
3193 5642 3351 5699 malis
3381 5651 3437 5696 et
3477 5640 3743 5710 intcgram

2027 5756 2085 5827 f9
2116 5754 2245 5809 Luc.
2283 5768 2378 5819 ιιι,
2406 5751 2494 5804 «i7.
