4110 6456
486 374 622 429 1405

1122 369 1428 423 SELECTA
1469 368 1532 422 IN
1574 367 1916 423 PSALMOS.
1954 396 2019 404 —
2057 362 2293 420 IIOMIL.
2334 366 2350 420 I
2391 365 2458 421 IN
2490 365 2684 420 PSAL.
2720 362 3004 419 XXXVIII.

3589 366 3729 419 I406

480 487 855 557 pamitentiam
886 485 1135 553 gesserit,
1179 487 1252 539 ita
1286 492 1344 538 nt
1374 500 1566 553 purum
1608 499 1704 537 cor
1734 482 1845 549 jam
1864 481 2051 536 oﬂerat
2080 484 2124 538 Α
2150 482 2603 534 etconsislentcm
2627 483 2916 535 adversum
2946 495 3043 533 nos
3071 487 3408 547 peccatorum
3432 479 3683 535 describit
3711 501 3725 536 :

484 584 610 643 Deo,
643 580 741 633 iste
771 578 931 631 simul
966 592 1186 629 omnem
1224 576 1397 630 labem
1427 576 1945 644 diluitpeccatorum
1973 576 2049 628 :si

481 687 609 724 vero
631 679 872 737 exparte
904 668 1172 736 posuituit,
1194 678 1245 721 et
1269 683 1332 722 ex
1360 668 1637 735 parteiam
1666 668 1865 720 meruit
1887 667 2049 719 abso-

482 760 901 813 Iuti0nen1.'lla-c
920 776 1051 829 ergo
1070 759 1250 814 sciens
1268 760 1549 827 propheta,
1566 768 1619 812 et
1641 759 1770 827 quia
1788 761 2047 826 quosdam

478 853 692 919 quidem
725 852 885 919 eripit
927 853 1068 907 Deus
1101 854 1169 905 ab
1198 851 1453 905 omnibus
1485 851 1865 921 iniquitatibus
1893 853 2009 907 suis
2032 891 2048 916 ,

475 944 734 1009 quosdam
790 941 859 994 ab
896 942 1170 1010 aliquibus
1217 941 1595 1009 iniquitatibus
1647 942 1873 1005 liberat,
1920 952 2050 1011 puto

474 1033 615 1101 quod
651 1043 931 1102 propterea
985 1035 1267 1088 conlidens
1298 1034 1478 1103 egisse
1527 1048 1585 1088 se
1615 1050 1677 1088 ea
1712 1035 1908 1103 quibus
1964 1036 2049 1087 di-

473 1137 639 1190 gnum
669 1134 815 1178 esset
860 1128 926 1177 ab
959 1125 1211 1178 omnibus
1266 1124 1652 1194 iniquitatibus
1701 1126 1861 1192 eripi,
1917 1126 2048 1181 dicit

474 1216 736 1270 audacter
784 1216 851 1269 ad
902 1216 1185 1270 Dominum
1218 1232 1233 1272 :
1266 1216 1343 1268 Ab
1394 1217 1635 1271 omnibus
1681 1218 2048 1287 iniquitatibus

472 1315 597 1366 meis
620 1312 758 1379 eripe
786 1324 886 1363 me.

543 1404 599 1459 5.
626 1402 981 1472 Opprobrium
1005 1400 1276 1467 insipienti
1317 1400 1507 1452 dedisti
1535 1415 1634 1452 me.
1673 1397 1855 1453 Donec
1881 1397 2047 1451 habe-

470 1511 592 1550 mus
626 1502 871 1561 peccata,
908 1506 1136 1547 necesse
1169 1498 1255 1545 est
1295 1506 1393 1546 nos
1438 1489 1759 1560 exprobrari
1796 1492 1863 1543 ab
1909 1489 2045 1543 insi-

471 1586 655 1652 piente
687 1592 740 1637 et
773 1590 1088 1637 accusatore
1118 1592 1306 1637 nostro
1332 1581 1586 1636 diabolo:
1613 1590 1666 1635 et
1690 1581 1733 1634 si
1765 1580 2048 1633 invenian—

472 1683 559 1727 tur
596 1684 819 1743 peccata
854 1682 1037 1728 nostra
1072 1690 1175 1726 non
1212 1687 1333 1727 esse
1363 1672 1540 1728 deleta
1564 1713 1579 1737 ,
1620 1673 1713 1727 sed
1754 1671 1957 1741 scripta
1993 1672 2044 1724 in

470 1766 631 1819 nobis
666 1764 807 1834 ston
834 1764 1058 1827 diaboli,
1087 1778 1185 1831 per
1210 1763 1325 1818 hate
1354 1762 1469 1832 ipsa
1501 1778 1623 1831 qua:
1652 1763 1921 1833 gessimus
1955 1776 2048 1814 cx-

471 1856 758 1924 probrabit
796 1871 894 1911 nos
939 1855 1218 1909 inimicus.
1262 1854 1414 1909 Sicut
1462 1853 1605 1908 enim
1648 1854 1786 1909 bona
1820 1867 2045 1920 qumque

469 1947 676 2014 scripta
714 1946 973 1999 dicuntur
1019 1960 1125 1998 non
1186 1954 1517 2009 atramento,
1564 1945 1656 1998 sed
1707 1944 1899 2012 spiritu
1954 1943 2044 1996 Dei

471 2039 603 2103 vivi,
645 2038 719 2091 ita
766 2037 906 2090 mala
933 2052 1161 2106 qumque
1192 2038 1617 2091 conscribuntur
1650 2044 1955 2088 atramento
1994 2045 2048 2087 et

470 2130 681 2183 calamo
711 2130 934 2183 diaboli.
964 2128 1193 2198 Propter
1223 2128 1369 2198 quod
1414 2128 1675 2182 Dominus
1703 2137 1757 2181 et
1796 2126 2048 2181 Salvator

471 2226 658 2270 noster
708 2216 905 2271 delevit
954 2216 1381 2285 chirographum
1434 2225 1782 2286 peccatorum
1834 2227 2047 2269 nostro-

471 2316 614 2363 rum,
671 2303 812 2369 quod
861 2314 980 2357 erat
1018 2306 1303 2357 adversum
1336 2319 1435 2357 nos
1476 2304 1692 2359 diabolo
1721 2305 2048 2374 astipulante

465 2393 857 2459 conscriptum,
889 2394 1031 2448 sicut
1072 2403 1126 2447 et
1156 2406 1284 2448 ante
1317 2396 1643 2463 praedixerat
1677 2410 1774 2465 per
1814 2398 2045 2465 prophe-

465 2488 575 2534 tam
611 2481 883 2536 dicentem
908 2484 955 2515 ⁸⁸
985 2501 997 2537 :
1026 2484 1160 2538 Ecce
1192 2486 1336 2539 deleo
1363 2487 1497 2539 sicut
1522 2488 1707 2541 nubem
1739 2489 2046 2553 iniquitates

461 2580 604 2638 tuas,
630 2582 678 2627 et
707 2575 840 2627 sicut
873 2575 1116 2628 nebulam
1153 2587 1367 2644 peccata
1415 2586 1527 2641 tua,
1570 2587 1616 2631 et
1659 2578 1795 2631 ultra
1824 2596 1927 2633 non
1959 2597 2046 2634 ero

464 2681 683 2718 memor.
727 2665 796 2721 Ut
835 2681 967 2737 ergo
1016 2682 1121 2721 non
1168 2668 1562 2738 exprobremur
1619 2670 1685 2721 ab
1736 2670 2045 2739 insipiente,

462 2763 843 2809 convertamus
872 2771 971 2810 nos
999 2758 1067 2811 sb
1100 2758 1352 2812 omnibus
1391 2758 1775 2827 iniquitatibus
1816 2760 2044 2827 nostris,

465 2859 532 2899 ne
572 2847 973 2914 reprehendens
1018 2851 1070 2902 in
1114 2849 1269 2903 nobis
1309 2850 1546 2903 maculas
1582 2860 1953 2919 peccatorum.
1987 2852 2038 2908 id

461 2944 544 2987 est
589 2950 699 2988 sua:
749 2937 1043 2992 voluntatis
1098 2938 1351 3007 insignia,
1402 2941 1697 3008 exprobret
1741 2951 1798 2996 et
1849 2943 2040 2997 dicat:

463 3026 601 3080 Ecce
632 3026 718 3080 hic
768 3026 1110 3082 Christianus
1162 3029 1467 3094 dicebatur,
1511 3040 1567 3083 et
1616 3033 1771 3101 signo
1828 3032 2035 3088 Christi

460 3119 781 3187 signabatur
803 3119 855 3173 in
890 3120 1088 3185 l‘ronte,
1123 3136 1272 3175 meas
1296 3131 1475 3177 autem
1501 3124 1812 3179 voluntates
1835 3135 1888 3180 et
1918 3141 2037 3180 mea
2069 3148 2110 3208 ρ

461 3209 829 3278 chirographa
877 3212 1102 3279 gerebat
1151 3213 1203 3266 in
1238 3214 1419 3268 corde.
1464 3214 1607 3269 Ecce
1649 3217 1749 3269 iste
1778 3217 1870 3285 qni
1907 3217 2036 3270 mihi

460 3308 514 3355 et
542 3302 797 3370 operibus
823 3304 959 3356 meis
990 3304 1328 3357 renuntiavit
1361 3305 1411 3356 in
1441 3305 1729 3375 baptismo,
1759 3308 1893 3362 meis
1927 3324 2041 3361 rur-

458 3404 578 3441 sum
637 3389 895 3453 operibus
935 3404 994 3444 se
1037 3392 1267 3445 inseruit
1310 3394 1553 3463 meisque
1597 3394 1807 3461 legibus
1838 3402 2037 3464 paruit.

464 3476 707 3532 Liberali
749 3494 881 3547 ergo
918 3481 985 3536 ab
1010 3483 1261 3536 onmibus
1289 3483 1692 3553 iniquitatibus,
1719 3486 2033 3543 Studeamus

461 3583 526 3622 ne
560 3569 612 3622 in
647 3570 731 3623 die
756 3570 945 3639 jndicii
981 3573 1352 3642 hujuscemodi
1389 3577 1700 3646 opprobriis
1733 3577 2037 3649 insipientis

458 3659 655 3713 diaboli
689 3665 1132 3718 succumbamus.

528 3750 581 3804 6.
615 3751 869 3808 Obmutui
893 3767 940 3808 et
966 3774 1068 3809 non
1099 3759 1284 3825 aperui
1313 3776 1369 3813 os
1400 3778 1569 3815 meum
1590 3803 1605 3827 ,
1632 3766 1759 3834 quia
1790 3775 1843 3817 tu
1866 3781 1918 3819 cs
1943 3765 2032 3834 qui

457 3842 644 3903 fecisti.
679 3844 797 3898 Jam
828 3855 880 3899 ct
921 3846 1022 3900 hoc
1065 3849 1316 3916 superius
1354 3853 1729 3921 exposuimus,
1766 3870 1885 3907 cum
1922 3866 2033 3909 tra-

456 3939 727 3986 ctaremns
760 3934 906 3986 illuni
946 3936 1272 3991 versiculum
1335 3942 1423 4007 qui
1461 3943 1536 3994 ait
1569 3958 1581 3993 :
1619 3942 1755 3996 Dmn
1793 3946 2032 3999 consistit

452 4031 701 4089 peccator
739 4026 1017 4078 adversum
1044 4042 1145 4091 me,
1175 4028 1410 4083 obmutui
1429 4041 1476 4083 et
1501 4032 1810 4085 humiliatus
1834 4049 1949 4087 sum
1981 4047 2031 4089 et

452 4111 630 4167 siluia
656 4115 823 4169 bonis.
852 4114 1061 4170 Bonum
1101 4128 1185 4172 est
1218 4120 1361 4174 enim
1392 4137 1456 4175 eo
1502 4133 1747 4191 tempore
1781 4139 1905 4179 cum
1932 4130 2028 4181 ad-

454 4217 669 4258 versum
704 4222 823 4271 nos,
854 4208 935 4261 vel
955 4210 1392 4280 derogationum,
1427 4214 1509 4268 vel
1532 4198 1925 4283 conviciorum,
1947 4219 2028 4272 vel

2151 579 2206 623 et
2242 572 2365 636 quia
2415 570 2518 624 hoc
2572 572 2746 635 ipsum
2794 570 2995 623 indicet
3044 568 3241 622 iecisse
3275 569 3476 633 Deum,
3516 572 3566 625 id
3600 586 3723 637 ρει,

2151 661 2292 730 quod
2327 661 2574 715 exercitii
2611 662 2781 714 nostri
2816 675 2980 713 causa
3018 669 3071 714 et
3101 661 3376 729 prolectus
3411 663 3550 717 Deus
3579 662 3725 719 fece-

2156 752 2224 804 rit
2271 753 2371 805 ista
2416 752 2742 805 certamina.
2780 750 2905 805 Ideo
2944 766 3074 819 ergo
3108 767 3319 805 memor
3344 768 3470 818 ero,
3502 754 3627 823 quia
3664 766 3719 808 tu

2150 839 2323 894 fecisti
2350 856 2552 909 agones
2583 842 2717 895 istos
2751 850 2804 893 et
2833 852 2885 893 tu
2920 840 3073 892 nobis
3095 840 3208 892 haec
3227 839 3487 893 exercitia
3515 840 3726 907 patien-

2151 933 2236 987 tite
2259 934 2595 1003 przeparasti.
2615 935 2747 988 Cum
2766 934 2908 987 enim
2932 934 2998 987 ad
3024 931 3358 985 iracundiam
3384 942 3726 1000 provocarel,

2149 1040 2269 1080 cum
2296 1026 2556 1080 conviciis
2595 1027 2907 1090 lacesseret,
2942 1040 3006 1079 ne
3034 1024 3307 1092 patientia:
3352 1025 3522 1077 lineas
3550 1038 3715 1077 erce-

2150 1115 2357 1183 derem,
2381 1126 2435 1170 et
2456 1116 2677 1171 verbum
2698 1116 2913 1185 aliquod
2931 1116 3073 1186 quod
3107 1115 3201 1168 tibi
3225 1130 3327 1169 non
3358 1113 3568 1183 placeat
3592 1128 3716 1182 pro-

2150 1204 2347 1261 ferrem
2390 1208 2455 1262 de
2492 1208 2652 1262 labiis
2699 1208 2868 1274 meis,
2913 1208 3148 1260 obmutui
3193 1216 3241 1259 et
3295 1222 3395 1259 non
3436 1207 3621 1273 aperui
3667 1222 3723 1259 os

2148 1315 2340 1352 meum.
2413 1296 2470 1350 Si
2539 1310 2671 1350 vero
2726 1300 2957 1368 amplius
2997 1298 3197 1367 aliquid
3241 1298 3535 1351 secundum
3571 1296 3722 1350 Pauli

2149 1398 2353 1442 statuta
2374 1386 3097 1458 “valueroprolligaremon
3127 1387 3301 1443 solum
3348 1392 3719 1443 obmutescam

2150 1485 2204 1529 et
2236 1490 2340 1529 non
2387 1478 2626 1543 aperiam
2675 1492 2737 1531 os
2775 1492 2984 1542 meum,
3023 1479 3116 1533 sed
3155 1487 3210 1531 et
3250 1493 3372 1532 cum
3402 1478 3719 1541 maledicor,

2151 1565 2467 1620 bcnedicam
2500 1577 2555 1621 et
2584 1567 2985 1636 blaspltematus
3012 1570 3376 1638 deprecabor.

2222 1657 2273 1713 7.
2313 1658 2505 1711 Amore
2532 1675 2563 1711 a
2600 1675 2681 1712 me
2706 1660 2892 1727 plagas
2920 1671 3063 1723 tuas,
3095 1677 3129 1713 a
3174 1662 3487 1724 fortitudine
3536 1678 3723 1715 manus

2150 1759 2255 1803 tuw
2297 1764 2389 1817 ego
2418 1747 2603 1810 defeci.
2640 1747 2794 1813 Quod
2825 1747 3001 1802 Latini
3039 1750 3368 1816 interpretes
3414 1751 3597 1821 plagas
3640 1754 3725 1807 di-

2153 1851 2369 1903 xerunt,
2420 1840 2473 1892 in
2507 1839 2715 1895 Crtecis
2749 1839 3028 1894 codicibus
3062 1839 3273 1906 ﬂagella
3314 1843 3578 1912 scriptum
3620 1853 3723 1911 est,

2150 1944 2207 1985 ut
2232 1934 2338 1987 sit:
2365 1933 2555 1986 Amore
2581 1951 2611 1987 α
2636 1950 2716 1987 me
2736 1932 2949 2003 ﬂagella
2980 1942 3094 1985 tua.
3121 1932 3274 1998 Quod
3300 1933 3517 1985 videtur
3539 1933 3726 2000 utique

2149 2026 2329 2081 dicere
2391 2026 2597 2094 positus
2636 2028 2792 2095 quasi
2856 2026 2907 2078 in
2963 2026 3307 2094 correptione
3347 2023 3723 2093 ﬂagellorum,

2149 2132 2269 2171 cum
2311 2118 2451 2170 sient
2478 2118 2639 2171 homo
2672 2132 2769 2185 pro
2796 2116 3036 2187 peccatis
3066 2115 3390 2185 corripitur,
3435 2114 3515 2167 vel
3542 2113 3727 2184 ﬂagel-

2152 2209 2294 2262 latur
2322 2219 2380 2262 ut
2433 2209 2777 2263 emendetur.
2813 2209 2968 2263 Sicut
2998 2217 3054 2261 et
3086 2207 3214 2260 illud
3248 2222 3277 2259 a
3306 2206 3723 2277 quamplurimis

2152 2302 2473 2372 intelligitur
2505 2304 2646 2370 quod
2675 2302 2939 2370 scriptum
2960 2314 3043 2355 est
3065 2303 3139 2356 ⁶²ε
3162 2301 3297 2363 Fili,
3318 2297 3423 2351 noli
3462 2300 3725 2351 “Pliillde

2147 2395 2428 2462 disciplina
2470 2392 2588 2457 Dei,
2614 2409 2776 2463 neque
2815 2392 3031 2459 deﬁcias
3061 2409 3177 2445 cum
3205 2393 3269 2443 ab
3315 2407 3375 2444 eo
3412 2390 3721 2457 increparis.

2151 2486 2321 2549 Quem
2354 2486 2491 2538 enim
2534 2484 2708 2553 diligit
2767 2483 2933 2548 Deus,
2989 2484 3235 2551 corripit,
3276 2481 3509 2550 ﬂagellat
3551 2489 3724 2532 autem

2148 2592 2351 2630 onmem
2385 2575 2553 2646 ﬁlium
2597 2591 2749 2645 quem
2797 2576 3003 2642 recipit.
3064 2575 3120 2629 Si
3168 2572 3384 2644 quando
3431 2586 3559 2639 ergo
3604 2573 3727 2639 quis

2151 2668 2530 2738 hujuscemodi
2565 2668 3009 2736 correptionibus
3042 2667 3379 2734 increpatttr,
3417 2673 3727 2732 competen-

2152 2771 2235 2815 ter
2276 2760 2457 2815 dicere
2505 2759 2725 2813 videtur
2760 2780 2771 2813 :
2806 2758 3001 2814 Amove
3050 2774 3079 2810 a
3127 2772 3209 2809 me
3263 2752 3481 2825 flagella
3531 2763 3645 2806 tua.
3682 2751 3725 2805 Α

2148 2852 2469 2921 fortitudine
2502 2868 2693 2904 manus
2718 2861 2824 2904 tua:
2862 2866 2954 2921 ego
2986 2849 3175 2918 defeci.
3203 2846 3307 2901 Sed
3343 2845 3475 2900 illud
3505 2859 3726 2913 compe‘

2149 2952 2325 2998 tenter
2364 2944 2577 2999 videtur
2608 2943 2781 3013 aptari
2831 2942 2976 3011 quod
3007 2941 3270 3007 scriptum
3305 2947 3388 2991 cst
3421 2956 3436 2992 :
3463 2936 3529 2989 In
3556 2936 3725 2989 incre-

2145 3037 2447 3104 pationibus
2493 3045 2708 3104 propter
2755 3033 3089 3101 iniquitatem
3129 3029 3435 3095 corripuisti
3474 3028 3554 3081 vel
3600 3043 3724 3080 eru-

2146 3126 2271 3178 diin
2311 3127 2595 3179 hominem.
2627 3124 2730 3178 Sed
2775 3122 2900 3176 novi
2940 3133 3040 3189 ego
3074 3129 3127 3171 et
3173 3119 3277 3172 alia
3340 3117 3550 3186 ﬂagella
3603 3117 3719 3188 ('70)

2143 3217 2340 3286 quibus
2362 3216 2733 3270 vehementius
2756 3213 3082 3276 cruciamur,
3111 3212 3197 3266 illa
3224 3211 3437 3265 scilicet
3475 3224 3601 3278 qua:
3621 3225 3719 3278 per

2143 3307 2464 3377 prophetam
2509 3306 2774 3361 describit
2815 3306 3079 3373 sapientia
3134 3304 3474 3376 (prophetam
3517 3300 3721 3355 etenim

2142 3412 2264 3451 eum
2291 3396 2433 3467 dion)
2465 3396 2509 3427 “
2543 3412 2555 3451 :
2592 3396 2724 3463 Quis
2759 3396 2906 3449 dabit
2946 3395 2998 3449 in
3021 3397 3251 3464 cogitatu
3275 3409 3389 3447 meo
3410 3393 3644 3462 ﬂagella,
3671 3401 3721 3445 et

2142 3490 2195 3543 in
2222 3490 2378 3543 corde
2398 3506 2510 3543 meo
2536 3490 2916 3557 correptionem
2953 3488 3248 3557 sapientite,
3282 3496 3337 3540 ut
3366 3484 3715 3554 ignorationi-

2142 3582 2237 3635 bus
2266 3582 2395 3635 meis
2424 3598 2541 3649 quia
2568 3581 2671 3650 feci
2712 3598 2816 3634 non
2855 3588 3127 3649 parcatur,
3153 3588 3202 3632 et
3228 3587 3445 3648 peccata
3477 3592 3590 3628 utea
3613 3592 3719 3629 non

2138 3673 2562 3742 prmtereantur?
2599 3670 2759 3729 Vides
2810 3672 3081 3740 quomodo
3137 3681 3257 3723 orat
3311 3667 3572 3737 ﬂagellari
3622 3682 3714 3720 cor

2139 3780 2292 3820 suum
2324 3781 2424 3835 pro
2460 3764 2700 3834 peccatis
2741 3764 2878 3831 suis,
2926 3773 2981 3818 et
3025 3762 3306 3818 verberari
3359 3759 3720 3830 cogitationes

2139 3855 2312 3909 suas?
2343 3854 2398 3908 Si
2420 3853 2637 3922 quando
2659 3867 2786 3920 ergo
2819 3855 2967 3907 vides
3001 3853 3344 3922 temetipsum
3372 3861 3491 3919 post
3523 3864 3717 3917 pecca—

2139 3957 2248 4000 tum
2276 3945 2437 4014 aﬂligi
2467 3955 2519 3997 et
2551 3946 2788 3999 cruciari
2821 3945 2876 3997 in
2915 3944 3100 4009 corde,
3130 3954 3186 3998 et
3213 3957 3243 3995 a
3297 3941 3532 4012 prepriis
3569 3941 3716 4010 cogi-

2138 4037 2444 4092 tationibus
2478 4038 2723 4090 accusari
2768 4050 2783 4088 :
2826 4036 2869 4089 si
2911 4036 3127 4105 quando
3179 4036 3354 4087 notari
3391 4045 3441 4086 te
3480 4033 3632 4085 vides
3686 4050 3714 4085 a

2133 4129 2465 4184 conscientia
2509 4137 2617 4193 tua,
2651 4137 2704 4181 et
2735 4125 2852 4195 ejus
2886 4125 3202 4178 verberibus
3233 4123 3511 4191 ﬂagellari,
3561 4140 3712 4192 spem

2134 4220 2228 4274 tibi
2254 4219 2648 4274 emendationis
2683 4234 2745 4271 ac
2770 4216 2959 4271 salutis
2987 4230 3274 4284 praesume.
3298 4213 3540 4269 Vicinior
3561 4230 3713 4267 nam-

453 4297 777 4366 probrorum
816 4300 921 4353 tela
950 4300 1250 4369 jaciunlur,
1299 4320 1397 4359 nos
1427 4304 1589 4375 hujus
1620 4309 1876 4363 versiculi
1914 4327 2028 4366 meo
2073 4342 2100 4366 ο
2131 4328 2238 4381 que
2281 4312 2375 4367 tibi
2425 4310 2808 4366 conversionis
2848 4317 2929 4362 cst
2964 4308 3077 4371 via,
3121 4322 3284 4377 quam
3329 4306 3434 4361 illis
3468 4307 3559 4374 qui
3613 4321 3715 4360 nec

455 4387 695 4453 minisse,
722 4389 813 4456 qui
848 4389 925 4442 ait
954 4407 967 4441 :
1009 4391 1257 4447 Obmutui
1289 4402 1338 4447 et
1382 4412 1485 4449 non
1517 4399 1701 4464 aperui
1733 4416 1788 4453 os
1815 4417 1983 4455 meum
2008 4446 2022 4470 ,

448 4480 573 4547 quia
606 4488 662 4531 tu
688 4496 740 4532 es
770 4483 862 4548 qui
900 4481 1091 4549 fecisti.
1135 4482 1249 4538 Hoc
1281 4500 1411 4539 sane
1445 4488 1832 4556 requirendum
1878 4494 2031 4548 vide-
2060 4474 2102 4529 ί)

452 4577 561 4631 tur,
587 4568 717 4636 quid
747 4579 828 4623 est
857 4572 999 4640 quod
1035 4572 1171 4628 dixit
1205 4591 1218 4626 :
1264 4572 1341 4627 Tu
1366 4592 1418 4628 es
1457 4577 1548 4644 qui
1572 4577 1763 4645 fecisti,
1810 4597 1909 4636 nec
1946 4593 1997 4636 ta

449 4673 570 4714 tuen
610 4661 853 4730 adjunxit
881 4664 1007 4731 quid
1047 4664 1255 4722 fecerit.
1282 4665 1386 4720 Sed
1416 4668 1548 4722 ordo
1573 4668 1689 4737 ipse
1720 4686 1818 4724 nos
1850 4676 2024 4742 docet,

447 4754 703 4819 quoniam
736 4755 949 4822 quidem
984 4754 1134 4810 velut
1156 4772 1381 4827 agonem
1418 4760 1702 4828 quemdam
1750 4761 1890 4817 inter
1924 4781 2025 4821 nos

524 4868 571 4897 ⁶⁰
597 4866 719 4923 Isai.
755 4886 900 4938 thv,
928 4873 1020 4926 ‘22.
1097 4873 1139 4905 ⁸⁸
1165 4873 1208 4928 II
1243 4875 1368 4931 Cor.
1406 4893 1485 4933 tv.
1559 4878 1604 4911 ⁶²
1632 4878 1796 4935 Hebr.
1828 4898 1927 4950 xu,
1964 4887 2018 4943 5.

486 4959 765 5041 '(IOLSed
794 4966 909 5041 novi
937 4981 1029 5041 ego
1053 4976 1099 5020 et
1118 4967 1227 5041 alia
1253 4970 1487 5038 ﬂagella,
1521 4980 1626 5028 etc.
1658 4973 1860 5029 Catena
1912 4977 2016 5032 Da-

445 5030 606 5113 nielis
634 5030 861 5113 Barbari
898 5051 912 5086 :
947 5030 1044 5113 Est
1074 5047 1121 5089 et
1146 5030 1300 5113 aliud
1330 5030 1666 5113 ﬂagellorum
1721 5062 1907 5113 genus,
1953 5030 2018 5103 de

446 5102 632 5182 quibus
656 5102 873 5182 quidam
918 5104 1051 5182 dicit
1082 5120 1103 5159 :
1139 5107 1270 5182 Quis
1302 5102 1459 5182 dabit
1492 5110 1545 5164 in
1604 5102 1846 5182 cogitatu
1892 5102 2019 5172 'meo

446 5169 675 5249 ﬂagella,
699 5180 753 5224 et
783 5172 841 5252 in
862 5172 1017 5252 labiis
1048 5169 1185 5229 meis
1214 5178 1447 5245 sigillum
1492 5169 1813 5248 astuto‘r'nm,
1849 5169 1912 5239 uti
1952 5169 2019 5245 ne

447 5244 498 5290 in
546 5244 1037 5318 igriorarutiisnmeis
1090 5244 1335 5318 parcant,
1365 5257 1418 5301 et
1470 5260 1690 5318 peccata
1741 5244 1856 5308 mea
1913 5244 2019 5312 non

447 5309 836 5390 perdantnme?
870 5310 1005 5390 Petit
1037 5309 1177 5367 enim
1230 5318 1285 5368 in
1323 5309 1562 5383 peccatis
1609 5323 1872 5390 ﬂagellari
1930 5309 2022 5379 cor

445 5393 622 5429 suum.
665 5377 883 5452 Beatum
912 5383 1050 5435 enim
1079 5394 1153 5436 est
1184 5395 1299 5451 post
1334 5377 1562 5452 'percata
1609 5377 1645 5444 ξι
1686 5377 2020 5449 'conscientia

446 5462 553 5530 sua
573 5450 788 5530 corripi.
822 5448 970 5530 Petit_
995 5448 1317 5530 veropl'ugas
1347 5448 1604 5523 amoveri,
1639 5470 1750 5513 tum
1772 5478 1888 5530 quae
1930 5448 2023 5530 per

449 5523 766 5571 tentationes
807 5523 1034 5575 exterius
1060 5524 1398 5589 adhibentur,
1440 5535 1548 5579 tum
1581 5532 1740 5581 etiam
1782 5523 2020 5585 'interio-

447 5600 525 5636 res
550 5600 713 5667 {nam
739 5605 900 5667 supra
932 5594 1143 5667 modum
1179 5594 1335 5667 afﬂigi
1358 5597 1603 5667 interitus
1637 5600 1854 5667 quidam
1898 5613 1973 5656 est
2000 5622 2018 5658 .'

443 5655 804 5737 quodtimens
839 5655 1449 5737 Αρρειοζασ-ιιξᾷἰξΝο
1492 5655 1660 5721 ἴοι-ιε’
1685 5672 1776 5737 qui
1834 5655 2019 5737 huius;

448 5726 590 5775 modi
626 5735 729 5791 est,
757 5728 1141 5785 abundantiori
1172 5734 1390 5787 tristitia
1424 5726 1781 5792 absorbeatur
1806 5756 1832 5793 a
1856 5726 2015 5795 Sata-

448 5807 534 5844 na.
570 5795 769 5850 Catena
803 5798 1047 5855 Cordetii
1088 5820 1100 5856 :
1135 5803 1287 5855 Ἔστι
1324 5805 1415 5857 καὶ
1470 5805 1593 5859 ἄλλο
1634 5804 1772 5873 εἶδος
1828 5812 2017 5881 μαστί-

2130 4418 2395 4473 peccasse
2444 4418 2501 4457 se
2549 4402 2768 4472 quidem
2820 4401 3086 4461 sentiunt,
3124 4414 3222 4453 nec
3271 4398 3325 4451 in
3358 4396 3570 4450 delictis
3600 4396 3713 4449 suis

2136 4494 2550 4556 contristantur,
2574 4508 2672 4546 nec
2694 4491 2902 4561 ﬂagella
2935 4488 3283 4545 conscientiae
3308 4488 3608 4556 patiuntur.
3629 4483 3707 4538 Tu

2132 4585 2301 4656 699
2327 4600 2456 4653 ergo
2484 4584 2528 4640 si
2560 4584 2762 4638 videris
2804 4593 2854 4637 te
2882 4581 3139 4653 ﬂagellari
3184 4590 3237 4635 et
3271 4578 3511 4633 cruciari
3546 4578 3598 4631 in
3625 4592 3713 4631 co-

2133 4679 2488 4749 gitationihus
2521 4679 2650 4738 tuis,
2685 4685 2738 4731 et
2785 4690 2935 4744 spem
2974 4673 3165 4729 salutis
3210 4672 3275 4726 de
3326 4670 3574 4741 proximo
3623 4680 3710 4722 at-

2137 4770 2382 4835 tendens,
2412 4769 2583 4836 dicito
2618 4768 2684 4822 de
2716 4768 2798 4821 his
2838 4766 2929 4836 qui
2978 4774 3338 4836 peccaverunt
3364 4761 3581 4833 quidem
3636 4762 3711 4816 si-

2095 4890 2139 4921 “
2162 4888 2330 4943 Eccli.
2355 4901 2505 4949 χχιιι,
2534 4884 2585 4938 ἓ.

2121 4999 2253 5053 γων,
2298 4984 2427 5053 περὶ
2460 4976 2536 5053 ὧν
2578 4996 2741 5051 φησι·
2784 4978 2878 5053 lc;
2910 4975 3088 5053 ᾷὼσρι
3116 4971 3215 5053 ἐπὶ
3246 4969 3351 5053 to}?
3382 4966 3708 5053 6ta’r0‘ﬁyc’sa

2122 5038 2251 5117 έός’
2269 5038 2388 5121 μοι)
2424 5038 2756 5121 ιιάστὶγῖαω
2795 5038 3086 5121 Αἰλεεζμοῦᾑν
3125 5038 3560 5121 ἀπςδστῆὒαιρή
3610 5038 3716 5121 ait:

2121 5104 2216 5175 ἐκ)ῖῖ
2269 5104 2549 5189 passiva;
2577 5157 2591 5179 ,
2807 5134 2876 5189 se
2920 5113 3131 5189 Aegaea
3206 5104 3567 5189 euinctpévac'
3618 5104 3713 5157 διὰ

2124 5175 2476 5252 πειρᾶσμῶνξ
2519 5175 2612 5240 irai.
2664 5175 2763 5249 τάξ
2803 5175 3041 5252 ἐσωθεῖθη
3069 5180 3285 5252 Τᾲ-γᾲρ
3323 5175 3462 5252 saep
3494 5175 3707 5252 ,μέτρον

2127 5241 2407 5313 hebetabat
2464 5241 2760 5324 διαφθορὰξ
2817 5252 2958 5305 κατὰ
2996 5241 3463 5324 revidebo-robii,
3487 5241 3714 5324 illiich

2127 5331 2201 5397 τῇ
2232 5314 2633 5396 περισσοτέρῃ
2663 5314 2830 5397 λύττῃ
2853 5316 3181 5397 κᾳταλξᾳθῇ.
3210 5314 3393 5397 Putet
3446 5315 3552 5397 alia
3596 5327 3709 5397 spe:-

2129 5384 2232 5453 cies
2268 5384 2649 5466 plagarrumﬁe
2672 5384 2859 5463 quibus
2881 5393 2954 5444 ait
2984 5405 3003 5443 :
3034 5384 3165 5465 Quis
3192 5384 3339 5466 dabit
3363 5384 3532 5466 menti
3570 5394 3707 5466 mum

2130 5454 2316 5539 plagas
2343 5454 2382 5519 ἰδ’
2406 5454 2564 5517 Ρειὲί
2588 5454 2709 5533 ergo
2740 5479 2784 5539 a_
2809 5476 2863 5514 se
2909 5456 3137 5539 nium-eti
3159 5536 3167 5539 Δ
3192 5454 3375 5523 plagas

2128 5529 2450 5592 extrinsecus
2479 5550 2569 5599 per
2600 5529 2911 5586 mutationes
2938 5529 3261 5600 inferantur:
3288 5539 3453 5600 quam
3488 5530 3704 5600 interio-

2127 5625 2227 5662 res.
2261 5605 2402 5659 Nam
2427 5593 2586 5669 supra
2632 5604 2847 5655 modum
2887 5593 3106 5672 tristitia
3164 5593 3297 5663 (ιῇἰεὶ
3336 5593 3705 5672 perniciosum

2127 5690 2200 5731 cst
2239 5665 2525 5732 secundum
2554 5675 2859 5741 Apostolum
2888 5682 2905 5721 :
2952 5666 3028 5722 Nc
3052 5665 3433 5720 abundantiori
3479 5665 3704 5714 tristitia

2128 5748 2507 5802 absorbeatur.
