4110 6452
458 402 590 456 ιιῡῡ

1378 395 1685 452 SELECTA
1718 395 1783 451 IN
1822 394 2155 452 PSALMOS.
2192 430 2259 439 —
2294 397 2491 452 PSAL.
2530 399 2767 452 XXXIX.

3566 406 3702 462 HIC

452 523 679 574 deautur
708 527 761 573 et
813 514 1133 586 composita,
1161 512 1287 567 licet
1322 515 1593 583 exquisita
1628 517 1859 586 quadam
1904 527 2020 569 orte
2056 522 2092 576 Α
2131 515 2269 581 apud
2295 525 2363 579 te,
2405 517 2577 570 incola
2613 528 2791 570 tamen
2823 530 2941 568 sum
2987 526 3040 570 ct
3070 518 3387 587 peregrinus
3422 518 3559 588 apud
3604 530 3653 572 te
3690 536 3704 575 :

450 613 676 680 digesta.
722 610 926 676 Quanta
973 614 1259 661 texuerunt
1293 606 1366 659 illi
1405 607 1599 661 divites
1630 608 1722 676 qui
1762 618 1886 662 ante
1925 623 2023 662 nos

453 702 685 766 luerunt,
712 701 801 767 qui
837 700 1052 753 divitias
1084 700 1249 753 variis
1285 699 1492 754 artibus
1529 708 1582 752 et
1621 700 1829 754 callidis
1872 700 2022 753 adin-

452 792 791 847 ventiouibus
817 794 1239 862 cougregabant,
1262 794 1353 863 qui
1392 794 1761 862 magistratus,
1800 795 1890 862 qui
1925 794 2025 848 ho-

452 896 631 948 nores,
667 883 755 950 qui
783 882 1097 936 consulatus
1118 883 1334 938 diversa
1357 884 1657 938 ambitione
1684 887 2021 952 quaerebant,

455 972 540 1025 isti
563 987 751 1027 omnes
786 972 919 1027 telas
946 988 1158 1028 araneae
1184 982 1497 1027 texuerunt.
1539 973 1669 1027 Tam
1693 974 1835 1027 enim
1866 990 2022 1039 vana,

454 1073 559 1117 tam
589 1063 773 1117 frivola
804 1080 963 1134 quam
993 1074 1078 1119 est
1122 1080 1334 1119 araneas
1381 1064 1638 1129 textrina,
1666 1064 1883 1118 fuerunt
1908 1079 2025 1118 om-

454 1153 539 1205 nia
561 1168 680 1222 quie
711 1154 992 1223 gerebant,
1026 1163 1080 1208 et
1105 1162 1386 1222 propterea
1419 1152 1702 1208 tabefacta:
1728 1162 1855 1207 sunt
1882 1155 2021 1208 sicut

454 1256 661 1296 araneae
704 1244 899 1298 anitum
951 1258 1160 1299 eorum.
1204 1244 1571 1298 Verumtamen
1612 1246 1816 1297 vanitas
1856 1245 2025 1298 omnis

454 1333 625 1387 homo.
658 1332 775 1387 Jam
802 1334 908 1388 hoc
938 1335 992 1388 in
1022 1337 1395 1404 superioribus
1423 1335 1857 1402 explanavimus.

524 1422 610 1476 10.
647 1421 857 1476 Exaudi
897 1426 1188 1478 orationem
1218 1440 1410 1487 meam,
1441 1424 1600 1489 Deus,
1624 1435 1669 1477 et
1694 1426 2025 1492 ldeprecatio-

454 1530 568 1568 nem
600 1530 790 1579 meam,
829 1516 1044 1568 auribus
1079 1517 1282 1584 percipe
1321 1516 1582 1584 lacrymas
1624 1532 1781 1569 meas.
1807 1515 2023 1584 Oportet

456 1604 649 1658 iterum
679 1615 734 1658 et
763 1621 885 1659 eum
913 1606 1382 1676 lacrymisoﬂ'erre
1408 1607 1708 1661 orationem
1731 1606 1857 1670 Deo,
1885 1616 1934 1661 et
1961 1623 2024 1661 ex

457 1696 658 1750 intimis
680 1697 1101 1765 penetrabilibus
1121 1698 1173 1750 in
1202 1711 1415 1766 precem
1441 1697 1646 1750 Domini
1673 1699 2022 1759 commoveri,

455 1793 515 1837 ιιι
547 1801 701 1839 mens
740 1788 968 1840 credens
1001 1788 1068 1842 de
1091 1788 1299 1855 judicio
1335 1785 1538 1851 laturo,
1588 1786 2021 1841 recordationem

2126 608 2250 675 quia
2287 618 2341 662 et
2381 623 2567 662 omnes
2592 618 2772 676 patres
2805 608 2905 660 mei
2961 608 3151 662 incolae
3198 608 3415 663 fuerunt
3462 619 3516 664 et
3550 626 3705 680 pere~

2126 699 2263 766 griui
2302 702 2440 767 apud
2476 710 2526 755 te
2554 718 2566 753 :
2599 710 2655 754 et
2697 701 2972 755 Abraham
2999 715 3320 769 peregrinus
3346 711 3430 756 est
3458 704 3598 770 apud
3629 713 3699 762 te,

2126 791 2251 858 quia
2287 805 2394 843 non
2426 801 2546 843 erat
2590 805 2823 859 semper,
2859 792 2952 845 sed
2987 801 3115 845 tunc
3142 806 3260 845 esse
3289 794 3453 861 cmpit
3487 794 3701 861 quandc

2129 891 2182 936 tu
2223 882 2461 946 voluisti,
2496 892 2547 936 et
2576 882 2725 936 Isaac
2753 892 2804 936 et
2832 882 2999 936 Jacob
3039 897 3092 937 et
3118 898 3305 936 omnes
3330 882 3483 949 justi.

2197 972 2282 1024 12.
2314 971 2532 1024 Remitte
2556 972 2683 1024 mihi
2713 982 2766 1024 ut
2788 972 3068 1040 refrigercr
3092 973 3393 1041 priusquam
3415 974 3621 1037 abeam,
3650 983 3700 1030 et

2125 1062 2349 1129 amplius
2385 1078 2485 1114 non
2518 1079 2628 1126 ero,
2664 1063 2916 1131 quoniam
2957 1063 3130 1117 incola
3159 1078 3311 1118 sum:
3345 1065 3517 1119 denec
3559 1067 3699 1133 apud

2127 1161 2177 1206 te
2208 1168 2348 1215 sum,
2380 1153 2565 1207 tandiu
2597 1168 2746 1217 smn;
2780 1154 2823 1208 si
2858 1162 3037 1207 autem
3064 1167 3092 1205 a
3142 1161 3193 1206 te
3236 1154 3443 1215 cxiero,
3492 1153 3700 1221 perdidi

2123 1243 2286 1297 etiam
2326 1244 2427 1297 hoc
2468 1244 2644 1312 ipsum
2700 1244 2841 1312 quod
2876 1259 3017 1308 sum,
3050 1254 3105 1297 et
3152 1258 3252 1298 ero
3302 1254 3555 1314 tauquam
3608 1246 3700 1312 qui

2126 1350 2230 1389 non
2258 1351 2398 1389 sum.
2422 1336 2663 1403 Denique
2688 1345 2971 1405 propterea
2999 1338 3064 1389 de
3083 1338 3458 1406 peccatoribus
3485 1336 3696 1391 dicit":

2128 1425 2192 1478 Et
2223 1437 2371 1479 erunt
2408 1434 2658 1496 tanquam
2708 1430 2799 1495 qui
2852 1445 2952 1481 non
3005 1438 3142 1483 sunt.
3183 1428 3247 1481 Et
3291 1430 3416 1484 alibi
3451 1429 3498 1460 "
3537 1448 3549 1482 :
3593 1429 3703 1493 Qui

2124 1520 2321 1570 vocarit
2343 1534 2401 1571 ea
2428 1534 2545 1582 qua:
2592 1534 2694 1571 non
2736 1530 2878 1576 sunt.
2922 1518 3148 1572 Remitte
3176 1521 3303 1573 mihi
3336 1531 3389 1573 ut
3426 1521 3704 1590 refrigerer

2125 1610 2429 1678 priusquam
2465 1610 2668 1671 abeam,
2718 1620 2763 1662 et
2813 1610 3039 1678 amplius
3087 1628 3188 1664 non
3244 1627 3353 1665 ero.
3408 1613 3702 1665 Sciendum

2128 1710 2306 1754 tamen
2341 1711 2424 1755 est
2454 1701 2596 1769 quod
2623 1701 2673 1754 in
2710 1700 2863 1755 nobis
2885 1710 2989 1765 est,
3025 1702 3139 1755 sive
3173 1710 3229 1754 ut.
3260 1704 3432 1756 simus
3489 1704 3604 1758 sive
3644 1711 3704 1757 ut

2128 1809 2232 1846 non
2270 1794 2458 1847 simus.
2486 1794 2665 1847 Donec
2696 1794 2857 1847 etiam
2883 1794 3225 1849 adh-seremus
3259 1795 3366 1850 Deo
3394 1804 3449 1850 et
3473 1797 3705 1850 inhaere-

453 1877 770 1930 delictorum
804 1892 1022 1932 suorum
1066 1893 1169 1931 non
1204 1878 1407 1945 absque
1454 1878 1707 1946 lacrymis
1735 1886 1789 1928 et
1824 1876 2023 1930 lamen-
2058 1882 2100 1941 Β
2133 1900 2249 1938 mus
2276 1886 2322 1938 ei
2357 1885 2449 1953 qui
2498 1900 2625 1938 vere
2664 1895 2767 1948 est,
2798 1885 2961 1939 etiam
2992 1901 3092 1940 nos
3119 1902 3326 1941 sumus.
3374 1885 3469 1940 Sin
3516 1898 3698 1941 autem

456 1968 656 2020 talione
674 1977 975 2023 recenseat.
996 1968 1129 2035 Quis
1152 1969 1420 2023 resolutus
1443 1968 1493 2022 in
1514 1967 1779 2037 lacrymas
1798 1968 1932 2021 dicit
1956 1968 2022 2021 ad

453 2054 738 2107 Dominum
781 2054 827 2083 ⁷⁸
864 2071 877 2105 ;
914 2053 1137 2122 ΕῙῙιιηάο
1180 2054 1234 2105 in
1280 2064 1552 2122 conspectu
1597 2064 1685 2107 tuo
1732 2056 2021 2108 orationem

454 2148 663 2199 meam?
708 2146 930 2197 Auribus
964 2161 1084 2214 ergo
1127 2147 1331 2214 percipe
1375 2146 1635 2214 lacrymas
1674 2164 1849 2213 meas,
1881 2156 1927 2200 et
1960 2163 2022 2200 ne

452 2237 627 2302 sileas,
660 2238 853 2307 inquit,
886 2255 917 2289 a
950 2254 1049 2302 me,
1077 2238 1129 2291 id
1158 2246 1258 2300 est,
1287 2254 1373 2291 me
1399 2247 1588 2292 orante
1617 2253 1685 2292 ne
1714 2240 1890 2293 sileas.
1918 2240 2022 2294 Sed

454 2331 617 2397 quid?
644 2332 835 2383 Adhuc
870 2331 1122 2398 loquente
1149 2345 1233 2383 Ine
1258 2330 1360 2388 dic.
1401 2330 1539 2383 Ecce
1569 2330 1782 2383 adsum.

522 2415 609 2469 11.
651 2414 787 2479 Quia
825 2416 998 2471 incola
1035 2434 1135 2487 ego
1162 2435 1276 2473 sum
1319 2422 1462 2489 apud
1495 2431 1579 2487 te,
1624 2432 1672 2476 et
1718 2438 2022 2492 peregrinus

450 2503 581 2556 sicut
614 2521 790 2560 omnes
812 2518 985 2572 patres
1008 2513 1128 2565 mei.
1156 2510 1291 2575 Quia
1322 2513 1636 2580 peregrinus
1658 2528 1801 2577 sum,
1828 2527 2021 2566 neces-

449 2598 593 2649 sario
624 2598 784 2651 etiam
814 2608 868 2652 et
908 2600 1081 2653 incola
1118 2616 1260 2664 sum,
1291 2616 1396 2656 non
1435 2605 1579 2656 enim
1610 2618 1726 2656 sum
1770 2603 1913 2657 sicut
1947 2614 2022 2659 tu.

451 2685 529 2740 'l‘u
555 2690 698 2741 enim
725 2701 960 2744 mternus
986 2704 1045 2744 es
1073 2692 1239 2758 solus,
1260 2701 1313 2747 et
1341 2708 1439 2749 nos
1466 2705 1725 2763 quantum
1753 2694 2026 2751 invenitur

451 2776 719 2834 habemus
751 2780 984 2837 initium.
1020 2780 1132 2851 Ego
1162 2792 1339 2838 autem
1376 2786 1419 2839 si
1452 2786 1647 2855 dignus
1673 2788 1880 2842 eﬂiciar
1902 2804 2027 2844 esse

997 2984 1289 3039 ΨΑΛΜΟΣ
1328 2985 1453 3038 AO’.

530 3072 807 3142 Ἆνήγαγέ
829 3092 905 3143 με
932 3075 1001 3128 ἐκ
1048 3077 1280 3131 λάκκου
1306 3080 1733 3146 ταλαιπωρίας,
1783 3097 1835 3133 κ.
1871 3098 1921 3133 τ.
1968 3084 2015 3135 ὲ.

450 3164 663 3227 Λάκκος
694 3165 1066 3238 ταλαιπωρίας
1094 3168 1202 3237 (75)
1230 3168 1395 3220 κακία
1426 3170 1521 3221 καὶ
1549 3171 1806 3237 ἀγνωσία.
1843 3188 1861 3221 ι
1908 3173 2018 3225 Καὶ

459 3255 687 3327 ἔστησεν
712 3259 802 3310 ἐπὶ
828 3258 1033 3330 πέτραν
1070 3261 1196 3322 τοὺς
1239 3260 1407 3323 πόδας
1451 3277 1570 3329 μου.
1606 3281 1623 3313 ι
1675 3262 1856 3333 Πέτρα
1901 3263 2016 3314 ἐστὶ

451 3344 632 3409 πίστις
658 3346 943 3418 Χριστοῦ.‹
970 3349 1076 3401 Καὶ
1097 3347 1389 3401 κατεύθυνε
1420 3351 1487 3402 τὰ
1513 3350 1823 3421 διαϐήματά
1846 3369 1945 3421 μου
1964 3370 2009 3403 ἰ

447 3434 534 3487 διὰ
556 3436 655 3505 τῆς
687 3437 995 3508 πρακτικῆς
1026 3439 1120 3490 καὶ
1164 3438 1270 3495 τῶν
1297 3438 1563 3510 ἀληθινῶν
1609 3440 1908 3509 δογμάτων.

520 3525 628 3578 Kal
661 3526 949 3579 ἐνέϐαλεν
968 3529 1056 3592 είς
1100 3528 1167 3581 τὸ
1196 3530 1390 3598 στόμα
1422 3548 1537 3598 μου
1580 3524 1744 3598 ᾆσμα
1787 3531 2017 3595 καινὸν,

448 3631 501 3666 κ.
533 3631 582 3667 τ.
601 3615 647 3669 ὲ.
672 3616 827 3669 Μετὰ
841 3617 941 3687 τὴν
966 3617 1234 3671 ἀπάθειαν
1265 3619 1374 3690 (74)
1402 3620 1599 3692 ᾄδομεν
1630 3619 1779 3694 ᾆσμα
1813 3623 2017 3686 καινὸν,

446 3707 916 3773 ἀνακαινισθὲντος
947 3710 1037 3763 τοῦ
1069 3711 1217 3765 οίκου
1247 3712 1425 3782 ἡμῶν.

521 3799 750 3850 Θυσίαν
776 3798 873 3851 καὶ
907 3799 1257 3868 προσφορὰν
1282 3802 1392 3853 οὐκ
1425 3800 1731 3868 ἠθέλησας
1750 3842 1763 3864 ,
1790 3820 1842 3854 κ.
1873 3819 1923 3855 τ.
1971 3803 2017 3855 ὲ.

448 3884 681 3947 Τούτους
712 3888 836 3949 τοὺς
857 3887 1101 3956 στοίχους
1129 3887 1239 3957 (75)
1278 3889 1342 3938 ἐκ
1374 3887 1663 3956 προσώπου
1707 3887 1800 3941 τοῦ
1836 3888 2018 3955 Σωτῆ-

452 3989 541 4041 ρος
573 3974 821 4045 εἰρῆσθαι
855 3978 886 4046 ἡ
916 3978 1051 4047 πρὸς
1092 3976 1371 4046 Ἐϐραίους
1400 3978 1563 4047 φησὶν
1593 3974 1900 4047 Ἐπιστολὴ,
1928 3978 2020 4029 καὶ

447 4062 658 4117 δίδωσιν
692 4065 943 4137 ἀφορμὴν
976 4065 1093 4118 ὅλον
1116 4067 1207 4118 τὸν
1239 4064 1451 4135 ψαλμὸν
1500 4066 1575 4128 ὡς
1618 4067 1681 4119 ἐκ
1727 4066 2017 4137 προσώπου

447 4153 610 4207 αὑτοῦ
635 4157 793 4208 νοεῖν.

529 4246 937 4327 Ὀλοκαύτωμα
968 4244 1227 4311 καὶπερὶ
1272 4245 1562 4312 ἁμαρτίας
1604 4245 1716 4297 οὐκ
1761 4243 2013 4311 ᾔτησας,

448 4350 501 4385 κ.
538 4351 587 4387 τ.
626 4338 670 4388 ὲ.
706 4335 1158 4405 Ὁλοκαυτώματα
1210 4335 1442 4404 αἰσθητὰ
1490 4335 1551 4387 οὐ
1590 4333 1743 4405 ζητεῖ
1803 4335 1831 4386 ὁ
1885 4332 2017 4395 Θεός

447 4423 586 4495 (76)”
604 4446 621 4476 ι
642 4424 812 4479 Θυσία
834 4425 943 4495 γὰρ
982 4425 1059 4494 τῷ
1096 4419 1217 4493 Θεῷ
1247 4420 1463 4491 πνεῦμα
1487 4418 1967 4492 συντετριμμένον.
1986 4437 2003 4469 ι

530 4508 625 4563 Ἐν
668 4510 944 4577 κεφαλίδι
1002 4512 1245 4575 βιϐλίου
1293 4510 1611 4579 γέγραπται
1658 4511 1790 4577 περὶ
1842 4508 2010 4577 ἐμοῦ,

2127 1976 2551 2030 abscesserimus
2575 1978 2642 2030 ab
2666 1992 2729 2029 eo
2747 1986 2801 2029 et
2825 1993 2926 2031 non
2953 1977 3340 2032 adhaeserimus
3365 1977 3473 2033 Deo
3491 1988 3696 2041 nostro,

2130 2066 2258 2120 vitio
2308 2068 2359 2120 in
2406 2069 2737 2121 contrarimn
2798 2068 3115 2123 decidimus.
3152 2068 3267 2123 Non
3301 2085 3432 2138 ergo
3468 2085 3562 2139 per
3598 2071 3701 2124 hoc

2130 2158 2504 2211 substantialis
2563 2159 2758 2210 anima:
2794 2158 3112 2228 designatur
3148 2160 3420 2224 interitus,
3448 2162 3539 2215 sed
3592 2177 3698 2214 non

2127 2263 2247 2303 esse
2298 2250 2495 2302 dicitur
2534 2265 2657 2302 cum
2706 2250 2758 2303 in
2791 2266 2855 2305 eo
2889 2267 2992 2306 non
3041 2264 3323 2319 permanet
3350 2252 3442 2320 qui
3492 2268 3617 2307 vere
3646 2260 3702 2304 et

2128 2354 2340 2409 semper
2372 2350 2476 2401 est.
2504 2355 2567 2395 ex
2613 2356 2718 2410 quo
2745 2342 2857 2413 ipse
2888 2356 2993 2399 est.
3018 2342 3311 2412 Pmpterea
3344 2358 3472 2412 ergo
3497 2352 3553 2397 et
3583 2357 3702 2397 ser-

2130 2445 2216 2484 mo
2238 2446 2335 2485 nos
2360 2432 2704 2500 propheticus
2730 2433 3048 2486 adhortatur
3084 2433 3269 2486 dicens
3298 2433 3342 2463 "
3379 2446 3393 2483 :
3433 2432 3556 2485 Post
3593 2430 3700 2484 Do-

2128 2524 2323 2573 minum
2358 2521 2523 2576 Deum
2558 2534 2792 2577 nostrum
2834 2525 3047 2585 ibimus,
3084 2533 3131 2577 et
3162 2525 3261 2591 ipsi
3292 2524 3700 2577 adhwrebimus.

2130 2612 2233 2665 Sed
2274 2622 2327 2667 et
2354 2628 2452 2666 nos
2484 2615 2581 2683 ipsi
2613 2614 2860 2671 dicamus
2888 2633 2902 2672 :
2935 2616 3164 2670 Adhaesit
3200 2617 3376 2668 anima
3427 2630 3542 2666 mea
3587 2623 3701 2679 post

2131 2712 2198 2764 te,
2240 2703 2293 2755 in
2345 2702 2562 2757 Christo
2592 2704 2717 2757 Jesu
2765 2707 2990 2760 Domino
3032 2715 3249 2771 nostro,
3287 2704 3371 2758 cui
3400 2712 3484 2758 est
3527 2704 3703 2757 honor

2133 2799 2187 2844 et
2229 2792 2400 2861 gloria
2437 2793 2489 2846 in
2525 2794 2721 2848 saecula
2756 2796 3099 2850 sazculorum.
3132 2796 3320 2849 Amen.
3682 2792 3683 2795 “

2616 2989 2937 3046 PSALMUS
2975 2988 3216 3043 XXXIX.

2200 3078 2359 3134 Vsus.
2390 3080 2442 3134 5.
2490 3079 2688 3132 Eduxit
2731 3094 2811 3130 me
2839 3079 2907 3130 de
2940 3077 3058 3131 lacu
3095 3079 3342 3142 miseriae,
3379 3085 3485 3131 etc.
3524 3076 3700 3131 Lacus

2124 3167 2358 3221 miseriae
2390 3175 2474 3220 est
2500 3166 2707 3221 malitia
2734 3167 3138 3236 etignorantia.
3173 3183 3192 3216 ι
3228 3165 3293 3219 Ει
3315 3166 3509 3220 statuit
3538 3180 3699 3233 super

2122 3268 2329 3327 petram
2364 3257 2526 3327 pedes
2559 3272 2726 3311 meos.
2766 3277 2784 3310 ι
2845 3257 3001 3312 Petra
3035 3265 3119 3310 est
3150 3255 3283 3310 ﬁdes
3318 3254 3541 3310 Christi.
3578 3272 3599 3306 ι
3635 3255 3700 3310 Et

2121 3345 2321 3399 direxit
2358 3360 2579 3414 gressus
2624 3358 2794 3410 meos,
2830 3364 2850 3397 ι
2896 3345 3108 3399 actibus
3139 3352 3191 3398 et
3234 3343 3377 3399 veris
3410 3345 3695 3415 dogmatis.

2199 3523 2363 3576 Vsus.
2400 3522 2455 3574 4.
2476 3519 2541 3574 Et
2576 3520 2795 3575 immisit
2828 3521 2881 3573 in
2909 3536 2965 3573 os
2991 3536 3160 3574 meum
3193 3522 3451 3575 canticum
3488 3536 3696 3583 novum,

2122 3622 2226 3666 etc.
2277 3612 2573 3680 Postquam
2620 3611 2687 3664 ab
2718 3613 2867 3665 omni
2904 3610 3096 3665 aﬂ‘ectu
3131 3612 3287 3666 liberi
3332 3610 3458 3665 facti
3490 3625 3697 3676 sumus,

2123 3702 2371 3755 canimus
2399 3701 2669 3755 canticum
2710 3715 2938 3763 novum,
2980 3709 3237 3753 renovata
3286 3699 3447 3753 domo
3490 3707 3695 3752 nostra.

2195 3792 2353 3846 Vsus.
2394 3792 2447 3844 7.
2490 3790 2821 3858 Sacriﬁcium
2865 3799 2913 3843 et
2958 3790 3272 3843 oblationem
3304 3789 3546 3855 noluisti,
3589 3798 3694 3843 etc.

2123 3883 2295 3937 Hosce
2335 3880 2638 3935 versiculos
2676 3897 2740 3935 ex
2784 3895 3016 3949 persona
3048 3878 3351 3935 Salvatoris
3380 3879 3554 3933 dictos
3575 3893 3699 3935 esse

2125 3970 2291 4023 tradit
2332 3969 2571 4037 Epistola
2609 3970 2675 4022 ad
2723 3969 3000 4033 Hebraeos,
3030 3977 3085 4021 et
3119 3966 3322 4035 praebet
3355 3968 3695 4022 occasionem

2120 4069 2289 4113 totum
2338 4060 2480 4112 hunc
2523 4060 2789 4128 psalmum
2829 4074 2894 4113 ex
2938 4059 3181 4129 ejusdem
3229 4071 3458 4127 persona
3498 4057 3697 4112 intelli-

2117 4150 2297 4221 gelidi.

2190 4239 2572 4295 Ilolocaustum
2605 4249 2655 4294 et
2701 4255 2796 4308 pro
2850 4249 3060 4308 peccato
3092 4255 3198 4292 non
3250 4237 3552 4307 postulasti,
3581 4249 3691 4292 etc.

2118 4329 2445 4385 llolocausta
2490 4330 2769 4385 sensibilis
2799 4345 2904 4385 non
2945 4330 3182 4399 postulat
3225 4330 3408 4393 Deus;
3448 4346 3467 4379 ι
3514 4329 3692 4385 Sacri-

2116 4421 2296 4475 ﬁcium
2333 4422 2477 4476 enim
2508 4423 2615 4476 Deo
2645 4421 2871 4490 spiritus
2901 4419 3315 4475 contribulatus.
3349 4438 3368 4471 ι

2184 4513 2346 4567 Vnus.
2380 4511 2434 4565 8.
2466 4510 2546 4575 ,1η
2577 4512 2750 4580 capite
2779 4511 2900 4563 libri
2947 4512 3205 4578 scriptum
3228 4518 3306 4563 est
3343 4510 3409 4563 de
3436 4524 3540 4573 me,
3575 4520 3687 4564 etc.

446 4616 500 4651 κ.
530 4617 580 4652 τ.
619 4601 668 4655 ἐ.
713 4601 988 4670 Κεφαλίδα
1024 4602 1227 4672 βιϐλίου
1257 4603 1367 4673 (77)
1416 4604 1595 4655 πᾶσαν
1632 4600 1730 4672 τὴν
1784 4602 2011 4672 νομικὴν

2125 4604 2290 4675 Caput
2318 4605 2442 4659 libri
2470 4613 2630 4659 vocat
2653 4618 2869 4658 omnem
2909 4603 3249 4673 Scripturam
3282 4601 3529 4671 legalem.
3556 4601 3687 4656 0m-

444 4690 588 4759 λέγει
622 4693 873 4764 Γραφήν·
910 4696 1081 4748 πᾶσαι
1103 4694 1212 4765 γὰρ
1250 4696 1328 4758 εἰς
1361 4694 1419 4747 ἒν
1454 4693 1867 4763 κεφαλαιοῦνται
1914 4693 2011 4763 τὴν

443 4787 747 4858 πρόρρησιν
778 4789 877 4858 τὴν
900 4791 1025 4860 περὶ
1062 4787 1317 4860 Χριστοῦ.

518 4876 627 4929 Τοῦ
670 4876 913 4944 ποιῆσαι
961 4880 1026 4931 τὸ
1076 4877 1303 4947 θέλημά
1352 4892 1488 4942 σου,
1529 4895 1583 4930 κ.
1616 4894 1665 4929 τ.
1704 4878 1750 4931 ὲ.
1788 4876 2012 4947 Θέλημα

442 4965 586 5034 λέγει
626 4968 737 5038 (78)
762 4969 856 5022 τοῦ
906 4970 1117 5040 Πατρὸς
1144 4971 1265 5024 καθ’
1294 4971 1322 5022 ὃ
1350 4962 1451 5040 ᾖρε
1490 4970 1590 5039 τὴν
1613 4968 1888 5038 ἁμαρτίαν
1917 4968 2009 5020 τοῦ

443 5059 667 5130 κόσμου.
707 5078 725 5111 ι
759 5061 833 5112 Οὐ
868 5061 975 5131 γὰρ
1001 5058 1181 5132 ἦλθον,
1234 5063 1386 5131 φησὶ,
1436 5060 1659 5130 ποιῆσαι
1705 5060 1766 5112 τὸ
1794 5058 2009 5129 θέλημα

2116 4712 2214 4752 nes
2239 4698 2381 4753 enim
2423 4697 2722 4767 Scriptura!
2772 4696 2929 4766 quasi
2981 4695 3033 4749 in
3087 4693 3468 4762 compendium
3516 4696 3688 4765 quod-

2115 4788 2239 4841 dam
2273 4789 2524 4856 rcdigunt
2553 4786 2959 4857 praedictionem
2984 4786 3047 4839 de
3074 4783 3314 4838 Christo.

2188 4878 2344 4947 70],
2392 4878 2551 4931 Vens.
2583 4877 2638 4931 9.
2674 4876 2741 4929 Ut
2775 4875 3000 4944 facerem
3026 4871 3342 4927 voluntatem
3372 4882 3536 4936 tuam,
3575 4881 3681 4927 etc.

2117 4966 2463 5022 Voluntatem
2500 4966 2676 5020 Patris
2721 4964 3000 5031 intelligit,
3036 4966 3328 5019 secundum
3369 4977 3528 5032 quam
3564 4964 3683 5016 tulit

2114 5068 2395 5128 peccatum
2429 5058 2636 5111 mundi.
2671 5074 2690 5107 ι
2724 5054 2839 5110 Νοη
2872 5058 3015 5108 enim
3038 5054 3185 5121 veni,
3210 5054 3386 5122 inquit
3414 5052 3480 5118 ⁷⁸,
3503 5050 3684 5106 facere

509 5173 558 5205 '”
591 5174 734 5228 Psal.
768 5190 909 5239 csu,
934 5176 986 5229 5.
1064 5178 1108 5207 ⁷⁸
1148 5177 1285 5230 Abd.
1322 5177 1407 5230 i6.
1484 5178 1531 5209 ’³
1564 5177 1717 5232 Iiom.
1752 5192 1827 5241 Iv,
1858 5176 1944 5229 l7.

2125 5175 2227 5232 ‘sal.
2267 5177 2475 5243 un,9.
2551 5175 2597 5207 ⁷⁸
2626 5173 2776 5228 Joan.
2818 5188 2870 5241 ν,
2896 5173 2985 5229 50.

441 5281 645 5351 ἐτρύφα
675 5284 883 5353 χρόνον,
909 5284 986 5356 είς
1017 5285 1289 5356 ἁμαρτίας
1312 5285 1614 5350 ὲξώλισθεν.
1662 5286 2000 5339 Assimilatur

437 5368 646 5405 aranei:
668 5363 877 5419 propter
918 5354 1254 5422 fragilitatem
1280 5358 1532 5424 quidquid
1565 5367 1803 5423 peccator
1850 5357 1998 5415 tea'it,

436 5424 766 5492 quantumvis
791 5434 961 5485 tenue,
991 5426 1317 5492 quantumvis
1349 5427 1547 5477 varium
1567 5427 1805 5489 exsistat,
1850 5424 1999 5491 iuxta

435 5491 571 5542 illud
604 5490 763 5562 Isaia:
790 5506 805 5543 :
838 5490 1234 5562 Telas‘araneaa
1264 5504 1475 5546 texunt.
1511 5494 1797 5562 lucrepans
1839 5490 2003 5562 igitur

434 5575 549 5631 eum
586 5561 673 5627 qui
700 5561 936 5631 docebat,
975 5564 1045 5614 ait
1076 5580 1092 5615 :
1129 5561 1326 5631 Plaga:
1352 5574 1398 5614 et
1441 5561 1826 5615 manumiuam
1859 5561 1995 5615 intu-

436 5630 564 5690 listi,
596 5639 645 5682 et
673 5630 931 5683 tabescere
978 5633 1146 5697 fecisti
1186 5633 1415 5684 animam
1475 5631 1609 5700 ejus,
1660 5648 1813 5700 quant
1868 5641 2002 5684 atte-

436 5702 611 5771 nuasti
642 5701 701 5751 ob
726 5702 1001 5752 utilitatem
1031 5701 1142 5769 ejus
1178 5703 1464 5767 propriam.
1498 5698 1641 5754 Nam
1666 5698 1875 5771 quando
1909 5702 1998 5755 de-

435 5767 569 5821 liciis
609 5772 902 5837 [ruebatur,
934 5772 986 5824 in
1016 5767 1282 5835 peccatum
1308 5772 1642 5840 impiugebat.

2201 5286 2289 5352 7'5)
2309 5285 2544 5352 Λάκκος
2561 5285 3088 5352 ταλαιπωρίας-,θιὼ
3103 5283 3279 5337 Codex
3297 5278 3677 5336 Coislinianus.

2201 5354 2287 5423 74)
2319 5358 2480 5409 Μετὰ
2508 5356 2621 5423 τὴν
2641 5354 2963 5419 ἀπάθειαν,
2997 5364 3099 5406 etc.
3125 5355 3287 5423 Idem.

2176 5417 2287 5499 (25)
2315 5417 2576 5499 τούτους(
2594 5426 2734 5499 τοὺς
2755 5417 3059 5499 στοίχοος,
3074 5422 3396 5499 etc._Catetia_
3412 5417 3675 5499 Corilerii.

2177 5488 2288 5567 ('76)
2328 5488 2811 5567 Ὀλοξταὺτώματα
2845 5488 3101 5558 αἰσθητὰ
3134 5492 3205 5543 οὐ
3240 5488 3396 5555 (licet
3423 5490 3455 5540 ὁ
3511 5489 3676 5552 Θεὸς.

2110 5565 2216 5621 ctu.
2242 5567 2421 5621 Codex
2449 5565 2830 5620 Cuisliuianus.

2178 5637 2289 5705 (77)
2317 5632 2626 5705 ,κεφαλίδα
2643 5632 2909 5705 βιϐλίου,
2941 5636 3063 5705 _etc_.
3093 5627 3296 5683 Catena
3328 5625 3600 5683 Corderii.

2178 5637 2264 5705 (77
2317 5637 2626 5703 Κεφαλιδα
2643 5637 2909 5696 βιϐλίου,
2955 5637 3063 5682 etc.
3093 5637 3161 5681 Ca

2175 5637 2289 5775 (rei
2316 5704 2553 5771 Θέλημα
2587 5702 2769 5771 λέγει,
2804 5709 2910 5757 etc.
2940 5699 3161 5755 Eadem.
