4110 6392
450 342 578 395 iiii

1850 343 1938 397 Εἳ
1980 344 2279 399 ORIGENE

3562 358 3700 410 illi!

446 455 773 508 voluntatem
823 467 1018 516 meam,
1058 451 1154 513 sed
1198 454 1528 511 voluntatem
1576 457 1695 526 ejus
1735 457 1825 526 qui
1870 459 2001 512 misit

2115 461 2176 513 τὸ
2218 461 2368 530 ἐμὸν,
2411 460 2547 516 ἀλλὰ
2582 464 2641 515 τὸ
2674 464 2883 534 θέλημα
2928 467 3021 520 τοῦ
3067 470 3377 540 πέμψαντός
3409 490 3497 542 με.
3541 493 3560 524 ι
3596 476 3705 527 Καὶ

445 559 549 597 me.
590 562 611 596 ι
649 543 713 597 Et
743 558 865 598 cum
897 545 1103 611 positus
1135 544 1206 597 sit
1233 559 1331 613 pro
1357 555 1583 611 peccato
1615 548 2017 613 universorum,

445 632 602 701 quasi
648 633 760 702 jam
802 630 946 685 facta
979 631 1318 698 remissione,
1360 647 1465 686 uon
1498 648 1632 701 opus
1647 633 1759 703 jam
1792 644 1876 688 est
1907 649 2022 688 atu-

442 718 581 786 plius
618 718 793 772 hostia
826 734 921 787 pro
955 730 1199 786 peccato.

514 806 685 860 Vens.
713 806 807 859 ω.
831 808 1161 861 Arnuuini
1175 807 1444 874 iustitiam
1470 811 1521 861 in
1542 807 1782 864 Ecclesia
1805 828 2017 881 magna,

455 907 560 954 etc.
601 899 792 968 Magna
849 898 1093 954 Ecclesia
1142 911 1225 954 est
1258 916 1378 970 qua:
1418 903 1631 971 magnis
1675 912 1727 957 et
1765 905 2020 971 perlectis

446 992 581 1044 viris
602 1001 835 1056 constat,
871 993 923 1046 in
955 1008 1061 1061 qua
1086 994 1426 1048 anuuntiavit
1448 993 1713 1062 justitiam
1741 1010 1837 1062 per
1861 996 2017 1049 ﬁdem

439 1079 589 1135 Jesu.
620 1083 1083 1151 Cognovitautem
1123 1083 1263 1136 hanc
1307 1085 1480 1152 ipsius
1515 1100 1658 1147 esse,
1699 1097 1884 1155 utpote
1919 1087 2012 1154 qui

450 1172 698 1240 probarit
785 1186 930 1236 eam,
959 1181 1012 1224 et
1043 1170 1366 1226 familiarem
1408 1172 1514 1227 sibi
1564 1174 1792 1239 fecerit,
1855 1182 2017 1242 atque

448 1261 817 1315 indesinenter
853 1261 995 1316 illam
1031 1264 1425 1317 aununtiarim.
1460 1263 1602 1316 Dixit
1629 1277 1844 1317 autem:
1870 1283 1885 1315 ι
1912 1263 2017 1318 La-

444 1352 529 1404 bia
559 1367 677 1405 mea
704 1368 807 1405 non
833 1354 1151 1420 prohibebo.
1175 1372 1193 1405 ι
1222 1353 1405 1422 Neque
1426 1352 1567 1405 enim
1593 1352 1677 1404 illa
1707 1353 2009 1421 prohibuit:

438 1445 532 1499 sed
571 1460 785 1497 rursum
818 1445 1060 1513 loquitur
1100 1461 1197 1512 per
1221 1445 1581 1514 evaugelistas
1608 1454 1661 1499 et
1684 1460 1777 1499 eos
1802 1446 1889 1513 qui
1917 1461 2013 1514 pro

440 1546 681 1603 tempore
724 1544 851 1588 sunt
885 1536 1160 1600 doctores,
1199 1551 1336 1604 quos
1363 1535 1525 1587 etiam
1571 1534 1767 1604 aliquis
1803 1536 2011 1590 Christi

437 1626 577 1681 labia
603 1643 800 1681 vocare
829 1628 1022 1697 possit.
1048 1626 1217 1681 Porro
1247 1625 1539 1693 dejustitia
1571 1626 1711 1692 ejus,
1754 1635 2010 1698 tanquam

436 1734 555 1786 quae
608 1720 954 1786 praestantior
990 1720 1063 1772 sit
1118 1717 1319 1787 legali,
1376 1717 1691 1772 aﬂirmando
1738 1721 1875 1773 dixit
1907 1722 1952 1752 ⁷⁹
1992 1736 2006 1773 :

2128 552 2301 614 τεθεὶς
2330 553 2468 622 ὑπὲρ
2493 554 2591 623 τῆς
2621 557 2875 610 ἁπάντων
2905 558 3194 629 ἁμαρτίας,
3228 562 3303 624 ὡς
3334 561 3420 626 ἂν,
3458 565 3704 632 ἀφέσεως

2126 645 2443 714 γενομένης,
2477 646 2674 717 μηκέτι
2709 648 2866 718 χρεία
2995 650 3094 720 τῆς
3150 653 3279 724 περὶ
3310 656 3584 726 ἁμαρτίας
3613 656 3705 710 θυ-

2130 752 2273 798 σιας.

2195 828 2696 898 Εὑηγγελισάμην
2723 830 3118 902 δικαιοσύνην
3141 836 3217 889 ἐν
3254 838 3585 909 Ἐκκλησιᾳ
3597 858 3703 909 με·

2127 916 2305 986 γὰλῃ,
2337 937 2386 972 κ.
2414 939 2465 975 τ.
2500 923 2545 974 έ.
2578 922 2805 992 Μεγάλη
2836 924 3126 997 Ἐκκλησία
3156 928 3264 998 (79)
3294 931 3325 997 ὴ
3359 932 3423 983 ὲκ
3452 932 3705 1000 μεγάλων

2128 1011 2219 1062 καὶ
2250 1010 2469 1065 τελείων
2512 1014 2995 1087 συμπληρουμένη,
3038 1020 3096 1070 ὲν
3197 1020 3578 1090 εὐηγγελίζετο
3624 1023 3701 1076 δι-

2126 1099 2416 1170 καιοσύνην
2444 1100 2542 1171 τὴν
2573 1101 2661 1154 διὰ
2693 1104 2926 1168 πίστεως
2976 1107 3169 1177 Ἰησοῦ.
3205 1110 3382 1175 Ἔγνω
3407 1112 3463 1163 δὲ
3497 1112 3701 1183 ταύτην

2125 1188 2309 1253 αὑτοῦ,
2345 1190 2421 1253 ὡς
2452 1192 2851 1264 ἀποδεξάμενος
2898 1197 2990 1250 καὶ
3032 1198 3397 1268 οἰκειούμενος
3440 1202 3516 1265 ὡς
3552 1204 3700 1256 ἀδια-

2127 1279 2335 1341 στάτως
2364 1280 2422 1333 δὲ
2455 1282 2832 1350 ἀπαγγέλλων.
2870 1287 3013 1356 Ἔφη
3044 1287 3119 1340 δέ’
3157 1307 3175 1338 ε
3213 1290 3295 1342 Τὰ
3330 1292 3478 1363 χείλη
3511 1311 3612 1363 μου
3638 1295 3699 1347 οὐ

2127 1368 2199 1439 μὴ
2224 1370 2470 1423 κωλύσω.
2508 1389 2525 1422 ι
2566 1372 2699 1425 Οὐδὲ
2729 1374 2837 1445 γὰρ
2857 1375 3152 1431 κεκώλυκε·
3180 1378 3331 1433 λαλεῖ
3361 1381 3417 1434 δὲ
3444 1382 3604 1455 δεῦρο
3633 1385 3696 1437 δι’

2122 1460 2521 1527 εύαγγελιστῶν
2546 1463 2641 1516 καὶ
2667 1465 2774 1517 τῶν
2799 1466 2937 1518 κατὰ
2967 1469 3191 1539 καιροὺς
3220 1470 3572 1537 διδασκάλων,
3604 1475 3698 1538 οὓς

2123 1549 2187 1602 ἄν
2212 1567 2294 1612 τις
2335 1552 2426 1604 καὶ
2464 1552 2701 1623 Χριστοῦ
2734 1554 2881 1625 χείλη
2922 1556 3189 1611 καλέσειε.
3222 1560 3358 1632 Περὶ
3384 1562 3443 1614 δὲ
3467 1563 3565 1634 τῆς
3617 1564 3695 1617 δι-

2120 1642 2411 1712 καιοσύνης
2440 1644 2624 1709 αὑτοῦ,
2668 1646 2743 1707 ὼς
2779 1646 3084 1717 κρείττονος
3115 1649 3280 1720 οῠσης
3306 1652 3407 1721 τῆς
3443 1655 3691 1724 νομικῆς,

2119 1734 2444 1803 παρεγγυῶν
2472 1734 2675 1803 ἔλεγεν·
2716 1754 2735 1787 t
2781 1737 2906 1791 Ἐὰν
2947 1739 3020 1810 μὴ
3064 1742 3454 1816 περισσεύσῃή
3489 1746 3692 1798 δικαιο-

438 1824 458 1856 ι
489 1805 600 1859 Nisi
627 1806 985 1860 abundaverit
1009 1805 1222 1875 justitia
1258 1815 1433 1861 vestra
1460 1806 1747 1878 plusquam
1785 1808 2001 1866 Scriba-

2114 1822 2246 1892 σύνη
2300 1824 2454 1894 ὑμῶν
2486 1826 2644 1880 πλέον
2696 1827 2805 1881 τῶν
2843 1805 3216 1901 γραμματέων
3255 1805 3486 1889 καὶ⁵
3529 1839 3694 1908 Φαρι-

435 1914 551 1952 rum
580 1908 635 1952 et
666 1899 1093 1952 Pharisaeorum.
1134 1917 1153 1951 ι

504 1990 667 2044 Vens.
703 1991 787 2043 i5.
838 1989 1355 2059 Comprehenderunt
1402 2005 1483 2042 me
1514 1990 1817 2058 iniquitates
1856 2009 2007 2058 mew,

431 2088 481 2133 et
529 2095 631 2133 non
678 2079 827 2147 potui
882 2089 936 2131 ut
990 2079 1253 2142 viderem,
1294 2087 1399 2133 etc.
1453 2077 1709 2134 Memoria
1762 2091 2007 2136 veterum

434 2174 679 2243 lapsuum
725 2173 862 2229 solet
903 2176 1192 2228 obscurare
1228 2173 1380 2228 nobis
1412 2184 1671 2228 mentem.
1704 2192 1723 2225 ‹
1757 2173 2007 2245 Multipli-

430 2277 566 2321 catae
597 2277 723 2321 sunt
752 2280 916 2334 super
938 2266 1157 2335 capillos
1194 2266 1390 2335 capitis
1413 2265 1540 2320 mei.
1572 2283 1589 2315 ι
1625 2264 1736 2320 Hoc
1754 2274 1861 2329 est,
1885 2282 2006 2336 quae

432 2358 636 2413 circum
677 2372 774 2411 nos
807 2365 935 2410 sunt
967 2356 1301 2410 insensibilia
1335 2358 1498 2419 mala,
1542 2357 2003 2426 multiplicantur;

430 2451 629 2520 quibus
663 2447 1068 2515 multiplicatis,
1107 2458 1256 2501 recto
1306 2463 1468 2502 sensu
1526 2448 1803 2514 destituti,
1840 2449 2004 2503 corde

429 2538 752 2592 defecimus.
788 2534 915 2592 Haec
942 2546 1120 2591 autem
1161 2537 1348 2591 dicens
1385 2546 1541 2607 rogat
1570 2552 1667 2606 per
1695 2539 2004 2593 misericor-

431 2629 577 2683 diam
617 2630 952 2694 conservari,
986 2628 1228 2697 priorum
1256 2629 1518 2683 malorum
1549 2630 1883 2684 mentionem
1915 2629 2001 2683 ia-

431 2717 600 2789 ciens,
632 2736 700 2776 ne
743 2720 796 2774 iu
826 2736 888 2774 ea
917 2734 1131 2773 rursum
1182 2719 1406 2774 incidat.
1439 2718 1767 2775 Recordatio
1813 2729 1997 2775 autem

429 2812 545 2877 ejus
574 2826 693 2879 quae
741 2812 794 2864 in
842 2811 1034 2865 melius
1069 2810 1213 2864 facta
1257 2819 1363 2875 est,
1422 2809 1760 2875 mutationis,
1813 2822 1998 2880 gratos

428 2901 589 2957 eﬂicit
608 2916 671 2955 ac
701 2900 942 2955 devotos.

506 2992 667 3045 Vsus.
695 2991 784 3045 15.
830 2989 1241 3070 Confundantur
1273 3000 1320 3042 et
1352 2998 1690 3043 revereantur
1712 2990 1869 3043 simul
1904 2993 1996 3061 qui

432 3092 671 3151 qucerunt
707 3084 939 3135 animum
969 3098 1160 3142 meam,
1195 3090 1249 3133 ut
1274 3080 1521 3148 auferant
1553 3098 1671 3134 eam
1699 3122 1715 3147 ,
1740 3090 1849 3137 etc.
1874 3084 1992 3138 Non

2106 3096 2160 3166 In
2167 3099 2312 3154 τούν
2319 3118 2411 3166 τες
2448 3103 2559 3169 τὴν

426 3170 721 3224 secundum
750 3170 1105 3224 substantiam
1130 3167 1404 3235 auferunt,
1437 3173 1529 3224 sed
1551 3185 1647 3241 per
1672 3172 1931 3227 malitiam
1964 3188 1994 3227 a
2024 3144 2066 3200 C

426 3261 626 3317 virtute
647 3270 702 3316 et
736 3261 963 3315 scientia
999 3274 1116 3314 eam
1145 3259 1421 3314 auferunt.

497 3454 661 3509 Vens.
692 3455 779 3510 16.
817 3453 928 3525 Ego
954 3463 1128 3509 autem
1152 3456 1422 3511 mendicus
1448 3474 1592 3523 sum,
1618 3469 1726 3514 etc.
1760 3460 1896 3516 Cum
1928 3463 1995 3516 ad

424 3547 685 3602 bonorum
730 3546 1188 3615 comparationem
1234 3548 1481 3604 inﬁrmus
1523 3559 1708 3613 esset,
1780 3554 1985 3607 mendi-

422 3654 545 3692 cum
586 3647 642 3691 et
687 3652 974 3706 pauperem
1003 3651 1061 3691 se
1090 3638 1398 3704 conﬁtetur,
1431 3650 1483 3693 et
1528 3639 1638 3696 Deo
1674 3642 1757 3696 sui
1805 3659 1992 3699 curam

421 3730 733 3792 committit,
772 3729 1061 3799 projiciens
1091 3730 1512 3786 sollicitudinem
1543 3747 1694 3789 suam
1722 3736 1777 3792 in
1810 3735 1992 3793 Domi-

425 3833 553 3874 uum
580 3828 834 3890 tanquam
863 3820 916 3875 in
944 3819 1299 3890 provisorem.
1396 3822 1399 3825 ’

972 4001 1290 4057 PSALMUS
1330 4002 1448 4059 XL.

494 4089 656 4146 \‘ns.
688 4090 742 4146 2.
770 4090 965 4145 Beatus
992 4094 1083 4161 qui
1106 4093 1348 4161 intelligit
1375 4112 1530 4163 super
1552 4114 1770 4167 egenum
1793 4112 1839 4156 et
1864 4120 1997 4170 pau-

420 4198 616 4253 perem,
655 4192 759 4239 etc.
787 4183 926 4250 Quid
948 4194 1053 4248 est.
1084 4204 1103 4238 ε
1131 4187 1222 4254 qui
1251 4187 1543 4258 intelligit?
1575 4209 1594 4242 ›
1643 4191 1742 4259 Qui
1771 4197 1991 4265 cogitat.

420 4276 560 4343 Quid
606 4287 684 4332 est
714 4294 734 4328 ι
771 4278 1012 4347 pauper?
1042 4296 1061 4330 ι
1096 4278 1201 4345 Qui
1227 4278 1581 4336 aliiictionenn
1611 4298 1763 4338 suam
1816 4288 1994 4355 porci-

2110 2095 2215 2148 τοῦ
2231 2096 2508 2161 βλέπειν,
2541 2115 2594 2151 κ.
2638 2116 2686 2151 τ.
2732 2101 2777 2152 ὲ.
2837 2102 2901 2153 Ἠ
2943 2105 3129 2175 μνήμη
3160 2105 3268 2158 τῶν
3300 2108 3543 2161 παλαιῶν
3578 2110 3687 2179 (80)

2110 2189 2462 2257 πταισμάτων
2512 2190 2750 2257 πέφυκεν
2802 2192 3108 2246 ἐπισκοτεῖν
3157 2198 3287 2265 ἡμῖν
3337 2201 3401 2267 τῇ
3457 2199 3686 2269 διανοίᾳ.

2114 2294 2131 2327 t
2175 2277 2617 2349 Ἐπληθύνθησαν
2641 2282 2781 2352 ὑπὲρ
2798 2284 2896 2344 τὰς
2918 2285 3111 2355 τρίχας
3128 2286 3228 2355 τῆς
3252 2288 3495 2357 κεφαλῆς
3514 2307 3637 2358 μου.
3661 2310 3679 2341 ι

2107 2368 2384 2431 Τουτέστι,
2408 2370 2474 2422 τὰ
2503 2372 2632 2442 περὶ
2663 2374 2808 2442 ἡμᾶς
2829 2375 3129 2445 ἀναίσθητα
3162 2376 3490 2447 πληθύνεται
3517 2381 3682 2444 κακὰ,

2105 2454 2185 2515 ὧν
2209 2460 2417 2514 πολλῶν
2442 2465 2844 2534 γεγενημένων,
2877 2468 3225 2536 στερούμενοι
3249 2469 3341 2520 τοῦ
3376 2468 3551 2540 ὀρθῶς
3571 2470 3687 2523 δια-

2104 2552 2338 2605 νοεῖσθαι
2358 2555 2465 2608 ἀπὸ
2491 2556 2590 2625 τῆς
2614 2558 2839 2627 καρδίας
2871 2559 3261 2631 ἐγκατελείφθη
3272 2579 3388 2631 μεν.
3432 2560 3685 2614 Ἱκετεύει

2102 2642 2159 2695 δὲ
2182 2644 2210 2696 ὁ
2244 2643 2415 2713 λέγων
2454 2646 2587 2716 ἐλέῳ
2632 2646 2987 2717 φυλαχθῆναι,
3016 2649 3123 2701 τῶν
3162 2651 3446 2722 προτέρων
3479 2668 3685 2722 μεμνηο

2106 2736 2263 2805 μένος
2291 2738 2475 2791 κακῶν
2504 2740 2640 2809 πρὸς
2653 2739 2714 2791 τὸ
2742 2739 2815 2810 μὴ
2836 2738 2991 2803 αὖθις
3010 2746 3326 2813 περιπεσεῖν
3350 2746 3459 2806 τοῖς
3479 2744 3683 2806 αὐτοῖς.

2101 2829 2259 2900 Καὶή
2293 2832 2597 2902 ἀνάμνησις
2625 2833 2681 2885 δὲ
2718 2834 2818 2902 τῆς
2844 2834 2935 2886 ἐπὶ
2964 2834 3031 2887 τὰ
3060 2834 3342 2906 κρείττονα
3378 2834 3680 2906 μεταϐολῆς,

2100 2918 2452 2989 εὐχαρίστους
2477 2922 2764 2993 ἐργάζεται
2790 2925 2882 2976 καὶ
2914 2927 3322 2995 προσεκτικούς.

2168 3012 2770 3080 Καταίσχυνθεὶησαν
2817 3015 2913 3067 καὶ
2963 3015 3408 3083 ἐντραπείησαν
3457 3014 3578 3084 ἅμα
3624 3018 3680 3069 οἱ

2612 3104 2823 3173 ψυχήν
2866 3123 3006 3173 μου,
3057 3106 3163 3159 τοῦ
3193 3104 3402 3174 ἐξᾶραι
3466 3106 3679 3174 αὐτὴν,

2107 3203 2159 3238 κ.
2183 3188 2311 3256 me.
2364 3189 2438 3240 Οὺ
2468 3191 2587 3242 κατ’
2639 3192 2824 3245 οὐσίαν
2875 3194 2987 3264 (8|)
3036 3195 3363 3265 ἐξαίρουσιν,
3419 3195 3555 3249 ἀλλὰ
3594 3196 3684 3249 διὰ

2103 3277 2205 3346 τῆς
2234 3280 2428 3343 κακίας
2460 3282 2565 3335 ἀπὸ
2598 3284 2695 3353 τῆς
2735 3286 2931 3356 ἀρετῆς
2971 3287 3065 3338 καὶ
3098 3286 3198 3356 τῆς
3233 3286 3484 3355 γνώσεως
3512 3288 3682 3359 αὐτὴν

2104 3368 2431 3441 ἐξαίρουσιν.

2188 3462 2328 3531 Ἐγὼ
2350 3464 2417 3516 δὲ
2436 3467 2669 3534 πτωχός
2701 3468 2837 3536 ειμι,
2868 3485 2921 3522 κ.
2955 3486 3005 3521 τ.
3043 3469 3088 3521 ἐ.
3125 3469 3266 3538 Πρὸς
3292 3469 3390 3540 τὴν
3411 3469 3518 3523 τῶν
3545 3471 3681 3539 ἀγα-

2103 3552 2211 3607 θῶν
2237 3554 2347 3624 (82)
2382 3554 2575 3625 κτῆσιν
2604 3557 2867 3621 ἀσθενῶν,
2900 3559 3112 3628 πτωχὸν
3143 3561 3236 3613 καὶ
3262 3562 3468 3631 πένητα
3489 3561 3678 3615 ἑαυτὸν

2099 3642 2369 3713 ὁμολογεῖ,
2398 3644 2491 3697 καὶ
2520 3644 2595 3715 τῷ
2622 3645 2739 3716 Θεῷ
2776 3648 2872 3718 τὴν
2903 3650 3030 3718 περὶ
3068 3650 3233 3703 αὐτού
3265 3651 3521 3723 φροντίδα
3550 3654 3678 3706 ἀνα-

2100 3735 2331 3804 τίθησιν,
2372 3737 2710 3808 ὲπιρῤίπτων
2750 3738 2847 3809 τὴν
2893 3740 3163 3811 μέριμναν
3208 3743 3299 3795 ἐπὶ
3328 3743 3552 3814 Κύριον,
3599 3743 3675 3806 ὡς

2099 3830 2193 3881 ἐπὶ
2222 3829 2512 3898 κηδεμόνα.

2686 4014 2978 4068 ΨΑΛΜΟΣ
3003 4017 3090 4068 Μ’.

2164 4104 2464 4173 Μακάριος
2508 4108 2540 4158 ὁ
2589 4104 2817 4158 συνιὼν
2860 4105 2959 4157 ἐπὶ
3012 4105 3250 4173 πτωχὸν
3281 4106 3380 4160 καὶ
3422 4106 3672 4177 πένητα,

2092 4215 2143 4251 κ.
2173 4214 2223 4250 τ.
2256 4199 2301 4248 ὲ.
2336 4196 2399 4249 Τί
2425 4199 2570 4250 ἐστιν
2603 4215 2622 4247 ι
2655 4198 2684 4249 ὁ
2714 4195 2905 4249 συνιών
2942 4198 3087 4267 (85);
3133 4216 3150 4247 ι
3190 4199 3249 4251 'U
3276 4198 3430 4253 νοῶν.
3462 4200 3526 4253 Τί
3556 4202 3671 4252 ἐστι

2097 4305 2115 4337 ι
2157 4288 2358 4356 πένης;
2402 4304 2419 4333 ι
2465 4286 2522 4340 ’0
2555 4287 2651 4357 τὴν
2685 4286 2861 4356 θλίψιν
2904 4286 3069 4340 αὐτοῦ
3104 4289 3557 4359 καταλαμϐάνων.
3614 4292 3672 4343 ’0

419 4369 519 4437 pit.
554 4368 685 4422 Nam
708 4372 798 4436 qui
827 4367 1171 4423 aﬂiictionem
1196 4385 1349 4425 suam
1379 4371 1655 4442 intelligit,
1683 4376 1907 4432 omnino
1931 4389 1987 4433 et

2106 4378 2198 4449 {up
2233 4375 2418 4448 μαθὼν
2445 4376 2607 4431 αὑτοῦ
2641 4378 2738 4449 τὴν
2761 4377 2938 4446 θλίψιν
2974 4379 3190 4440 πάντως
3223 4381 3314 4431 καὶ
3343 4380 3543 4444 εὐθέως
3571 4381 3669 4433 αύ-

417 4460 601 4513 statim
649 4462 818 4528 ipsius
862 4460 1227 4514 miserebitur.
1277 4461 1463 4516 Potest
1508 4463 1556 4518 is
1587 4466 1679 4533 qui
1736 4466 1988 4538 intelligit

417 4566 648 4621 egenum
677 4552 922 4613 rationis,
956 4562 1012 4607 et
1031 4552 1190 4621 702
1218 4552 1499 4620 sapientia:
1530 4568 1594 4607 ac
1623 4556 1772 4621 boni,
1799 4559 1989 4613 beatus

419 4649 550 4712 dici.
576 4650 701 4703 dum
723 4647 875 4715 juvat
898 4649 1073 4713 illum,
1101 4649 1214 4703 sive
1240 4649 1603 4704 communiter
1627 4664 1878 4719 egenum,
1906 4652 1988 4705 vel

420 4752 543 4790 cum
568 4739 658 4806 qui
697 4739 886 4791 beatus
914 4738 1263 4805 praedicatur.
1296 4755 1315 4788 ‹
1358 4738 1414 4791 ln
1447 4738 1535 4793 die
1566 4740 1706 4793 mala
1736 4739 1988 4795 liberabit

420 4843 545 4882 eum
573 4827 864 4892 Dominus;
903 4846 922 4879 ι
952 4827 1107 4895 quasi
1148 4843 1253 4882 una
1291 4830 1408 4883 dies
1450 4829 1586 4883 mala
1624 4831 1692 4886 sit
1726 4840 1833 4884 tota
1882 4848 1987 4886 sa:-

421 4919 526 4973 culi
564 4919 867 4987 praesentis,
898 4918 982 4971 vel
1010 4917 1231 4983 judicii.
1264 4919 1358 4973 Est
1397 4920 1540 4975 enim
1588 4921 1704 4975 bznc
1752 4924 1986 4976 tenebrae

419 5009 796 5078 peccatoribus
818 5020 871 5062 et
900 5026 1008 5065 non
1044 5011 1157 5075 lux,
1184 5013 1336 5080 juxta
1367 5011 1707 5080 prophetam.
1751 5013 1817 5067 Et
1842 5013 1985 5083 Apo-

416 5099 589 5154 stolus
614 5100 692 5154 ait
717 5099 804 5151 '°:
845 5119 863 5152 ι
901 5100 1168 5167 Quoniam
1213 5104 1331 5159 dies
1361 5104 1486 5158 mali
1534 5116 1681 5160 sunt.
1721 5125 1740 5157 ι
1778 5106 1843 5159 Ει
1880 5106 1982 5160 ite-

417 5208 532 5248 rum
561 5193 605 5224 ⁸⁸
635 5210 649 5245 :
687 5210 706 5244 ι
742 5190 811 5247 Ut
838 5195 1073 5263 eriperet
1105 5210 1202 5250 nos
1246 5196 1313 5250 de
1353 5199 1603 5265 prazseuti
1657 5197 1853 5252 saeculo
1880 5196 1980 5251 'ne-

412 5301 595 5355 quam.
629 5303 648 5336 t
690 5284 946 5340 Hortatur
975 5287 1137 5355 igitur
1159 5298 1217 5341 ut
1249 5289 1465 5359 benigni
1509 5290 1678 5344 simus
1705 5306 1830 5359 erga
1854 5303 1979 5359 cge-

482 5429 526 5458 τ’
560 5427 745 5481 Matth.
778 5441 832 5491 γ,
861 5423 947 5478 90.
1026 5426 1071 5457 ⁸⁰
1103 5425 1300 5494 Ephes.
1330 5443 1382 5493 ν,
1417 5425 1505 5481 16.
1580 5427 1620 5458 ⁸⁸
1647 5426 1823 5481 Galat.
1858 5441 1896 5489 t,
1927 5428 1980 5481 4.

482 5560 598 5628 (79)
618 5559 859 5629 Μεγάλη
899 5563 1242 5629 Ἐκκλησία,
1274 5573 1381 5615 etc.
1406 5559 1613 5616 Catena
1641 5559 1909 5613 Corderii.

481 5630 593 5700 (80)
636 5632 695 5685 Ἠ
716 5629 920 5700 μνήμη
942 5632 1059 5684 τῶν
1084 5631 1377 5692 παλαιῶν,
1410 5644 1526 5700 εειίεἈ
1554 5632 1758 5684 l'artim
1811 5632 1979 5685 codex

412 5699 795 5759 (Inisliniauus,
831 5698 1025 5762 partim
1073 5716 1263 5755 catena
1286 5698 1548 5755 Corderii.

484 5767 594 5837 (8i)
623 5769 703 5819 Οὐ
726 5770 849 5819 κατ’
878 5770 1114 5835 οὐσίαν,
1145 5780 1255 5824 etc.
1279 5769 1454 5825 Codes
1486 5769 1874 5830 COtsimianus.

2090 4472 2179 4523 τὸν
2226 4471 2456 4541 ἐλεήσει.
2488 4471 2723 4524 Δύναται
2770 4473 2799 4524 ὁ
2853 4473 3053 4533 συνιεὶς
3091 4471 3303 4540 πτωχὸν
3334 4471 3515 4537 λόγου,
3577 4474 3669 4523 καὶ

2093 4564 2304 4631 σοφίας,
2336 4564 2429 4616 καὶ
2462 4563 2554 4616 τοῦ
2590 4563 2753 4617 καλοῦ
2790 4562 3207 4633 μακαρίζεσθαι,
3239 4560 3462 4629 ὠφελῶν
3484 4561 3665 4622 αὐτὸν,

2092 4653 2207 4722 ἦτοι
2234 4653 2324 4705 τὸν
2359 4654 2550 4718 κοινῶς
2574 4654 2805 4725 πτωχὸν,
2831 4654 2863 4724 ἦ
2892 4654 2981 4705 τὸν
3019 4651 3473 4721 μακαριζόμενον.
3514 4669 3530 4700 ι
3580 4650 3668 4702 Ἐν

2091 4744 2274 4817 ἡμέρᾳ
2299 4749 2509 4817 πονηρᾷ
2526 4747 2745 4818 ῥύσεται
2781 4746 2941 4799 αὑτὸν
2962 4746 2989 4797 ὁ
3013 4742 3234 4813 Κύριος·
3260 4762 3278 4794 ι
3317 4742 3434 4813 ἦτοι
3464 4743 3538 4805 ὼς
3571 4743 3668 4812 μιᾷ

2090 4838 2273 4909 ἡμέρᾳ.
2304 4836 2439 4910 ούσῃ
2466 4839 2679 4908 πονηρᾷ
2708 4835 2805 4908 ὅλῃ
2836 4838 2900 4906 τῇ
2944 4834 3036 4889 τοῦ
3060 4833 3351 4898 ἐνεστῶτος
3375 4834 3585 4897 αἰῶνος,
3633 4834 3666 4904 ἢ

2089 4928 2189 4997 τῆς
2221 4929 2471 4999 κρίσεως.
2496 4927 2649 4981 Ἔστι
2670 4927 2774 4999 γὰρ
2798 4926 2934 4997 αὕτη
2965 4926 3152 4989 σκότος
3167 4930 3280 4990 τοῖς
3300 4926 3664 4997 ἁμαρτωλοῖς,

2090 5019 2182 5073 καὶ
2213 5020 2273 5071 ού
2303 5018 2417 5087 φῶς
2459 5018 2599 5071 κατὰ
2637 5018 2727 5072 τὸν
2772 5019 3078 5091 προφήτην.
3124 5019 3233 5071 Καὶ
3274 5019 3302 5070 ὁ
3350 5016 3670 5080 Ἀπόστολός

2089 5126 2270 5179 φησιν·
2316 5128 2333 5159 ι
2382 5111 2502 5161 Ὅτι
2531 5111 2585 5161 αἱ
2615 5109 2820 5181 ἡμέραι
2860 5108 3091 5179 πονηραί
3130 5109 3257 5160 εἱσι·
3306 5126 3323 5158 ι
3359 5105 3454 5159 καὶ
3481 5106 3661 5159 πάλιν·

2093 5221 2109 5252 ι
2154 5204 2339 5263 Ὅπως
2365 5201 2612 5271 ἐξέληται
2641 5203 2786 5271 ἡμᾶς
2812 5204 2877 5255 ὲκ
2905 5201 2998 5255 τοῦ
3024 5200 3217 5262 αἰῶνος
3248 5198 3341 5252 τοῦ
3376 5197 3667 5259 ἐνεστῶτος

2086 5293 2341 5365 πονηροῦ.
2377 5312 2394 5343 ι
2451 5293 2714 5363 Παραινεῖ
2739 5287 2831 5346 οὖν
2891 5290 3304 5363 φιλανθρώπους
3356 5285 3493 5341 εἶναι
3530 5286 3665 5356 πρὸς

2158 5562 2271 5631 (82)
2302 5562 2457 5630 Πρὸς
2487 5562 2604 5630 τὴν
2632 5565 2752 5616 τῶν
2780 5558 3038 5630 ἀγαθῶν,
3063 5568 3170 5613 etc.
3227 5556 3428 5612 Catena
3460 5552 3663 5607 Corde-

2086 5648 2269 5793 1Ἦί85)
2297 5724 2358 5779 Tl
2393 5723 2562 5778 ἐστιν
2589 5728 2621 5778 ό
2647 5722 2894 5788 συνιών,
2922 5732 3030 5777 etc.
3051 5719 3255 5775 Catena
3288 5713 3552 5772 Corderii.
