4110 6398
386 399 517 451 HIS

1404 384 1713 438 SELECTA
1752 382 1817 435 IN
1860 379 2193 435 PSALMOS.
2236 412 2306 423 —
2339 379 2531 434 PSAL.
2576 379 2669 434 XL

3513 380 3647 433 NH

383 514 614 577 ἐνδεεῖς,
671 510 704 580 ἢ
773 508 1010 561 συνιέναι
1070 507 1159 559 τὸν
1221 505 1483 567 ἑκουσίως
1546 502 1955 574 πτωχεύσαντα.

2069 515 2187 564 nos,
2226 500 2310 554 vel
2338 510 2396 553 ut
2429 500 2798 570 intelligamus
2832 514 2952 554 cum
2987 499 3079 570 qui
3129 498 3487 553 voluntariam
3528 516 3644 554 am-

451 694 663 761 Κύριος
696 688 1001 756 βοηθῆσαι
1034 682 1192 750 αὐτῷ
1220 685 1316 737 ἐπὶ
1354 686 1571 752 κλίνης
1597 683 1821 750 ὀδύνης
1850 682 1957 734 αὺα

380 784 505 847 τοῦ,
530 800 580 835 κ.
616 800 666 834 τ.
694 780 933 849 ὲ.⁶Κλὶνη
958 780 1146 849 ὀδύνης
1180 777 1289 848 (84)
1319 777 1379 829 τὸ
1412 776 1571 846 σῶμά
1596 778 1708 829 ἐστι
1740 776 1837 845 τῆς
1865 792 1959 828 τα-

380 874 703 936 πεινώσεως.
730 891 746 923 ι
788 872 952 940 Ὅλην
985 872 1082 941 τὴν
1109 869 1293 937 κοίτην
1324 867 1489 920 αὑτοῦ
1517 868 1781 937 ἕστρεψας
1805 868 1862 919 ὲν
1891 869 1955 936 τῇ

378 966 658 1039 ἀρρωστίᾳ
684 963 867 1018 αὑτοῦ.
910 983 927 1013 ι
968 962 1109 1032 Πρὸς
1142 960 1208 1013 τὰ
1237 960 1445 1030 ἀμείνω
1479 959 1956 1030 μετενεχθήσεται,

380 1060 530 1127 φησὶ,
564 1058 657 1111 καὶ
692 1055 989 1127 μεταϐολὴν
1019 1055 1128 1118 ἕξει
1157 1054 1293 1125 πρὸς
1311 1052 1632 1123 εὐρωστίαν.
1664 1051 1823 1114 Ἔθος
1851 1051 1958 1121 γάρ

377 1152 441 1219 τῇ
482 1150 671 1221 Γραφῇ
704 1148 801 1219 τὴν
841 1146 1077 1217 στροφὴν
1105 1145 1225 1197 ἀντὶ
1258 1145 1356 1215 τῆς
1392 1144 1693 1215 μεταϐολῆς
1730 1144 1955 1206 τιθέναι,

379 1243 453 1304 ώς
510 1242 587 1294 τό·
641 1260 659 1292 ι
711 1238 1017 1310 Ἐστρεψας
1060 1239 1152 1290 τὸν
1208 1236 1437 1290 κοπετόν
1497 1253 1598 1305 μου
1653 1238 1733 1298 εὶς
1784 1235 1959 1307 χαρὰν

381 1331 523 1384 ἐμοί.
557 1350 575 1382 ι

454 1349 523 1384 οι.
557 1350 575 1382 ι

414 1349 517 1474 μοι
541 1421 744 1490 ἐχθροί
759 1437 877 1488 μου
905 1415 1084 1471 εἶπαν
1108 1416 1262 1470 κακά
1291 1434 1413 1484 μοι,
1458 1433 1514 1468 κ.
1547 1432 1596 1469 τ.
1624 1416 1667 1468 ἐ.
1702 1416 1764 1469 Οἱ
1794 1416 1959 1486 ἀόρα-

379 1530 460 1565 τοι
499 1513 609 1576 (85)
645 1510 738 1563 τοῦ
782 1510 1034 1579 Σωτῆρος
1071 1507 1228 1579 ἡμῶν
1266 1507 1449 1577 ἐχθροὶ
1480 1508 1754 1578 ἠθέλησαν
1795 1508 1957 1562 αὐτὸν

380 1604 692 1664 ἀποθανεῖν,
742 1601 817 1664 ώς
847 1602 933 1653 ἵνα
968 1600 1199 1653 σϐέσωσι
1241 1600 1339 1670 τὴν
1385 1600 1542 1664 δόξαν
1569 1601 1664 1653 τοῦ
1698 1602 1959 1671 ὀνόματος

380 1694 562 1747 αὑτοῦ·
589 1691 723 1745 ἀλλά
754 1691 891 1762 πρὸς
912 1689 990 1760 τῷ
1014 1689 1087 1760 μὴ
1124 1689 1417 1742 ἀπολέσθαι
1450 1692 1544 1744 καὶ
1570 1690 1775 1760 κάμψει
1804 1693 1860 1742 ὲν
1883 1689 1960 1759 τῷ

379 1787 601 1856 ὀνόματι
643 1782 817 1851 Ἰησοῦ
849 1784 956 1836 πᾶν
984 1782 1134 1849 γόνυ,
1168 1781 1261 1835 καὶ
1290 1783 1441 1835 πᾶσα
1466 1782 1685 1850 γλῶσσα
1706 1781 1957 1851 ἐξομολο-

379 1880 626 1949 γήσεται.
681 1878 870 1939 Εἴποις
896 1875 953 1928 δὲ
984 1874 1145 1929 αὐτὸν
1195 1876 1289 1928 καὶ
1322 1874 1461 1946 ὑπὲρ
1501 1874 1609 1927 τῶν
1656 1874 1824 1926 αὑτοῦ
1860 1891 1963 1943 μα-
1994 1858 2037 1915 Β

381 1970 557 2041 θητῶν
601 1968 925 2041 ποιήσασθαι
964 1970 1062 2039 τὴν
1091 1967 1277 2038 εὐχὴν,
1309 1966 1401 2031 οὓς
1436 1967 1626 2039 ὥσπερ
1659 1968 1836 2037 ψυχὴν
1866 1966 1964 2018 αὑ-

378 2060 473 2113 τοῦ
528 2061 895 2132 τυγχάνοντας
943 2061 1171 2130 νοσῆσαι
1222 2061 1339 2113 κατ’
1372 2063 1579 2113 ἐκεῖνον
1635 2060 1833 2129 συνέϐη
1869 2059 1962 2110 τὸν

381 2154 569 2223 καιρὸν
627 2154 720 2206 καὶ
769 2152 1170 2225 ἡμαρτηκέναι,
1204 2154 1292 2207 ὅτε
1338 2154 1537 2216 πάντες
1578 2151 1963 2215 καταλιπόντες

381 2245 540 2297 αὑτὸν
569 2244 789 2315 ᾤχοντο,
825 2245 1031 2316 Πέτρος
1056 2246 1113 2298 δὲ
1149 2248 1241 2299 καὶ
1274 2246 1456 2316 τρίτον
1486 2246 1783 2315 ⁴ὴρνήσάτο.

450 2338 557 2391 Καὶ
592 2340 645 2391 εὶ
673 2339 1087 2405 εἰσεπορεύετο
1121 2337 1226 2391 τοῦ
1270 2337 1437 2398 ἰδεῖν,
1481 2335 1682 2404 μάτην
1731 2335 1960 2399 ἐλάλει,

380 2445 432 2480 κ.
471 2446 520 2481 τ.
555 2430 601 2481 ἐ.
629 2430 692 2482 υἱ
718 2431 937 2497 ἀφανεῖς
968 2429 1076 2499 (86)
1107 2431 1199 2481 καὶ
1214 2428 1479 2499 ὁρώμενοι
1510 2428 1691 2499 ἐχθροὶ
1725 2426 1962 2499 Χριστοῦ

380 2516 606 2571 θάνατον
636 2517 783 2588 αὐτῷ
828 2516 1253 2580 κατεσκεύαζον.
1299 2520 1358 2570 Ὀ
1392 2515 1448 2569 δὲ
1509 2517 1709 2579 Ἰούδας
1743 2518 1962 2569 εἰσεπο-

383 2608 568 2680 ρεύετο
604 2610 701 2679 μὲν
734 2608 827 2661 τοῦ
878 2608 1002 2661 ἰδεῖν
1031 2608 1097 2660 τὰ
1142 2609 1422 2679 γινόμενα,
1468 2608 1563 2661 καὶ
1610 2608 1878 2677 λεγόμενα
1906 2609 1963 2659 ἐν

379 2702 735 2771 παραϐολαῖς,
782 2700 960 2753 ἐλάλει
1000 2699 1056 2752 δὲ
1109 2700 1304 2771 μάτην,
1347 2699 1442 2753 am
1476 2699 1550 2770 μὴ
1584 2698 1777 2770 χωρῶν
1823 2699 1963 2752 αὐτὰ

380 2796 589 2865 νοῆσαι,
614 2794 702 2846 διὰ
738 2794 834 2863 τὴν
862 2791 1279 2861 τυφλώττουσαν
1309 2792 1470 2844 αὑτὸν
1502 2792 1721 2845 κακίαν.
1759 2790 1963 2862 Ἀρμό-

379 2886 460 2950 ζει
480 2887 535 2940 δὲ
568 2887 627 2938 τὸ
656 2886 817 2957 ῥητὸν
837 2886 930 2938 καὶ
954 2886 1086 2937 πᾶσι
1108 2886 1221 2946 τοῖς
1248 2882 1537 2954 ἀπόρρητα
1560 2880 1961 2951 ἐπαγγελλομέ-

378 2996 488 3040 νοις
514 2980 625 3039 τοῖς
680 2974 1026 3046 ἐτεροδόξοις.
1064 2975 1133 3026 Ἤ
1164 2974 1269 3037 ἔξω
1305 2973 1396 3025 τοῦ
1430 2973 1683 3043 Σωτῆρος
1722 2972 1815 3024 καὶ
1866 2970 1964 3041 τῆς

378 3067 486 3119 τῶν
514 3066 826 3119 ἀποστόλων
870 3063 1256 3125 καταστάσεως
1296 3063 1398 3133 ἤδη
1450 3062 1742 3133 γενόμενος
1785 3062 1962 3132 μάτην

377 3158 573 3220 ὲλάιλει,
616 3156 935 3211 διδάσκαλον
982 3151 1407 3224 προσαγορεύων
1444 3152 1537 3204 τὸν
1581 3151 1806 3224 Κύριον,
1860 3150 1960 3219 τῆς

378 3250 604 3323 καρδίας
632 3247 796 3302 αὐτοῦ
826 3246 1055 3316 ἀνομίας
1096 3243 1527 3315 συναγαγούσης.
1562 3238 1729 3306 Οὗτος
1759 3244 1816 3296 δὲ
1866 3244 1960 3297 καὶ

378 3342 826 3413 ἐκπορευόμενος,
870 3338 1144 3391 τουτέστιν
1178 3337 1282 3403 ἔξω
1318 3338 1417 3407 τῆς
1455 3335 1630 3408 Ἰησοῦ
1663 3334 1960 3406 μαθητείας

377 3431 679 3501 γινόμενος,
711 3429 890 3483 ἐλάλει
932 3430 1023 3481 ἐπὶ
1051 3428 1112 3480 τὸ
1151 3428 1283 3482 αὐτὸ
1313 3430 1424 3489 τοῖς
1453 3427 1769 3497 Φαρισαίοις
1818 3426 1958 3478 κατά

376 3520 470 3573 τοῦ
519 3521 791 3591 Σωτῆρος,
847 3520 941 3572 καὶ
989 3518 1163 3587 λάθρα
1220 3518 1317 3588 τὴν
1366 3516 1653 3587 προδοσίαν
1696 3516 1956 3571 ὲκινοῦτο.

390 3612 543 3666 Ἀλλά
573 3614 666 3665 καὶ
704 3612 798 3665 τοῦ
847 3610 1060 3682 πονηρά
1096 3608 1556 3680 διαλογιζομένου,
1591 3606 1806 3662 καὶτοῦ
1840 3611 1961 3661 ἐπι-

376 3703 623 3767 νοοῦντος
647 3702 713 3756 τά
742 3701 1043 3774 αἱρετικὰή
1072 3700 1265 3770 καρδία
1287 3700 1506 3769 συνάγει
1535 3700 1764 3770 ἀνομίαν
1789 3697 1956 3768 αὐτῷ·

383 3794 529 3849 ὅστις
581 3790 687 3844 κᾶν
755 3790 938 3859 λάϐῃ,
999 3789 1509 3860 ὲκπορεύεταιέξω.
1571 3791 1709 3861 Περὶ
1774 3784 1849 3844 ὧν
1883 3789 1962 3843 εἴ·

381 3897 560 3953 ρηταιο
597 3900 614 3930 ι
660 3881 784 3942 Τοῖς
828 3880 885 3933 δὲ
937 3880 1041 3946 ἔξω
1085 3883 1143 3936 ἐν
1181 3882 1537 3954 παραϐολαῖς·
1570 3900 1587 3932 ι
1615 3883 1727 3949 καὶ,
1766 3900 1784 3933 ι
1821 3882 1960 3945 Τοὺς

378 3972 576 4038 ἔξωθεν
604 3974 632 4023 6
652 3971 781 4033 Θεὸς
816 3971 1010 4042 κρίνει.
1047 3991 1065 4023 ι

447 4065 543 4131 Μὴ
576 4065 607 4116 ό
634 4060 996 4130 κοιμώμενος
1027 4061 1162 4128 οὐχὶ
1193 4060 1527 4129 προσθήσει
1552 4061 1657 4114 τοῦ
1698 4060 1959 4128 ἀναστῆ-

374 4168 499 4221 ναι;
526 4171 579 4208 κ.
613 4169 664 4205 τ.
697 4152 745 4204 ὲ.
788 4151 1125 4219 Ἀναγκαῑως
1157 4151 1268 4222 (87)
1300 4151 1446 4219 λέγει
1474 4155 1539 4223 τῇ
1573 4154 1827 4224 κοιμήσει
1860 4156 1958 4224 τὴν

375 4247 671 4299 ἀνάστασιν
709 4243 956 4295 ἕπεσθαι.
1021 4243 1083 4294 Ἡ
1142 4243 1199 4295 δὲ
1240 4242 1493 4314 κοίμησίς
1538 4245 1686 4296 ἐστιν
1741 4247 1769 4297 6
1797 4243 1960 4298 θάνα-

376 4351 485 4397 τος.
563 4332 895 4401 Ἀναγκαίως
959 4331 1036 4402 τῷ
1088 4332 1303 4403 θανάτῳ
1369 4322 1727 4405 ἀκολουθήσει
1785 4335 1880 4388 καὶ
1924 4336 1958 4405 ἡ

374 4426 689 4489 ἀνάστασις.

2066 591 2259 661 plexus
2288 599 2371 645 est
2402 600 2800 661 paupertatem.

2140 683 2304 737 Vens.
2337 683 2389 736 4.
2438 683 2695 736 Dominus
2743 699 2889 752 apem
2933 683 3068 751 {erat
3112 682 3191 735 itii
3249 698 3408 750 super
3453 681 3646 735 lectum

2065 775 2265 829 doloris
2291 776 2433 843 ejus,
2463 784 2574 828 etc.
2606 775 2803 829 Lectus
2842 776 3044 829 doloris
3082 791 3279 844 corpus
3314 785 3397 830 est
3423 772 3649 830 humili-3

2068 869 2217 921 tatis.
2259 887 2275 918 ι
2311 868 2637 922 Universum
2674 878 2906 921 stratum
2948 861 3067 936 ejus
3104 870 3332 923 versasti
3385 870 3437 922 in
3489 869 3646 922 inllr-

2067 958 2253 1011 mitate
2282 959 2419 1026 ejus.
2455 976 2472 1009 ι
2520 957 2600 1011 Ad
2652 959 2871 1011 meliora
2922 956 3303 1023 transferetur,
3357 959 3647 1027 inquit,et

2066 1050 2418 1104 mutationem
2442 1050 2662 1103 habebit
2693 1051 2759 1101 ad
2793 1050 3107 1103 sanitatem.
3138 1048 3288 1103 Solet
3316 1052 3461 1104 enim
3491 1050 3644 1104 Scri-

2066 1150 2222 1210 ptura
2248 1142 2664 1197 conversionem
2703 1155 2801 1209 pro
2835 1142 3136 1194 mutatione
3176 1156 3397 1209 ponere,
3436 1152 3492 1194 ut
3520 1159 3645 1196 cum

2064 1234 2193 1288 dicit
2216 1234 2263 1266 ⁸¹
2293 1254 2306 1290 :
2348 1254 2366 1287 ι
2402 1234 2729 1291 Convertisti
2774 1234 3052 1304 planctum
3087 1249 3264 1288 memu
3293 1235 3346 1287 in
3385 1235 3641 1305 gaudium

2064 1328 2215 1381 mihi.
2249 1347 2269 1380 ι

2138 1422 2303 1476 Vens.
2347 1421 2401 1475 6.
2449 1421 2667 1474 Inimici
2706 1424 2807 1475 mei
2852 1422 3105 1475 dixerunt
3146 1420 3290 1473 mala
3327 1421 3491 1483 mihi,
3535 1431 3641 1474 etc.

2064 1515 2367 1569 lnvisihiles
2400 1511 2710 1567 Salvatoris
2730 1515 2902 1567 nostri
2932 1513 3143 1566 inimici
3180 1513 3432 1567 volebant
3470 1513 3643 1579 ipsum

2066 1606 2336 1669 occidere,
2367 1614 2426 1658 ut
2453 1604 2682 1675 gloriam
2729 1603 2969 1658 nominis
3009 1604 3125 1672 ejus
3176 1604 3585 1672 exstinguerent
3616 1618 3630 1661 ;

2066 1712 2280 1762 verum,
2304 1697 2498 1751 nedum
2531 1697 2822 1759 interierit,
2868 1696 2919 1749 in
2961 1696 3181 1749 namine
3206 1695 3368 1749 etiam
3394 1692 3521 1747 Jesu
3554 1692 3650 1745 Ile-

2065 1796 2251 1841 ctetur
2312 1802 2471 1841 omne
2526 1804 2689 1857 genu,
2724 1797 2779 1842 et
2838 1786 3019 1842 omnis
3072 1785 3253 1855 lingua
3292 1783 3648 1839 conlitcbizur

2065 1876 2132 1932 ei.
2203 1872 2393 1931 Dic‘ere
2457 1892 2674 1946 quoque
2746 1879 2921 1947 possis
2969 1877 3144 1944 ipsum
3217 1888 3314 1944 pro
3370 1873 3646 1941 discipulis

2063 1981 2254 2033 orare,
2312 1982 2466 2035 quos,
2516 1983 2637 2020 cum
2686 1968 2838 2036 quasi
2889 1966 3068 2020 anima
3108 1963 3225 2030 eius
3271 1973 3475 2027 essent,
3516 1977 3650 2017 cono

2069 2060 2183 2127 tig’it
2233 2058 2325 2113 illo
2377 2068 2619 2128 tempore
2670 2067 2963 2127 aegrotasse
3014 2067 3070 2112 et
3102 2069 3385 2125 peccasse,
3430 2060 3646 2124 quando

2066 2163 2254 2201 omnes
2295 2148 2411 2216 ipso
2440 2147 2632 2202 relicto
2664 2146 2939 2216 fugerunt,
2993 2156 3048 2200 et
3094 2145 3288 2199 Petrus
3342 2144 3509 2198 etiam
3567 2152 3649 2196 ter

2068 2238 2213 2291 illum
2241 2237 2482 2304 negavit.

2139 2329 2303 2382 Vens.
2330 2328 2382 2380 7.
2414 2327 2480 2381 Et
2510 2329 2555 2381 si
2579 2329 2976 2397 ingrediebatur
3002 2341 3053 2381 ut
3074 2329 3291 2390 uideret,
3310 2344 3447 2381 uaria
3475 2327 3649 2395 loque-

2066 2418 2242 2482 batur,
2272 2429 2381 2473 etc.
2410 2418 2619 2473 Occulti
2650 2428 2706 2472 et
2736 2418 3007 2472 manifesti
3034 2419 3240 2473 inimici
3271 2419 3650 2475 Christimor—

2068 2518 2173 2561 tem
2217 2509 2263 2561 ei
2321 2508 2796 2563 machinabantur.
2851 2508 3021 2563 Judas
3076 2524 3204 2565 vero
3246 2508 3650 2580 ingrediebatur

2065 2598 2309 2666 quidem,
2341 2609 2402 2651 ut
2429 2600 2637 2655 videret
2658 2617 2721 2654 ea
2773 2616 2893 2670 qua:
2932 2603 3132 2657 ﬁebant
3160 2612 3216 2657 et
3242 2602 3564 2657 dicebantur
3597 2602 3649 2655 in

2067 2690 2375 2757 parabolis;
2420 2690 2747 2759 loquebatur
2775 2704 2958 2748 autem
2985 2709 3142 2760 vane,
3178 2694 3378 2763 quippe
3418 2693 3509 2761 qui
3543 2708 3649 2746 non

2067 2782 2282 2835 valebat
2334 2782 2435 2835 ista
2493 2787 2961 2851 comprehendere
3016 2797 3239 2856 pr0ptcr
3284 2795 3652 2839 excascamem

2069 2872 2242 2941 ipsum
2288 2873 2576 2928 malitiam.
2614 2875 2875 2943 Cougruit
2920 2880 3084 2931 etiam
3120 2878 3323 2931 dictmn
3362 2876 3492 2931 illud
3533 2893 3653 2931 om-

2067 2960 2246 3024 nibus,
2272 2963 2363 3028 qui
2396 2977 2599 3017 arcana
2636 2966 2910 3031 mmtiant,
2940 2965 3314 3021 heterodosis.
3346 2965 3439 3020 Vel
3465 2980 3589 3020 cum
3619 2982 3650 3019 a

2067 3050 2348 3105 Salvatore
2384 3061 2438 3105 et
2472 3054 2841 3123 apostolorum
2878 3057 3292 3111 conversatione
3322 3058 3437 3127 jam
3476 3058 3649 3112 desci-

2066 3145 2274 3205 visset,
2331 3159 2468 3199 Vttlle
2517 3145 2859 3215 loquebatur,
2918 3160 3309 3218 praeceptorem
3357 3149 3646 3203 Dominum

2062 3237 2362 3307 appellans,
2389 3238 2517 3293 dum
2553 3255 2650 3294 cor
2686 3241 2832 3296 illius
2868 3241 3210 3309 iniquitatem
3265 3252 3646 3311 congregaret.

2063 3328 2161 3385 Hic
2198 3332 2324 3383 item
2363 3331 2674 3400 egrediens,
2721 3333 2774 3387 id
2813 3342 2899 3387 est
2952 3348 2981 3386 a
3028 3330 3155 3387 Jesu
3209 3333 3490 3403 disciplina
3550 3337 3643 3387 de-

2062 3424 2327 3487 scisceus,
2359 3425 2682 3494 loquebatur
2708 3424 3023 3493 inidipsum
3060 3424 3354 3480 Pharisaais
3383 3427 3647 3481 adversus

2064 3512 2429 3583 Salvatorem,
2458 3528 2512 3573 et
2558 3517 2700 3572 clatn
2753 3518 3005 3572 movebat
3047 3518 3434 3587 proditionem.
3471 3518 3645 3586 Quin-

2062 3606 2226 3660 etiam
2268 3622 2364 3662 cor
2395 3624 2560 3677 prava
2609 3609 2901 3679 cogitantis
2944 3619 3000 3664 et
3047 3609 3302 3665 heretica
3351 3612 3643 3667 commini-

2063 3698 2266 3752 scentis
2314 3709 2613 3770 congregat
2662 3700 3010 3769 iniquitatem
3076 3701 3216 3767 sibi,
3274 3702 3388 3770 qui,
3427 3704 3645 3771 quando

2062 3793 2357 3861 acceperit,
2393 3792 2541 3849 foras
2564 3795 2868 3864 egreditur.
2903 3794 2976 3849 De
3003 3796 3207 3864 quibus
3230 3796 3434 3850 dictum
3461 3809 3545 3851 est
3561 3797 3639 3859 ⁸³ς

2067 3899 2086 3932 ι
2122 3883 2190 3936 lis
2220 3884 2310 3951 qui
2342 3882 2477 3938 l'oris
2510 3896 2637 3938 sunt
2663 3885 2716 3938 in
2749 3888 3057 3953 parabolis;
3101 3905 3120 3939 ι
3156 3896 3211 3942 et
3238 3887 3285 3919 “
3318 3904 3331 3942 :
3360 3905 3381 3938 ι
3415 3886 3523 3941 Eos
3554 3889 3647 3957 qui

2062 3970 2196 4027 foris
2226 3982 2377 4037 sunt,
2423 3974 2565 4027 Deus
2588 3974 2824 4043 judicat.
2861 3996 2880 4030 ι

2132 4064 2295 4119 Vsus.
2321 4064 2374 4120 9.
2401 4063 2661 4135 Nunquid
2677 4068 2996 4137 quidormit,
3023 4085 3126 4123 non
3152 4068 3366 4132 adiicm
3390 4079 3442 4122 ut
3470 4086 3647 4124 resur-

2060 4153 2188 4223 gat?
2225 4165 2330 4210 etc.
2392 4155 2535 4210 Dicit
2594 4160 3053 4214 resurrectionem
3105 4160 3466 4214 necessariam
3521 4175 3645 4216 esse

2061 4245 2407 4300 dormitiouis
2456 4248 2758 4317 sequelam.
2815 4249 3084 4303 Dormitio
3117 4259 3301 4303 autem
3332 4259 3415 4304 est
3469 4266 3637 4307 mors.

2062 4333 2289 4390 Mortem
2320 4340 2628 4393 necessario
2656 4350 2918 4408 sequetur
2942 4340 3294 4394 resurrectio.

445 4519 529 4571 Σὺ
560 4516 647 4583 δὲ,
674 4518 868 4586 Κύριε,
910 4516 1173 4584 ἐλέησόν
1186 4532 1282 4585 με,
1316 4532 1370 4571 κ.
1396 4532 1447 4571 τ.
1476 4516 1522 4568 ὲ.
1555 4515 1658 4570 Τὸν
1678 4515 1824 4569 ἔλεον
1841 4514 1953 4588 (88)

2129 4505 2290 4575 703
2320 4507 2485 4561 Vens.
2520 4508 2603 4563 ll.
2630 4507 2706 4561 Tu
2737 4519 2939 4573 autem,
2971 4509 3209 4572 Domine,
3247 4513 3488 4566 miserere
3512 4516 3638 4574 mei.

376 4610 468 4663 καὶ
496 4608 595 4679 τὴν
623 4608 918 4662 ἀνάστασιν
942 4608 1040 4677 οὐχ
1068 4607 1266 4678 ἐαυτῷ,
1298 4608 1409 4660 ἀλλ’
1438 4610 1569 4678 ἡμῖν
1607 4609 1766 4661 αἰτεῖ.
1799 4609 1956 4661 Ἔστι

2063 4606 2163 4652 etc.
2196 4597 2622 4654 Misericordiam
2647 4610 2704 4655 et
2738 4600 3194 4658 resurrectionem
3234 4618 3341 4655 non
3381 4604 3483 4658 sibi
3510 4602 3639 4674 ipsi,

374 4701 429 4753 δὲ
448 4701 509 4753 τὸ
540 4700 659 4769 μὲν,
706 4719 723 4751 ι
755 4700 1057 4769 ἀνάστησόν
1093 4717 1180 4770 με,
1218 4718 1236 4751 ο
1270 4699 1774 4773 ἀνθρωποπρεπῶς·
1806 4701 1866 4753 τὸ
1896 4701 1955 4753 δὲ

380 4810 395 4838 ι
434 4789 799 4843 ἀνταποδώσω
824 4790 1029 4854 αὐτοῖς,
1070 4811 1087 4841 ι
1113 4790 1314 4861 δηλαδὴ
1335 4793 1447 4855 τοῖς
1473 4791 1707 4861 ἐχθροῖς,
1736 4791 1957 4866 θεοπρε-

375 4879 511 4943 πῶς,
556 4879 857 4949 Ἑπιχαίρει
894 4879 950 4931 δὲ
1002 4882 1115 4943 τοῖς
1153 4880 1483 4951 ἡττωμένοις
1512 4883 1540 4933 6
1576 4880 1787 4953 ἐχθρός.
1818 4880 1951 4937 Εἶτα

2054 4687 2149 4741 sed
2191 4688 2348 4743 nobis
2378 4691 2532 4759 petit.
2578 4691 2675 4747 Est
2701 4702 2881 4747 autem
2925 4693 3079 4759 illud,
3107 4711 3125 4745 ι
3161 4694 3424 4749 resuscita
3467 4709 3574 4761 me,
3614 4715 3635 4748 ι

2055 4780 2293 4833 humano
2331 4796 2485 4836 more
2508 4783 2745 4847 dictum;
2772 4782 2913 4838 istud
2940 4799 3069 4838 vero
3094 4801 3115 4836 ι
3158 4786 3451 4840 retribuam
3486 4784 3586 4851 eis,
3614 4804 3637 4836 ι

2061 4887 2257 4941 nempe
2290 4873 2551 4939 inimicis,
2580 4876 2788 4930 divino.
2833 4874 3047 4932 Gaudet
3075 4886 3257 4929 autem
3289 4876 3543 4933 inimicus
3570 4878 3642 4932 de

374 4972 535 5025 πάλιν
576 4970 1058 5042 ἀνθρωπινώτερον
1085 4971 1208 5044 ἔφη’
1243 4992 1260 5024 ι
1308 4973 1395 5025 Ἐν
1429 4973 1604 5043 τούτῳ
1633 4973 1827 5041 ἔγνων,
1866 4976 1948 5028 ὄτι

2063 4964 2385 5018 Idversariis
2413 4967 2702 5035 superatis.
2739 4966 2944 5020 Deinde
2966 4981 3155 5021 rursus
3189 4967 3431 5022 humano
3486 4982 3640 5021 more

370 5062 668 5134 τεθέληκάς
687 5078 775 5132 με,
813 5080 832 5114 ι
862 5060 917 5112 ἓν
944 5078 1003 5114 τε
1017 5062 1092 5132 τῷ
1117 5062 1334 5132 ἐλεῆσαι
1356 5065 1449 5117 καὶ
1474 5059 1961 5135 ἀναστῆσαι.Τουτ·

370 5155 519 5206 ἐστιν
572 5153 881 5223 ἠγάπησας·
915 5154 973 5205 ὲν
999 5154 1191 5225 ἀγάπῃ
1218 5157 1325 5226 γάρ
1358 5158 1465 5209 πᾶν
1496 5155 1739 5226 θελητόν.
1784 5152 1947 5223 Ἑμοῦ

366 5248 426 5301 δὲ
465 5247 794 5308 ἀναστάντος
832 5244 892 5297 οὐ
927 5245 1001 5315 μὴ
1043 5247 1278 5316 ἐπιχαρῇ
1322 5249 1349 5299 6
1395 5248 1493 5317 τῆς
1533 5247 1950 5319 ἀνθρωπότητος

369 5339 559 5409 ἐχθρὸς
605 5340 634 5389 ό
675 5336 936 5403 διάϐολος,
976 5340 1005 5390 6
1030 5330 1127 5390 ’τὸν
1151 5337 1379 5391 θάνατον
1416 5339 1480 5391 δι’
1514 5340 1785 5409 ἁμαρτίας
1810 5342 1948 5392 ἐπα-

440 5500 484 5529 "
514 5498 657 5552 Psal.
701 5513 851 5562 xxix,
882 5496 967 5552 12.
1045 5497 1090 5529 ⁸³
1117 5496 1281 5550 Marc.
1312 5512 1383 5561 tv,
1426 5498 1512 5549 ll.
1589 5496 1636 5527 '"
1662 5497 1675 5547 Ι
1704 5496 1828 5549 Cor.
1862 5511 1914 5562 ν,
1948 5496 2039 5550 15.

443 5660 554 5729 (καὶ)
585 5658 775 5724 Κλίνη
812 5656 1059 5727 ὀδύνης,
1087 5669 1195 5729 etc.
1228 5656 1414 5729 Codex
1444 5654 1834 5729 Coisliniatttts.

444 5724 558 5794 (85⁷)
591 5731 655 5782 οι
682 5728 941 5793 ἀόρατοι,
969 5724 1075 5782 etc.
1109 5728 1310 5781 Catena
1343 5724 1610 5781 Corderii.

439 5799 558 5871 (86)
579 5802 643 5853 01
669 5797 939 5865 ἀφανεῖς,
963 5810 1069 5854 etc.
1098 5797 1321 5853 Eadem.

2052 5052 2189 5107 dixit
2222 5069 2236 5105 :
2284 5071 2303 5104 ι
2327 5052 2383 5106 lu
2413 5055 2517 5109 hoc
2546 5057 2801 5125 cognovi,
2838 5056 3097 5126 quoniam
3135 5057 3353 5111 voluisti
3384 5073 3487 5122 me,
3530 5076 3549 5108 υ
3582 5059 3637 5112 id

2051 5154 2135 5200 est
2168 5146 2482 5201 miserando
2514 5158 2569 5201 et
2596 5150 2998 5204 resuscitando.
3045 5148 3158 5203 lloc
3183 5160 3289 5211 est,
3335 5148 3574 5202 dilexisti
3613 5167 3634 5203 :

2052 5251 2178 5289 nam
2217 5239 2269 5291 in
2310 5239 2601 5294 dilectione
2626 5252 2710 5296 est
2730 5256 2891 5296 omne
2922 5241 3305 5295 desiderabile.
3340 5238 3422 5291 Me
3449 5248 3632 5292 autem

2055 5340 2373 5400 resurgente
2413 5346 2518 5384 non
2550 5332 2810 5400 gaudebit
2838 5332 3199 5386 immanitatis
3234 5329 3493 5384 inimicus
3516 5328 3632 5382 dia-

2125 5648 2241 5720 (87)
2288 5646 2658 5720 Ἀναγκαίως,
2689 5654 2807 5720 etc;
2831 5638 3418 5720 (Ιοάεεεϐοῖειῑιιίιιιιιις..

2122 5711 2236 5791 (88)
2279 5711 2732 5782 Τὸνὲλεονίειε.
2769 5715 2973 5771 Catena
3001 5711 3267 5765 Corderii.
