4110 6432
469 352 605 407 1415
1896 359 1986 413 EX
2024 363 2030 402 ε

2129 359 2325 414 ιϐΕΝΕ
3591 370 3719 421 Hlfi

466 470 644 534 holus,
681 469 772 540 qui
823 481 1051 526 mortem
1101 489 1197 543 per
1225 484 1504 544 peccatum
1542 475 1740 531 intulit.
1777 476 1872 530 Vel
1899 475 2030 530 forte

2144 476 2349 543 γαγών.
2387 477 2455 529 Ἣ
2498 478 2634 549 τάχα
2683 482 2774 533 καὶ
2823 483 3107 546 Ἰουδαίους
3147 486 3459 539 αἰνίττεται.
3499 488 3608 541 Kal.
3644 492 3706 541 τὸ

466 562 628 615 etiam
658 562 873 617 Judzeos
919 564 1115 619 innuit.
1150 566 1283 621 lllud
1314 578 1518 633 autem,
1554 590 1570 621 ι
1612 580 1831 639 propter
1876 570 2030 624 inno-

2154 585 2171 618 ι
2214 571 2347 640 ἐμοῦ
2398 571 2455 624 δὲ
2487 568 2574 621 διὰ
2596 571 2694 640 τὴν
2724 572 2981 635 ἀκακίαν,
3018 592 3035 624 ι
3057 575 3174 645 ἤτοι
3196 576 3476 646 ἀμίαντον,
3512 579 3718 648 ἀνθρω-

466 653 723 715 centiam,
760 672 777 703 ι
811 669 907 708 seu
954 655 1316 728 integritatem
1337 702 1351 724 ,
1383 662 1620 714 humano
1650 677 1801 715 more
1832 662 2030 716 dictum

2149 662 2445 733 πινὼτερον
2489 662 2721 734 εἴρηται.
2787 663 3220 737 Ἐϐεὸαιώθημεν
3265 667 3320 720 δὲ
3382 670 3439 720 ὲν
3480 669 3716 740 Χριστῷ,

465 752 565 793 est.
618 743 784 796 Porro
832 747 1135 801 confirmati
1184 766 1373 809 sumus
1419 754 1471 805 in
1517 752 1751 817 Christo,
1790 754 1949 823 idque
1984 753 2030 805 in

2149 754 2243 807 καὶ
2288 754 2443 807 τοῦτο
2502 754 2731 807 ἐνώπιον
2782 754 2876 807 τοῦ
2924 755 3135 825 Πατρὸς
3167 757 3455 827 γενόμενον
3503 760 3583 822 είς
3634 758 3726 811 τὸν

465 842 758 900 conspectu
790 836 964 891 Patris
990 839 1191 894 factum
1219 852 1302 895 est
1329 843 1383 895 in
1414 853 1698 896 aeternum.
2150 850 2340 903 αἰῶνα.

999 1055 1319 1111 PSALMUS
1361 1055 1495 1109 XLI.

2704 1050 2995 1103 ΨΑΛΜΟΣ
3022 1051 3161 1105 MA'.

426 1190 436 1217 ι
540 1142 700 1200 Vsus.
725 1148 777 1201 3.
801 1146 975 1202 Silivit
994 1149 1170 1200 anima
1188 1164 1306 1200 mea
1327 1149 1394 1201 ad
1423 1150 1606 1215 Deum,
1635 1160 1738 1203 etc.
1766 1150 1847 1204 Ad
1870 1148 2030 1203 Deum

2229 1144 2549 1213 Ἐδίψησεν
2571 1144 2608 1209 ἠ
2636 1141 2807 1209 ψυχή
2978 1142 3127 1209 πρὸς
3152 1141 3317 1207 Θεὸν,
3350 1160 3403 1195 κ.
3431 1159 3481 1196 τ.
3509 1144 3556 1195 ὲ.
3578 1144 3714 1214 Πρὸς

464 1236 657 1289 sitiunt
700 1237 751 1289 hi
793 1238 886 1307 qui
937 1238 989 1290 in
1043 1237 1340 1307 Evangelio
1402 1248 1624 1307 propter
1678 1238 1823 1293 sitim
1885 1254 2030 1293 suam

2143 1237 2233 1291 τὸν
2262 1236 2393 1289 Θεὸν
2425 1235 2533 1305 (89)
2561 1233 2787 1303 διψῶσιν
2826 1234 2874 1285 οἱ
2914 1233 2972 1283 ὲν
3023 1231 3101 1302 τῷ
3150 1232 3461 1304 Εὑαγγελίῳ
3495 1236 3588 1286 ἐπὶ
3644 1234 3715 1304 τῷ

466 1326 609 1380 beati
643 1327 1029 1397 praadicantur.
1074 1326 1193 1381 Non
1254 1328 1412 1394 dixit,
1460 1329 1647 1384 Sitivit
1696 1330 1875 1384 anima
1921 1344 2030 1385 mea

2144 1332 2303 1401 διψᾷν
2335 1328 2781 1401 μακαριζόμενοι.
2818 1326 2930 1379 Οὐκ
2970 1320 3139 1378 εἶπεν·
3187 1326 3467 1397 Ἐδίψησεν
3505 1331 3536 1399 ή
3574 1328 3713 1398 ψυχή

467 1419 671 1482 Deum;
733 1434 839 1473 non
895 1420 1039 1472 enim
1089 1419 1257 1473 Deum
1314 1419 1448 1473 bibit
1510 1419 1728 1483 anima;
1782 1421 1874 1473 sed
1912 1438 1931 1472 ι
1969 1421 2030 1475 ad

2148 1438 2249 1491 μου
2266 1421 2355 1473 τὸν
2383 1419 2538 1482 Θεὸν,
2568 1418 2627 1471 οὐ
2654 1414 2763 1488 γάρ
2792 1415 2924 1468 Θεὸν
2949 1415 3091 1468 πίνει
3120 1417 3152 1485 ἡ
3187 1414 3351 1486 ψυχὴ,
3382 1419 3519 1472 ἁλλά
3537 1438 3553 1469 ι
3584 1415 3713 1486 πρὸς

467 1509 670 1573 Deum;
704 1528 723 1560 ι
756 1522 977 1563 sanctus
1011 1510 1155 1564 enim
1203 1509 1321 1564 sitit
1361 1524 1425 1564 ea
1459 1524 1582 1579 qum
1610 1510 1677 1563 ad
1698 1512 2030 1579 Deum,spe-

2136 1510 2227 1564 τὸν
2244 1511 2397 1565 Θεόν.
2424 1527 2440 1560 ι
2461 1509 2543 1562 Τά
2562 1513 2671 1579 γὰρ
2691 1508 2826 1579 πρὸς
2858 1507 2991 1561 Θεὸν
3024 1510 3052 1561 6
3085 1508 3238 1575 ἆγιος
3273 1506 3422 1575 ante,
3454 1508 3644 1580 ὥσπερ
3691 1510 3714 1563 6

462 1610 646 1666 «tant;
676 1601 813 1655 sicut
839 1610 1091 1671 peccator
1129 1617 1235 1656 non
1268 1617 1329 1657 ea
1360 1618 1479 1672 qua:
1500 1603 1564 1655 ad
1596 1602 1765 1656 Deum
1798 1602 1890 1656 sed
1916 1616 2030 1670 qua!

2138 1599 2459 1670 ἁμαρτωλὸς
2484 1598 2553 1651 τά
2584 1598 2657 1669 μὴ
2681 1598 2815 1669 πρὸς
2847 1599 3001 1661 Θεὸν,
3030 1598 3163 1650 ἀλλά
3188 1600 3253 1651 τά
3279 1599 3415 1669 πρὸς
3448 1599 3715 1669 κοσμικὴν

464 1692 529 1745 ad
574 1695 901 1748 mundanam
942 1696 1142 1758 vitam,
1179 1695 1261 1749 vel
1299 1694 1365 1747 ad
1417 1692 1690 1748 diabolum
1737 1693 2033 1763 pertinent.

463 1785 600 1849 Quin
634 1794 688 1836 et
714 1783 961 1838 Salvator
999 1785 1239 1839 substitit
1262 1793 1318 1839 et
1359 1784 1679 1838 exclamavit
1718 1786 1905 1839 dicens
1934 1783 1980 1816 ⁸⁸
2019 1801 2031 1835 :

2138 1691 2304 1762 ζωὴν,
2335 1692 2368 1763 ἢ
2400 1691 2468 1744 τά
2489 1691 2624 1762 πρὸς
2654 1691 2919 1744 διάϐολον.
2956 1692 3067 1743 Καὶ
3096 1692 3123 1742 6
3151 1690 3341 1763 Σωτὴρ
3379 1691 3436 1744 δὲ
3473 1693 3709 1762 εἱστήκει

2139 1784 2234 1836 καὶ
2263 1782 2459 1853 έκραζε
2507 1783 2698 1851 λέγων·
2762 1802 2781 1834 ι
2823 1783 2945 1836 Ἐάν
2995 1800 3079 1845 τις
3119 1782 3267 1852 διψᾷ,
3303 1783 3545 1853 ἐρχέσθω
3580 1782 3712 1853 πρός

464 1894 483 1923 ι
525 1872 579 1927 Si
616 1876 739 1943 quis
774 1875 923 1940 sitit,
961 1875 1143 1928 veniat
1177 1878 1243 1929 ad
1286 1890 1403 1941 me,
1449 1884 1505 1930 et
1552 1875 1719 1929 bibat.
1755 1894 1774 1927 ι
1810 1875 1875 1929 Et
1908 1876 2030 1945 quia

2141 1890 2228 1942 με,
2248 1873 2341 1926 καὶ
2377 1873 2595 1929 πινέτω.
2639 1892 2657 1924 ι
2689 1872 2798 1925 Καὶ
2832 1873 2913 1925 ὄτι
2949 1873 3097 1942 μόνοι
3124 1874 3174 1924 οἱ
3203 1874 3347 1939 ἆγιοι
3386 1872 3714 1943 όφθήσονται

459 1967 556 2019 soli
584 1966 758 2020 sancti
784 1968 1123 2037 apparebunt
1147 1978 1273 2022 ante
1306 1969 1499 2023 faciem
1530 1968 1620 2021 Dei
1641 2008 1656 2031 ,
1688 1968 1780 2036 qui
1824 1968 1969 2021 illam
2004 1983 2033 2021 a

458 2059 835 2125 peccatoribus
878 2060 1094 2115 avertit.
1140 2060 1235 2115 Vel
1263 2076 1384 2115 cum
1412 2062 1552 2115 Deus
1585 2060 2032 2129 providentialem
2079 2094 2087 2102 -

458 2166 611 2202 suam
642 2151 895 2205 virtutem
938 2166 967 2205 a
1010 2152 1210 2222 populo
1238 2153 1544 2216 avertisset,
1576 2153 1740 2206 vitam
1772 2153 1911 2206 hanc
1944 2153 2035 2207 de-

458 2240 784 2310 plorabant;
817 2241 924 2297 Deo
962 2254 1139 2299 autem
1188 2243 1439 2298 volebant
1470 2243 1716 2297 obviare.
1765 2244 2031 2297 Caeterum

459 2333 559 2386 hoc
578 2332 851 2398 dicebant,
878 2350 1000 2389 cum
1044 2336 1111 2389 ab
1153 2335 1302 2388 omni
1335 2335 1541 2388 macula
1588 2334 1791 2404 expiati
1841 2342 2029 2397 erant;

456 2426 544 2491 qui
582 2426 727 2479 enim
758 2437 1153 2495 conspurcatus
1182 2436 1286 2492 est,
1324 2427 1370 2481 is
1395 2425 1532 2481 dicit
1556 2426 1603 2460 ⁸⁸
1634 2443 1647 2479 :
1684 2443 1702 2477 ι
1730 2426 1930 2479 Averte
1954 2422 2033 2477 fa-

454 2516 594 2570 ciem
631 2529 774 2570 tuam
803 2533 833 2570 a
867 2519 1105 2587 peccatis
1136 2518 1291 2572 meis.
1334 2537 1353 2571 ι

529 2611 800 2681 Ejusdem.
853 2611 910 2665 Si
955 2611 1150 2666 faciem
1198 2610 1293 2665 Dei
1338 2610 1512 2679 angeli
1561 2609 1747 2663 vident
1796 2622 2029 2677 semper,

456 2702 681 2771 angelus
708 2704 896 2771 utique
925 2702 1266 2772 concupiscit
1298 2700 1416 2755 fieri
1446 2700 1612 2755 David
1640 2709 1695 2754 et
1732 2699 1913 2754 videre
1950 2697 2033 2751 fa-

454 2794 592 2848 ciem
621 2793 739 2848 Dei.

527 2972 697 3028 Vens.
738 2974 793 3028 4.
830 2972 876 3026 F
880 2983 1069 3027 uerunt
1109 2973 1239 3026 mihi
1289 2971 1536 3044 lacrymar
1566 2988 1716 3037 mea,
1746 2981 1854 3027 etc.
1882 2970 2028 3039 Quo-

455 3082 574 3119 rum
627 3066 882 3136 lacryma:
930 3079 1097 3136 panes
1142 3074 1293 3131 sunt,
1348 3065 1491 3119 beati
1524 3065 1615 3133 qui
1670 3062 1802 3120 flent
1846 3066 2027 3119 modo.

452 3156 687 3212 l'erfecti
718 3156 818 3210 viri
849 3166 934 3212 est
962 3158 1063 3211 hoc
1092 3169 1247 3224 posse
1267 3156 1446 3211 dicere
1471 3171 1484 3208 :
1510 3157 1770 3226 quoniam
1796 3156 1888 3225 qui
1922 3156 2027 3209 im-

457 3249 730 3319 perfectus
773 3257 879 3312 est,
925 3249 971 3302 is
1015 3247 1085 3301 ob
1131 3255 1387 3302 externas
1430 3260 1517 3302 res
1559 3248 1940 3313 conturbatur,
1976 3255 2032 3302 et

452 3340 689 3393 animam
724 3350 883 3394 extra
913 3352 971 3392 se
996 3336 1177 3402 habet,
1209 3336 1469 3393 deformis
1494 3346 1551 3392 et
1574 3338 1937 3406 reprehensus
1961 3337 2030 3392 ab

454 3432 734 3496 omnibus,
772 3431 896 3485 dum
922 3428 1106 3484 verbis
1137 3428 1374 3482 animam
1405 3426 1662 3484 denudat.
1699 3428 1748 3483 ls
1770 3441 1901 3484 vero
1937 3429 2029 3498 qui

457 3529 679 3576 sanctus
711 3530 816 3586 est,
848 3535 878 3573 a
900 3520 1061 3575 rebus
1077 3518 1444 3573 exterioribus
1464 3518 1703 3573 animum
1733 3534 1889 3574 suum
1920 3520 2032 3574 col-

460 3612 600 3680 ligit.
632 3610 736 3677 Qui
771 3621 956 3666 autem
1005 3625 1070 3665 ex
1114 3609 1311 3665 affectu
1352 3608 1715 3680 lacrymatur,
1758 3610 2031 3681 lacrymas

452 3718 583 3757 suas
619 3706 793 3757 instar
815 3703 974 3772 panis
1010 3702 1390 3768 manducabit;
1425 3717 1530 3755 non
1561 3702 1735 3757 soluat
1767 3702 1819 3756 in
1872 3703 2031 3757 rebus

455 3793 751 3862 prosperis,
799 3807 934 3862 quas
968 3792 1110 3848 diem
1161 3800 1342 3858 vocat,
1401 3792 1499 3847 sed
1544 3793 1709 3848 etiam
1761 3794 2026 3859 adversis,

452 3899 587 3952 quas
613 3894 824 3938 noctem
860 3885 1123 3938 nominat.

525 3973 686 4046 704
729 3975 997 4044 Ejusdem.
1032 3974 1175 4030 Nihil
1207 3976 1427 4044 perinde
1471 3976 1642 4030 nutrit
1671 3992 1736 4031 ac
1779 3974 2029 4045 planctus

453 4066 544 4121 ille
574 4069 667 4136 qui
701 4069 874 4121 nutrit
904 4068 1167 4123 animam.
1202 4068 1353 4124 Beati
1379 4070 1470 4139 qui
1516 4069 1649 4123 flent
1675 4071 1855 4134 modo,
1892 4085 2028 4140 quo-

453 4157 594 4211 niam
623 4157 894 4212 ridebunt.

526 4249 661 4302 Dum
687 4249 886 4301 dicitur
927 4249 1055 4302 mihi
1091 4249 1370 4319 quotidie:
1402 4247 1505 4302 Ubi
1554 4258 1627 4303 est
1672 4247 1810 4301 Deus
1850 4258 1970 4301 tuus
2002 4249 2029 4301 2

450 4351 558 4395 etc.
606 4341 783 4406 Deus,
821 4352 1090 4411 quatenus
1136 4342 1315 4412 opifex
1341 4380 1355 4407 ,
1396 4351 1480 4397 est
1511 4342 1563 4396 in
1616 4343 1867 4397 omnibus
1905 4357 2026 4412 qua:

450 4433 593 4488 facta
624 4445 783 4498 smn;
817 4444 1086 4503 quatenus
1124 4435 1297 4488 virtus
1321 4444 1375 4488 et
1403 4436 1665 4505 sapientia
1700 4473 1716 4499 ,
1760 4435 1813 4488 in
1851 4434 2027 4487 omni-

2134 1964 2212 2034 τῷ
2234 1963 2508 2034 προσώπῳ
2529 1963 2621 2016 τοῦ
2639 1962 2795 2026 Θεοῦ,
2825 1964 3224 2033 ἀποτρέποντος
3243 1965 3372 2017 αὐτὸ
3402 1966 3509 2017 ἀπὸ
3544 1966 3695 2036 ἁμαρ

2133 2055 2338 2110 τωλῶν.
2360 2055 2427 2108 Ἢ
2455 2058 2530 2119 ὼς
2547 2057 2985 2128 ἀποστρέψαντος
3016 2057 3107 2110 τοῦ
3124 2056 3259 2110 Θεοῦ
3286 2058 3382 2129 τὴν
3415 2059 3712 2128 ὲποπτικὴν

2134 2147 2298 2200 αὑτοῦ
2314 2147 2539 2218 δύναμιν
2566 2147 2673 2200 ἀπὸ
2701 2147 2796 2201 τοῦ
2820 2148 2972 2212 λαοῦ,
3001 2149 3338 2219 ἀπεθρήνουν
3354 2149 3451 2220 τὴν
3482 2149 3712 2203 ἐνταῦθα

2134 2239 2299 2310 ζωήν·
2334 2240 2471 2310 πρὸς
2498 2239 2659 2292 αὑτὸν
2690 2239 2746 2292 δὲ
2782 2242 3053 2309 καταντᾷν
3086 2239 3375 2309 ἠϐούλοντο
3406 2240 3495 2292 τὸν
3560 2240 3712 2294 Θεόν.

2134 2328 2305 2382 Τοῦτο
2345 2329 2403 2381 δὲ
2430 2329 2611 2397 ἔλεγον
2635 2330 2833 2393 παντὸς
2868 2329 3060 2400 μώμου
3093 2330 3515 2400 κεκαθαρμένον
3551 2334 3580 2383 6
3605 2330 3713 2401 γὰρ

2133 2421 2521 2493 ὲσπιλωμένος,
2546 2442 2563 2475 ι
2606 2423 2994 2493 Ἀπόστρεψον,
3026 2424 3178 2494 φησὶ,
3207 2424 3268 2476 τὸ
3299 2424 3587 2495 πρόσωπόν
3620 2441 3713 2476 σου

2133 2514 2241 2565 ἀπὸ
2269 2513 2375 2565 τῶν
2408 2515 2692 2584 ἁμαρτιῶν
2733 2531 2856 2584 μου.
2886 2535 2905 2567 ι
2941 2547 2955 2560 ι

2209 2604 2318 2659 Τοῦ
2377 2605 2582 2658 αὐτοῦ.
2629 2606 2692 2658 Εἰ
2753 2605 2813 2658 τὸ
2868 2605 3156 2676 πρόσωπον
3200 2605 3308 2677 (90)
3342 2605 3433 2658 τοῦ
3489 2604 3621 2659 Θεοῦ
3665 2606 3713 2659 oi

2131 2695 2351 2765 ἄγγελοι
2394 2698 2650 2767 βλέπουσι
2704 2697 2793 2750 διά
2826 2698 3040 2761 παντὸς,
3082 2698 3308 2765 άγγελος
3364 2699 3472 2769 ἄρα
3526 2696 3711 2750 ἐπιθυ-

2134 2794 2228 2862 μετ
2259 2792 2509 2861 γενέσθαι
2553 2793 2582 2845 6
2628 2791 2790 2845 Δαυῒδ
2833 2792 2928 2844 καὶ
2959 2790 3175 2861 βλέπειν
3206 2790 3266 2842 τὸ
3300 2790 3588 2860 πρόσωπον
3620 2788 3711 2843 τοῦ

2130 2883 2285 2939 Θεοῦ.

2214 2977 2494 3047 Ἐγενήθη
2532 2979 2606 3033 τὰ
2644 2978 2877 3046 δάκρυά
2902 2995 3019 3047 μου
3060 2978 3209 3046 ἐμοὶ,
3248 2995 3297 3030 κΔ
3327 2995 3377 3032 τ.
3410 2979 3456 3031 ἑ.
3504 2971 3603 3031 Ὧν
3648 2977 3712 3030 τὸ

2127 3069 2341 3142 δάκρυα
2382 3071 2491 3140 (9i)
2524 3070 2707 3140 ἄρτος,
2745 3070 3004 3141 μακάριοι
3054 3071 3105 3122 οί
3147 3070 3424 3133 κλαίοντες
3464 3069 3579 3124 νῦν.
3608 3070 3711 3122 Te-

2130 3163 2275 3217 λείου
2327 3163 2443 3217 ἐστὶ
2470 3163 2532 3215 τὸ
2575 3163 2832 3217 δύνασθαι
2864 3162 3023 3216 τοῦτο
3068 3163 3263 3232 λέγειν·
3298 3163 3421 3215 ἐπεὶ
3457 3165 3485 3216 6
3516 3161 3710 3232 ἀτελὴς

2131 3255 2461 3327 ταράσσεται
2492 3256 2599 3309 ὑπὸ
2624 3254 2732 3307 τῶν
2766 3254 2983 3320 ἔξωθεν,
3012 3256 3104 3308 καὶ
3133 3252 3237 3319 ἔξω
3268 3255 3365 3326 τὴν
3388 3255 3580 3308 ἑαυτοῦ
3611 3255 3711 3323 qm.

2132 3348 2231 3420 χὴν
2270 3347 2402 3418 ἔχει,
2434 3350 2699 3419 ἀσχήμων
2728 3349 2822 3401 καὶ
2854 3348 3209 3419 ἐλεγχόμενος
3243 3348 3394 3419 παρά
3426 3350 3580 3411 πᾶσι,
3622 3346 3711 3400 διά

2131 3440 2238 3493 τῶν
2260 3439 2434 3508 λόγων
2464 3440 2792 3510 ἀπογυμνῶν
2820 3441 2919 3512 τὴν
2942 3441 3143 3511 ψυχήν.
3194 3441 3251 3493 '0
3280 3441 3336 3494 δὲ
3369 3439 3523 3508 ἅγιος
3557 3439 3710 3494 συνά-

2131 3548 2217 3599 γει
2239 3532 2348 3583 ἀπὸ
2362 3530 2469 3583 τῶν
2495 3532 2630 3602 πρὸς
2658 3531 2728 3584 τά
2747 3531 2851 3597 ἔξω
2873 3532 2969 3602 τὴν
2993 3532 3168 3603 ψυχὴν
3192 3531 3406 3586 ἑαυτοῦ.
3446 3533 3504 3584 '0
3524 3531 3580 3584 δὲ
3603 3530 3711 3584 ἀπὸ

2131 3620 2422 3684 διαθέσεως
2462 3621 2712 3692 δακρύων
2752 3622 2822 3674 τά
2868 3622 3080 3693 δάκρυα
3129 3621 3292 3674 αὑτοῦ
3336 3624 3501 3693 ἄρτου
3553 3621 3709 3690 δίκην

2130 3711 2488 3780 τραφήσεται·
2517 3711 2615 3763 οὐκ
2657 3712 2715 3764 ὲν
2757 3714 2871 3774 τοῖς
2907 3712 3174 3775 ἀνετικοῖς
3204 3713 3385 3782 μόνον,
3431 3713 3466 3765 ἃ
3498 3711 3709 3782 ἡμέραν

2132 3800 2302 3863 καλεῖ,
2334 3799 2468 3853 ἀλλά
2515 3803 2609 3855 καὶ
2651 3804 2709 3855 έν
2730 3806 2843 3865 τοῖς
2870 3807 3293 3875 περιστατικοῖς,
3327 3803 3363 3857 ὃ.
3392 3803 3559 3856 νύκτα
3590 3805 3708 3857 όνοι·
3804 3866 3807 3867 ν

2175 3895 2313 3948 άζει.

2175 3895 2209 3948 ά
2246 3913 2313 3947 ει.

2133 3912 2172 3963 μ
2208 3894 2316 4041 ξ’οῦ
2344 3988 2548 4041 αὐτοῦ.
2592 3989 3013 4059 Τροφιμώτατός
3053 3992 3169 4042 ἐστι
3204 3989 3315 4059 (92)
3360 3989 3634 4061 κλαυθμὸς
3678 3992 3706 4042 6

2127 4081 2340 4151 τρέφων
2373 4081 2468 4151 τὴν
2500 4081 2696 4153 ψυχήν.
2730 4082 3009 4152 Μακάριοι
3052 4085 3101 4136 οἱ
3153 4084 3431 4147 κλαίοντες
3463 4083 3577 4150 νῦν,
3623 4085 3706 4139 ὅτι
3815 4164 3819 4169 ἡ

2128 4170 2465 4237 γελάσονται.

2210 4264 2305 4315 Ἑν
2356 4262 2437 4328 τῷ
2487 4264 2772 4332 λέγεσθαί
2813 4284 2915 4335 μοι
2971 4270 3101 4322 καθ’
3138 4268 3404 4337 ἑκάστην
3456 4272 3702 4339 ἡμέραν·

2126 4355 2250 4407 Ποῦ
2281 4356 2453 4409 ἔστιν
2485 4359 2517 4408 ό
2551 4357 2694 4421 Θεός
2726 4371 2865 4428 σου;
2899 4376 2951 4411 κ.
3005 4378 3056 4414 τ.
3098 4362 3145 4413 ὲ.
3201 4362 3259 4413 '0
3291 4361 3424 4423 Θεὸς
3468 4362 3565 4431 μὲν
3595 4362 3705 4433 (9'5)

2126 4446 2201 4508 ὡς
2239 4447 2565 4520 δημιουργός
2599 4449 2747 4502 ἐστιν
2792 4453 2849 4505 ἐν
2883 4455 3016 4506 πᾶσι
3048 4457 3159 4517 τοῖς
3194 4454 3493 4521 γεγονόσιν·
3528 4454 3603 4516 ὡς
3648 4455 3705 4506 δὲ

452 4526 555 4580 bus
587 4526 794 4580 sanctis
839 4526 1219 4595 potestatibus.
1266 4525 1321 4580 Si
1361 4541 1491 4580 vero
1523 4526 1685 4579 etiam
1727 4526 2023 4580 secundum

2130 4539 2297 4609 ἁρετὴ
2331 4541 2423 4592 καὶ
2467 4543 2626 4610 σοφία
2677 4545 2734 4595 ὲν
2777 4546 2979 4606 πάσαις
3016 4547 3134 4605 ταῖς
3169 4544 3347 4612 ἀγίαις
3387 4544 3700 4613 δυνάμεσιν·

469 4626 788 4686 potestatem
827 4620 1122 4687 accipiatur
1151 4617 1325 4671 virtus
1354 4626 1408 4672 et
1436 4617 1727 4686 sapientia,
1751 4626 1835 4670 est
1862 4618 2025 4671 etiam

458 4706 511 4758 in
547 4707 877 4761 adversariis
921 4709 1319 4776 potestatibus;
1362 4708 1405 4763 si
1446 4723 1579 4762 vero
1614 4708 1886 4761 interdum
1919 4708 2027 4761 vir-

462 4805 598 4859 tute,
626 4797 898 4851 interdum
936 4807 1116 4851 autem
1153 4798 1415 4861 elllcacia,
1446 4798 1607 4852 etiam
1636 4797 1689 4851 in
1719 4798 2025 4853 hominibus

450 4896 533 4940 cst
572 4889 750 4940 Deus:
783 4886 1096 4958 angelorum
1139 4899 1223 4943 est
1270 4889 1416 4943 enim
1467 4903 1683 4958 semper
1727 4889 2024 4943 secundum

453 4978 618 5030 Deum
650 4982 898 5047 operari;
936 4980 1264 5044 dmmonum,
1294 4994 1599 5049 nunquam;
1636 4979 1912 5033 hominum
1937 4980 2023 5033 in-

454 5072 662 5124 terdum
687 5081 853 5137 recte,
883 5073 1152 5127 interdum
1186 5088 1289 5127 non
1316 5081 1463 5126 recte
1496 5071 1734 5141 operari.
1782 5069 2022 5124 Dicenti-

450 5164 552 5216 hus
595 5174 835 5230 autem,t
858 5163 957 5218 Ubi
995 5174 1082 5216 est
1125 5164 1309 5217 Deus?
1340 5182 1359 5215 ο
1388 5163 1591 5232 optime
1635 5162 1758 5231 quis
1792 5176 2021 5231 respon-

450 5256 591 5309 derit
623 5258 892 5325 :I’bique,
920 5267 1281 5326 praeterquam
1313 5257 1363 5309 in
1409 5265 1589 5310 vestra
1621 5254 1819 5307 anima.

509 5349 668 5403 Vitis.
687 5347 740 5402 5.
768 5348 1031 5413 Quoniam
1049 5348 1281 5402 transibo
1298 5347 1535 5417 in_locum
1549 5343 1894 5411 tabernaculi,
1909 5355 2016 5401 etc.

477 5480 525 5513 "
556 5482 711 5536 Joan.
742 5499 833 5545 vn,
868 5485 954 5538 37.
1033 5484 1077 5515 ⁸⁸
1102 5484 1246 5541 Psal.
1282 5503 1333 5551 L,
1366 5487 1451 5539 Η.

518 5599 629 5669 (89)
659 5605 813 5669 Πρὸς
834 5604 940 5657 τὸν
974 5608 1140 5667 Geor,
1166 5617 1273 5662 ctc.
1305 5607 1510 5662 Catena
1539 5605 1811 5660 Corderii.

518 5673 630 5740 (ξω)
655 5673 721 5740 Εἰ
755 5674 816 5724 to
854 5677 1194 5740 πρόσωπον,
1216 5689 1320 5731 etc.
1352 5681 1574 5734 Si-liedaa
1598 5674 1807 5733 Grabii.

519 5735 630 5807 (9|)
662 5735 770 5791 Ὧν
806 5745 873 5793 τὰ
891 5735 1146 5811 δάκρυα,
1175 5735 1277 5801 etc.
1306 5751 1505 5803 Catena
1532 5745 1797 5802 Curdcrii.

2130 4629 2176 4679 εἰ
2203 4628 2258 4680 δὲ
2288 4630 2380 4682 καὶ
2408 4631 2544 4684 κατὰ
2565 4632 2791 4703 δύναμιν
2819 4633 3146 4703 λαμϐάνοιτο
3171 4636 3201 4703 ἡ
3237 4633 3403 4703 ἀρετὴ
3433 4634 3527 4685 καὶ
3553 4635 3584 4701 ή
3623 4649 3704 4685 σου

2127 4718 2243 4787 φία,
2285 4723 2374 4774 καὶ
2411 4724 2468 4774 ἐν
2508 4728 2627 4787 ταῖς
2662 4726 3062 4793 ἀντικειμέναις
3102 4725 3412 4794 δυνάμεσιν·
3460 4724 3584 4777 εἰδὲ
3625 4724 3703 4796 πὴ

2128 4810 2227 4879 μὲν
2254 4812 2499 4882 δυνάμει,
2524 4816 2599 4886 πὴ
2632 4816 2687 4868 δὲ
2710 4817 2977 4887 ἐνεργείᾳ,
3008 4819 3101 4869 καὶ
3129 4820 3185 4870 ὲν
3218 4816 3527 4888 ἀνθρώποις
3556 4820 3703 4871 ἐστὶν

2122 4901 2151 4950 6
2184 4901 2337 4966 Θεός·
2359 4903 2419 4957 τὸ
2452 4905 2561 4976 γὰρ
2587 4905 2672 4958 ἀεὶ
2703 4907 2944 4974 ἐνεργεῖν
2967 4909 3103 4962 κατά
3131 4908 3261 4962 Θεὸν
3293 4909 3538 4978 ἀγγέλων
3561 4910 3698 4963 ἐστί·

2122 4988 2182 5041 τὸ
2209 4990 2264 5043 δὲ
2299 4993 2565 5062 μηδέποτε
2588 4996 2874 5065 δαιμόνων·
2903 4999 2964 5050 τὸ
2988 5003 3041 5056 δξ
3070 5000 3197 5052 ποτὲ
3229 5000 3325 5070 μὲν
3346 4999 3543 5063 καλῶς,
3571 5001 3702 5053 ποτὲ

2118 5076 2175 5129 δὲ
2204 5081 2302 5133 οὐκ
2333 5083 2527 5152 ὀρθῶς,
2563 5086 2862 5157 ἀνθρώπων
2950 5090 3082 5142 στίν.
3132 5090 3382 5157 Εὺλόγως
3421 5090 3478 5142 δέ
3507 5108 3591 5153 τις
3634 5090 3702 5143 ἂν

2119 5169 2473 5241 ἀποκρίναιτο
2499 5176 2579 5233 τὸ.
2627 5196 2643 5227 ι
2684 5177 2793 5230 Ποῦ
2820 5180 2967 5233 ἐστιν
2989 5182 3017 5231 6
3049 5180 3209 5244 Θεός;
3241 5195 3259 5229 ι
3285 5178 3389 5247 ὅτι,
3414 5180 3698 5250 Πανταχοῦ

2128 5260 2266 5331 πλὴν
2289 5263 2384 5332 τῆς
2408 5266 2677 5339 ὑμετέρας
2703 5268 2897 5339 ψυχῆς.

2200 5353 2318 5405 ’Ότι
2348 5354 2726 5426 διελεύσομαι
2766 5360 2836 5412 ἐν
2886 5362 3045 5424 τόπῳ
3080 5359 3336 5430 σκηνῆς,
3363 5380 3415 5415 κ.
3454 5379 3504 5416 τ.
3540 5364 3588 5416 ὲ.
3632 5362 3699 5415 ’11

2228 5607 2318 5675 92)
2356 5607 2792 5676 Τροφιμὼτατός
2809 5607 2961 5671 ἐστι,
2985 5616 3092 5662 etc.
3123 5605 3346 5665 Sclleda!
3363 5605 3568 5664 Grabii.

2192 5677 2305 5748 (95)
2349 5678 2403 5729 '0
2432 5679 2574 5744 Θεὸς
2592 5677 2729 5749 μέν,
2764 5688 2869 5733 etc.
2911 5678 3134 5734 Eadem.
