4110 6404
339 366 468 422 Ml?

1327 357 1638 416 SEIECTA
1677 358 1743 413 ΙΝ
1782 353 2119 412 PSALMOS.
2165 386 2231 394 -—-
2260 354 2452 411 PSAL.
2498 355 2631 412 XLI.

3479 356 3617 411 Μιὸ

337 482 436 551 μὲν
463 479 602 532 κατά
651 479 855 532 Μωσέα
905 476 1014 546 (94)
1058 477 1114 528 ὲν
1157 475 1349 546 Ἐξόδῳ
1402 477 1570 546 σκηνὴ
1620 474 1808 537 τύπος,
1852 467 1932 524 οἷ-

2044 469 2306 524 Existimo
2372 471 2776 525 tabernaculum
2842 469 3038 539 Moysis
3099 469 3149 520 in
3211 467 3396 522 Exodo
3458 470 3620 538 hujus

339 590 459 641 μαι,
501 573 703 641 ταύτης
736 567 821 642 ἦν·
867 571 895 622 6
934 571 1075 622 κατὰ
1110 569 1431 638 Σολομῶντα
1461 569 1586 631 ναὸς
1617 568 1785 630 τύπος
1829 567 1921 618 τοῦ

337 663 588 733 ἀληθινοῦ
619 664 768 716 οἴκου
798 662 890 715 τοῦ
919 662 1074 715 Θεοῦ.
1110 663 1251 724 Ὅτι,
1285 662 1470 732 φησὶν,
1504 661 1582 713 ἔτι
1610 659 1921 732 προκόπτω,

337 759 431 811 καὶ
465 756 616 810 οῦπω
639 754 840 818 τέλειός
877 756 1011 824 εἰμι.
1043 753 1320 824 Σύμϐολον
1355 753 1409 804 δὲ
1432 753 1529 822 τῆς
1566 751 1847 822 προκοπῆς
1893 753 1923 820 ἡ

340 847 537 916 σκηνὴ,
561 843 892 913 θαυμαστῶς
916 843 1071 914 φέρει
1090 843 1181 895 ἐπὶ
1204 843 1293 895 τὸν
1310 837 1454 894 οἷκον
1477 841 1636 893 αὐτοῦ
1658 841 1749 894 τοῦ
1768 838 1923 899 Θεοῦ,

335 939 587 992 τουτέστι
634 936 730 1007 τὴν
779 936 1113 1004 τελειότητα,
1159 934 1281 987 καθ’
1328 937 1392 1004 ἣν
1442 935 1579 986 οἰκεῖ
1611 934 1709 1003 μὲν
1743 931 1872 984 ἔνθα
1899 934 1926 983 6

336 1029 489 1092 Θεὸς.
537 1029 599 1081 υἱ
627 1029 682 1081 δὲ
706 1027 1093 1098 πνευματικῶς
1120 1026 1468 1098 ἑορτάζοντες
1509 1025 1732 1095 ἡχοῦσιν
1754 1024 1924 1091 ἀγαλ-

335 1119 592 1191 λιώμενοι
617 1122 710 1173 καὶ
747 1119 1248 1190 ἐξομολογούμενοι.
1281 1120 1346 1171 Ἦ
1379 1115 1535 1169 τοῦτό
1563 1133 1713 1186 φησι·
1753 1117 1929 1185 Παρε-

341 1210 622 1280 μυθούμην
671 1210 762 1262 ἐπὶ
794 1209 1071 1272 τοιαύταις
1116 1209 1352 1279 ἐμαυτὸν
1389 1207 1619 1271 ἐλπίσιν,
1657 1227 1673 1256 ι
1705 1208 1824 1259 Ἵνα
1854 1206 1926 1269 τί,

339 1302 536 1370 λέγων,
574 1302 871 1373 περίλυπος
905 1299 974 1368 εἴ,
1004 1306 1035 1374 ἡ
1061 1302 1205 1372 ψυχή
1242 1319 1376 1371 μους
1408 1321 1424 1351 ι
1451 1299 1800 1371 Προσεδόκων
1822 1298 1930 1368 γὰρ

337 1397 414 1458 ὼς
467 1394 764 1460 διαδέξεταί
799 1414 865 1468 με
900 1398 960 1450 τὸ
1015 1398 1285 1467 μακάριον
1327 1396 1499 1458 τέλος,
1557 1395 1589 1464 ἡ
1641 1393 1930 1464 θαυμαστὴ

341 1489 514 1560 σκηνὴ
552 1489 643 1542 τοῦ
679 1490 835 1554 Θεοῦ,
873 1491 968 1544 καὶ
1001 1493 1029 1543 ὁ
1062 1491 1329 1544 ἐνδοτάτω
1361 1484 1508 1551 οἶκος
1539 1486 1725 1549 αὑτοῦ,
1757 1488 1836 1549 είς
1875 1487 1932 1539 ὃν

337 1577 387 1628 οἱ
418 1576 561 1644 ἅγιοι
586 1577 689 1629 ὑπὸ
712 1577 1017 1646 ἀγγελικῶν
1051 1579 1332 1649 δυνάμεων
1359 1577 1639 1647 αίρόμενοι
1673 1576 1934 1646 εἰσαχθῆ-

341 1685 543 1721 σονται.
568 1671 630 1721 Εἰ
653 1669 709 1721 δὲ
747 1689 763 1719 ι
796 1670 938 1740 χαρὰ
971 1670 1177 1740 γίνεται
1219 1672 1275 1722 ἐν
1302 1672 1414 1733 τοῖς
1444 1670 1695 1740 οὐρανοῖς
1734 1669 1827 1721 ἐπὶ
1851 1668 1934 1720 ἑνὶ

338 1757 649 1828 ἀμαρτωλῴ
695 1759 1064 1829 μετανοοῦντι,
1110 1780 1127 1810 ι
1172 1759 1287 1822 πῶς
1325 1761 1425 1812 οὐκ
1471 1759 1719 1822 εἰκότως,
1755 1758 1934 1829 ψυχῆς

343 1846 481 1914 μετὰ
516 1847 824 1916 γυμνασίαν
849 1850 928 1911 εἰς
956 1848 1024 1901 τὰ
1055 1849 1184 1917 ἅγια
1214 1848 1281 1900 τὰ
1303 1848 1602 1920 ἐπουράνια
1636 1847 1930 1919 εἰσαγομέ-

339 1952 456 2005 νης,
495 1936 675 2007 φωνὴν
711 1936 954 2007 εῦφημον
979 1938 1228 2005 γίνεσθαι
1263 1938 1500 2008 πλήθους
1535 1938 1934 2009 πανηγυριζόν-

339 2046 446 2081 των
477 2029 566 2082 ἐπὶ
595 2032 660 2101 τῇ
689 2029 780 2082 τοῦ
815 2029 1124 2100 σωζομένου
1159 2031 1432 2103 σωτηρίας
1476 2031 1562 2095 Ὠς
1588 2032 1674 2084 ἐπ’
1711 2030 1934 2102 ἀληθέσι

339 2122 396 2174 δὲ
413 2121 621 2186 τούτοις
648 2124 974 2196 εὐχαριστεῖ.
1018 2143 1036 2175 ι
1072 2126 1188 2178 Ἵνα
1225 2126 1274 2178 τί
1311 2125 1644 2196 περίλυπος;
1683 2144 1700 2175 ι
1736 2123 1834 2178 καὶ
1867 2125 1935 2178 τὰ

344 2211 491 2282 ἑξῆς.
516 2215 891 2285 Λυπουμένοις
928 2210 1020 2268 οὖν
1047 2215 1255 2280 ἑαυτοῖς
1297 2215 1470 2280 οὕτως
1513 2215 1936 2286 έπιπλήττωμεν

343 2303 441 2356 καὶ
488 2307 1031 2378 συνταρασσομένοις.
1071 2309 1200 2360 Ὅτε
1241 2309 1507 2379 σωτήριον
1543 2310 1570 2361 6
1611 2307 1744 2371 Θεὸς
1780 2306 1937 2378 ἡμῶν

343 2392 436 2445 τοῦ
469 2396 760 2466 προσώπου
784 2398 938 2468 ἡμῶν
969 2400 1138 2461 ἐστιν,
1179 2418 1196 2449 ι
1235 2398 1742 2470 ἀνακεκαλυμμένῳ
1773 2415 1940 2470 προσ-

346 2485 479 2558 ώπῳ
518 2487 615 2559 τὴν
647 2489 806 2555 δόξαν
833 2489 1040 2559 Κυρίου
1091 2491 1602 2563 κατοπτριζόμενοι,
1638 2491 1734 2563 τὴν
1768 2491 1939 2562 αὐτὴν

347 2579 528 2632 εἰκόνα
562 2582 1082 2652 μεταμορφούμεθα.
1129 2601 1147 2633 ι

414 2673 518 2726 Διὰ
544 2674 720 2728 τοῦτο
753 2675 1182 2745 ιινησθήσομαί
1211 2691 1326 2730 σου
1351 2676 1420 2730 ἐκ
1454 2676 1568 2745 γῆς
1623 2674 1939 2744 Ἰορδάνου,

347 2762 444 2816 καὶ
473 2763 808 2833 Ἐρμωνιεὶμ
839 2765 953 2818 ἀπὸ
975 2765 1150 2833 ὅρους
1161 2767 1402 2836 μικροῦ,
1427 2785 1479 2820 κ.
1503 2784 1552 2819 τ.
1571 2767 1617 2820 ὲ.
1649 2764 1942 2837 Ἰορδάνης,

346 2854 648 2919 κατάϐασις
683 2856 813 2927 (95)·
847 2857 1208 2929 Ἐρμωνιεὶμ,
1237 2857 1696 2930 ἀναθεματισμός.
1727 2859 1946 2914 Ἔοικεν

346 2947 636 3016 ἀσχάλλειν
667 2949 762 3002 καὶ
804 2949 1094 3002 ὀδυνᾶσθαι
1139 2951 1268 3020 παρ’
1294 2950 1492 3020 ἑαυτῷ,
1525 2949 1944 3022 ἀναμιμνησκό-

348 3054 512 3108 μενος
540 3036 632 3090 τοῦ
655 3037 746 3088 ἐπὶ
765 3037 859 3088 τοῦ
903 3037 1076 3108 Ἰησοῦ
1102 3037 1195 3090 τοῦ
1231 3038 1391 3108 Ναυῆ
1425 3039 1710 3106 γεγονότος
1739 3039 1947 3111 θαύμα-

2031 571 2212 628 typum
2270 560 2468 626 fuisse;
2528 561 2784 630 templum
2831 576 2960 614 vero
3015 560 3327 614 Salomonis
3391 560 3618 630 ﬁguram

2034 652 2201 707 fuisse
2224 669 2364 706 vera:
2389 656 2580 707 domus
2598 654 2712 708 Dei.
2739 653 3032 719 Quoniam,
3062 653 3256 722 inquit,
3287 653 3464 707 adhuc
3491 669 3618 720 prn-

2033 746 2175 807 ﬁcio,
2203 755 2257 800 et
2283 745 2518 800 nondum
2539 745 2814 814 perfectus
2845 761 2982 799 sum.
3004 744 3136 799 Cum
3159 754 3339 798 autem
3362 743 3616 798 taberna-

2031 835 2209 888 culum
2231 846 2370 891 esset
2386 837 2686 906 symbolum
2706 836 3008 906 profectus,
3026 835 3421 890 admirabiliter
3447 837 3616 890 tendit

2038 930 2103 979 ad
2153 930 2372 982 domum
2428 929 2545 994 Dei,
2581 931 2632 983 itl
2677 938 2759 984 est
2791 930 3180 998 perfectionem
3204 972 3218 994 ,
3254 929 3306 983 in
3342 945 3442 998 qua
3481 930 3621 983 Deus

2035 1019 2254 1073 habitat
2294 1036 2357 1074 ac
2402 1033 2797 1077 commoratur.
2845 1023 3014 1078 Porro
3059 1023 3149 1091 qtti
3191 1021 3506 1090 Spiritaliter
3537 1024 3619 1075 l'e-

2041 1125 2187 1165 stum
2227 1113 2531 1179 celebrant,
2560 1113 2929 1169 vociferantur
2972 1114 3314 1169 exsultantes
3359 1125 3412 1168 et
3448 1114 3622 1168 confi-

2037 1216 2230 1258 tentes.
2274 1205 2365 1260 Vel
2397 1207 2499 1261 hoc
2524 1208 2638 1261 ait:
2672 1203 3050 1277 Memetipsum
3075 1208 3379 1270 iStiusmoui
3423 1208 3624 1276 spebus

2036 1296 2378 1361 consolabar,
2409 1297 2595 1351 dicens
2622 1315 2635 1350 :
2662 1318 2678 1348 ι
2706 1300 2887 1364 Quare
2919 1299 3086 1352 tristis
3112 1314 3190 1364 es,
3215 1300 3392 1351 anima
3425 1299 3576 1353 mea?
3602 1319 3618 1350 ι

2039 1386 2356 1456 Exspectavi
2379 1390 2522 1441 enim
2547 1400 2708 1442 utnte
2744 1390 2982 1459 excipiat
3004 1391 3192 1445 beatus
3220 1392 3363 1458 finis,
3394 1392 3628 1446 admira-

2038 1478 2146 1533 bile
2204 1478 2616 1534 tabernaculum
2654 1481 2771 1546 Dei,
2803 1491 2858 1536 et
2898 1482 3124 1538 interior
3153 1485 3346 1539 domus
3373 1484 3510 1553 ejus,
3571 1487 3624 1539 in

2039 1585 2203 1638 quam
2240 1571 2414 1626 sancti
2449 1571 2516 1626 ab
2547 1573 2807 1642 angelicis
2833 1574 3125 1629 virtutibus
3153 1575 3349 1630 clevati
3383 1576 3628 1630 introdu—

2049 1671 2263 1716 ccntttr.
2304 1661 2458 1729 Quod
2493 1665 2538 1718 si
2573 1679 2702 1718 vero
2740 1684 2756 1715 ι
2789 1666 3045 1735 gaudium
3099 1668 3172 1720 sit
3222 1668 3275 1720 in
3305 1668 3442 1723 caelo
3466 1685 3630 1736 super

2041 1769 2150 1806 uno
2168 1764 2454 1822 peccatore
2479 1757 2855 1822 paenitentiam
2883 1766 3079 1824 agente
3099 1759 3165 1827 “7;
3188 1779 3205 1809 ι
3240 1775 3339 1814 cur
3374 1775 3480 1814 non
3516 1777 3628 1813 me-

2040 1844 2164 1910 rito,
2193 1846 2319 1899 dum
2347 1855 2468 1913 post
2505 1846 2706 1900 luctam
2738 1848 2919 1902 anima
2960 1848 3012 1901 in
3043 1859 3228 1902 sancta
3263 1849 3349 1902 illa
3384 1849 3628 1904 ccelestia

2037 1934 2417 2001 introducitur,
2440 1953 2539 1992 vox
2567 1936 2657 1990 fiat
2683 1939 3006 1994 exsultantis
3034 1949 3086 1994 et
3108 1940 3302 1994 festum
3335 1941 3625 1994 celebran-

2040 2029 2108 2082 tis
2139 2027 2524 2092 multitudinis,
2549 2038 2770 2099 propter
2799 2031 3032 2087 salutem
3060 2031 3179 2099 ejus
3215 2033 3307 2101 qui
3351 2032 3629 2087 salvator?

2037 2119 2142 2174 Pro
2173 2120 2255 2174 bis
2287 2120 2471 2188 igitur,
2494 2131 2551 2175 ut
2584 2124 2729 2176 veris
2761 2123 2940 2187 bonis,
2977 2125 3182 2193 gratias
3216 2126 3347 2192 agit.
3383 2144 3402 2176 ‹
3447 2125 3629 2192 Quare

2041 2207 2211 2261 tristis
2239 2208 2336 2262 es?
2359 2228 2376 2260 ι
2403 2224 2514 2263 etc.
2535 2209 2625 2265 Sic
2645 2213 2811 2281 igitur
2830 2205 3406 2282 nosmetipsos-tristes
3428 2225 3479 2268 et
3500 2232 3632 2270 con-

2043 2301 2290 2354 turbatos
2317 2283 2678 2369 increpemus.
2717 2303 2983 2369 Quoniam
3009 2304 3148 2358 Deus
3169 2315 3352 2359 noster
3386 2317 3466 2360 est
3495 2307 3632 2361 salu-

2043 2401 2157 2446 tare
2190 2392 2367 2446 vultus
2397 2394 2590 2460 nostri,
2628 2396 2846 2465 quando
2883 2413 2901 2446 ι
2943 2396 3183 2450 revelata
3232 2397 3370 2452 facie
3400 2398 3630 2468 gloriam

2043 2481 2644 2552 Dominispecnlantes,
2673 2487 2726 2541 in
2756 2488 3002 2544 eamdem
3038 2490 3329 2560 imaginem
3367 2494 3632 2548 transfor-

2045 2589 2258 2627 mamur
2288 2574 2353 2627 ⁸⁸.
2390 2593 2409 2626 ι

2117 2663 2283 2720 Vsus.
2317 2667 2368 2719 7.
2408 2665 2696 2738 Propterea
2721 2688 2919 2727 memor
2948 2689 3037 2727 cro
3062 2674 3141 2728 tui
3180 2675 3244 2729 de
3272 2686 3414 2730 terra
3437 2677 3637 2732 Jurda-

2046 2757 2125 2810 nis
2155 2768 2201 2810 et
2234 2757 2566 2814 [let-monii»:
2615 2779 2647 2814 α
2681 2771 2857 2817 monte
2907 2764 3152 2831 modico,
3197 2776 3304 2821 etc.
3341 2768 3636 2838 Jordanis,

2046 2847 2379 2916 descensus;
2415 2851 2780 2918 Ilertnoniim,
2823 2856 3136 2910 anathema.
3187 2858 3320 2912 Dum
3356 2861 3406 2912 in
3437 2878 3640 2914 memo-

2048 2938 2183 2992 riam
2235 2953 2457 2996 revocnt
2497 2942 2820 2997 miraculum
2876 2945 3019 3014 quod
3066 2947 3165 3001 sub
3202 2947 3328 3002 Jesu
3371 2949 3516 3003 Nave
3553 2951 3638 3004 fa-

2049 3041 2198 3087 ctum
2228 3043 2312 3087 est
2337 3034 2389 3086 in
2423 3031 2679 3101 Jordane,
2716 3037 2939 3105 quando
2977 3038 3150 3093 divisa
3183 3050 3267 3095 est
3293 3057 3435 3110 aqua
3463 3045 3639 3100 donec

345 3146 436 3192 τος
483 3130 540 3181 ὲν
589 3127 666 3199 τῷ
711 3127 972 3198 Ἰορδάνῃ,
1014 3129 1102 3180 ὅτε
1155 3128 1380 3200 διῃρέθη
1415 3129 1474 3183 τὺ
1510 3129 1655 3202 ὕδωρ
1687 3132 1846 3204 ἄχρις
1883 3126 1941 3188 οῦ

2052 3123 2276 3178 ﬂuvium
2315 3126 2623 3181 transiisset
2665 3127 2918 3196 populus,
2957 3138 3010 3183 et
3049 3129 3178 3184 illud
3212 3135 3354 3201 quod
3400 3135 3468 3187 ad
3514 3151 3636 3205 pro-

347 3222 527 3292 διῆλθε
584 3222 676 3274 τὸν
715 3221 956 3291 ποταμὸν
987 3221 1016 3273 6
1043 3220 1193 3284 λαός·
1225 3222 1322 3275 καὶ
1360 3220 1452 3274 τοῦ
1492 3221 1635 3276 κατὰ
1674 3223 1735 3276 τὸ
1769 3242 1943 3297 παρα-

347 3313 600 3383 κείμενον
629 3310 964 3382 βραχύτατον
999 3310 1145 3382 ὅρος,
1174 3311 1256 3363 ὅτι
1291 3309 1366 3382 μὴ
1390 3311 1490 3381 τῆς
1527 3312 1698 3383 αὐτῆς
1736 3313 1831 3367 καὶ
1853 3310 1940 3370 οῦ-

347 3422 441 3468 τος
490 3405 747 3474 τυγχάνει
795 3403 1050 3475 προνοίας
1104 3404 1294 3468 ὁποίας
1338 3407 1612 3470 κάκεῖνος.
1675 3407 1828 3478 Τάχα
1883 3410 1941 3464 δὲ

350 3499 443 3551 καὶ
479 3497 734 3567 ἡθοποιία
762 3497 843 3561 τίς
869 3499 985 3550 ἐστι
1010 3497 1108 3568 τῆς
1137 3489 1487 3568 ψυχῆςπρὺς
1508 3498 1671 3552 αὑτὸν
1701 3499 1944 3571 διαλεγο-

353 3590 542 3660 μένης.

433 3683 684 3753 Ἡμέρας
721 3681 1046 3736 ἐντελεῖται
1099 3683 1317 3751 Κύριος
1349 3683 1412 3737 τὸ
1443 3683 1640 3752 ἕλεος,
1687 3686 1783 3740 καὶ
1833 3704 1940 3740 νυ-

349 3775 491 3842 κτὸς
523 3776 806 3844 δηλώσει,
838 3795 890 3830 κ.
921 3795 972 3830 τ.
1006 3778 1052 3829 ἐ.
1101 3776 1375 3846 Ῥαψάκου
1416 3776 1524 3849 (96)
1558 3779 1686 3832 ποτὲ
1722 3779 1942 3852 πολιορ-

353 3868 576 3930 κοῦντος
607 3868 707 3935 τὴν
746 3868 1123 3939 Ἰερουσαλὴμ,
1159 3870 1252 3922 καὶ
1298 3869 1388 3922 τὸν
1436 3869 1545 3922 τῶν
1586 3870 1723 3923 ὅλων
1755 3871 1830 3934 ὼς
1866 3872 1940 3943 μὴ

351 3959 646 4030 δυνάμενον
700 3959 899 4021 αὐτοὺς
952 3959 1124 4012 σῶσαι
1164 3959 1612 4030 βλασφημοῦντος
1653 3961 1805 4026 Θεὸν,
1844 3963 1942 4033 μιᾷ

354 4052 534 4122 πληγῇ
588 4054 644 4104 ὲν
674 4052 830 4104 νυκτὶ
876 4058 992 4123 ρπε⁹
1027 4053 1262 4122 χιλιάδες
1302 4052 1647 4125 ἀνῃρέθησαν
1680 4054 1790 4106 τῶν
1845 4055 1942 4108 σὺν

355 4140 504 4211 αὐτῷ
537 4141 705 4194 ὅντων
748 4141 1069 4211 Ἀσσυρίων.
1102 4140 1209 4194 Τοῦ
1243 4141 1379 4194 Θεοῦ
1413 4143 1588 4195 τοίνυν
1613 4145 1678 4213 τῇ
1713 4143 1818 4213 πρὸ
1847 4161 1940 4197 νυ·-

358 4231 482 4294 κτδς
517 4231 698 4302 ἡμέρα
727 4230 803 4302 τῷ
847 4231 1065 4303 Ἐζεκίᾳ
1094 4233 1514 4303 προειρηκότος·
1545 4253 1561 4283 ι
1588 4233 1942 4304 ’Υπερασπιῶ

355 4322 454 4392 τῆς
485 4320 692 4385 πόλεως
723 4322 926 4392 ταύτης
956 4321 1023 4374 δι’
1057 4322 1157 4392 ἐμὲ
1189 4325 1282 4377 καὶ
1326 4323 1412 4377 διὰ
1457 4323 1618 4376 Δαυῒδ
1654 4325 1743 4378 τὸν
1779 4324 1943 4380 παῖδά

359 4427 490 4484 μου·
532 4431 550 4464 ι
574 4412 660 4466 διὰ
690 4412 751 4465 τὸ
785 4415 842 4466 ἐν
871 4413 1053 4487 ἡμέρα
1092 4415 1190 4485 μὲν
1222 4415 1473 4484 γενέσθαι
1501 4416 1602 4487 τὴν
1628 4417 1939 4486 ὑπόσχεσιν,

2051 3217 2256 3270 xitnum
2291 3226 2531 3271 montem
2571 3218 2827 3289 contigit,
2859 3219 3081 3274 videtur
3113 3224 3340 3278 tristitia
3368 3235 3422 3279 ct
3448 3227 3639 3282 dolore

2049 3307 2208 3376 allici,
2250 3310 2393 3379 quod
2434 3309 2535 3380 ipsi
2569 3325 2672 3364 non
2716 3312 2906 3368 eadem
2941 3329 3060 3383 qua:
3099 3315 3175 3370 illi
3211 3318 3408 3387 popu!o
3447 3321 3635 3376 obtin-

2049 3409 2139 3470 gat
2187 3403 2550 3470 providentia.
2593 3403 2869 3460 Fortassis
2914 3409 3080 3465 etiam
3121 3411 3368 3481 quatdant
3426 3428 3637 3469 morum

2050 3492 2458 3565 atl'ectuumque
2497 3499 2780 3567 expressio
2807 3510 2888 3556 est
2928 3503 3125 3559 anima:
3162 3519 3286 3558 cum
3331 3505 3450 3574 ipso
3473 3507 3644 3565 collo-

2049 3587 2284 3656 quentis.

2122 3677 2282 3749 705
2301 3677 2461 3735 Vens.
2483 3682 2534 3738 8.
2556 3683 2622 3738 In
2659 3685 2744 3740 die
2774 3686 3044 3740 mandabit
3065 3686 3324 3744 Dominus
3343 3693 3643 3748 misericor-

2049 3770 2219 3836 diam,
2239 3781 2288 3825 et
2308 3783 2456 3827 nocte
2479 3775 2862 3844 manifestabit,
2882 3789 2988 3834 etc.
3009 3777 3254 3836 Rabsace
3270 3783 3396 3837 olim
3418 3783 3644 3840 Jerusa-

2052 3863 2155 3917 lem
2186 3864 2488 3931 obsidente,
2521 3877 2574 3922 et
2603 3869 2983 3925 universorum
3011 3870 3178 3926 Deum
3203 3877 3358 3943 quasi
3395 3877 3513 3932 illos
3541 3881 3645 3933 sal-

2048 3967 2178 4008 vare
2205 3969 2309 4008 non
2328 3964 2510 4024 posset
2542 3957 2973 4026 blasphemante,
3009 3977 3115 4018 una
3132 3963 3282 4032 plaga
3300 3973 3458 4018 noctu
3481 3966 3645 4020 inter-

2044 4046 2228 4104 ierunt
2262 4053 2480 4100 centum
2541 4050 2817 4118 octoginta
2842 4051 3082 4121 quinque
3109 4055 3272 4108 millia
3297 4059 3641 4127 Assyriorum

2049 4136 2139 4200 qui
2163 4151 2286 4189 cum
2309 4137 2422 4205 ipso
2451 4140 2774 4194 erant.Cmn
2810 4143 2977 4212 igitur
2999 4145 3085 4199 die
3112 4161 3232 4214 quae
3256 4158 3467 4202 noctem
3504 4151 3644 4204 hanc

2048 4227 2345 4295 prmeessit,
2369 4228 2505 4282 Deus
2542 4229 2784 4284 Ezechiae
2818 4233 3158 4301 praedixisset
3196 4235 3242 4267 ⁸⁵
3277 4256 3330 4290 ;‹
3359 4239 3641 4310 l’rotegam

2051 4317 2242 4371 urbem
2276 4319 2416 4375 hanc
2461 4331 2684 4391 propter
2713 4338 2826 4390 me,
2854 4334 2908 4378 et
2946 4337 3169 4396 propter
3212 4328 3379 4384 David
3424 4347 3641 4386 servum

2050 4424 2264 4476 meum,
2304 4431 2321 4464 ι
2352 4413 2474 4482 quia
2514 4413 2567 4468 in
2592 4415 2676 4469 die
2705 4417 2992 4483 promissio
3043 4417 3182 4472 facta
3232 4430 3336 4485 est,
3375 4432 3429 4475 et
3481 4433 3640 4478 noctu

360 4505 418 4558 ὲν
454 4505 608 4558 νυκτὶ
635 4505 691 4557 δὲ
719 4505 780 4558 τὸ
809 4505 992 4576 ἔργον,
1038 4509 1171 4578 φησὶ
1207 4507 1288 4573 τὸ,
1319 4528 1336 4558 ι
1373 4508 1615 4580 Ἡμέρας
1652 4510 1941 4564 ἐντελεῖται

2050 4504 2362 4574 adimpleta,
2395 4506 2510 4558 ait:
2557 4523 2575 4558 ι
2615 4504 2672 4558 In
2702 4507 2788 4562 die
2837 4509 3116 4564 mandabit
3162 4510 3443 4580 Dominus,
3482 4532 3500 4565 ι
3533 4525 3640 4570 etc.

359 4599 585 4672 Κύριος,
618 4620 637 4654 ι
695 4603 789 4655 καὶ
826 4602 894 4654 τὰ
935 4602 1079 4672 ἑξῆς.
1129 4603 1201 4654 Τὸ
1227 4601 1304 4664 δὲ,
1351 4620 1368 4652 ι
1403 4602 1687 4674 Προσευχὴ
1719 4601 1796 4672 τῷ
1825 4602 1945 4673 Θεῷ

359 4689 460 4760 τῆς
489 4690 634 4762 ζωῆς
665 4710 764 4762 μου
787 4732 800 4755 ,
830 4711 847 4743 ι
897 4693 980 4746 ὅτι
1023 4692 1194 4757 οὕτως
1241 4693 1391 4746 οὐδὲν
1429 4694 1742 4766 εὑρίσκεται
1784 4697 1946 4767 μέσον

359 4780 454 4832 τοῦ
483 4799 542 4834 τε
568 4783 660 4835 σοῦ
692 4785 1110 4857 προστάγματος
1141 4785 1235 4839 καὶ
1267 4786 1366 4857 τῆς
1398 4787 1536 4858 ἐμῆς
1561 4787 1944 4852 ἀπολαύσεως·

360 4872 476 4926 ἀλλ’
516 4873 699 4937 εὐθὺς,
732 4880 917 4947 φησὶν,
950 4879 1261 4950 εὑρίσκεται
1289 4881 1345 4932 ὲν
1374 4879 1496 4949 ἐμοὶ
1524 4879 1844 4951 εὐχαριστία
1870 4881 1949 4952 τῷ

362 4964 481 5036 Θεῷ
521 4965 951 5040 ἀναπεμπομένη
990 4970 1068 5040 τῷ
1099 4970 1194 5041 τὴν
1234 4971 1379 5040 ζωήν
1431 4987 1522 5040 μοι
1570 4973 1944 5044 χαρισαμένῳ.

364 5056 474 5109 Καὶ
501 5057 714 5121 νυκτὸς,
745 5061 900 5130 φησὶ,
936 5061 1028 5114 καὶ
1055 5063 1268 5134 ἡμέρας
1299 5062 1453 5134 παρὰ
1483 5063 1576 5116 σοῦ
1608 5065 1948 5136 χορηγούμε-

365 5162 454 5198 νον
480 5148 570 5202 τὸν
611 5149 759 5204 ἔλεον
785 5153 1164 5224 ἐπισταμένως
1193 5155 1303 5226 ᾄδω
1336 5157 1431 5208 καὶ
1455 5157 1629 5226 ὑμνῶ.

443 5239 556 5291 Τοῦ
603 5242 812 5298 αὑτοῦ.
857 5243 937 5296 Τὰ
989 5244 1089 5314 μὲν
1145 5245 1332 5314 ἀγαθὰ
1373 5246 1484 5318 (97)
1531 5245 1624 5300 τοῦ
1667 5245 1953 5318 μέλλοντος

365 5329 562 5395 αἰῶνος
591 5326 728 5386 εἶναι
768 5335 1035 5399 διδάσκει,
1069 5333 1259 5389 τοῦτον
1306 5355 1323 5388 ι
1349 5337 1563 5406 ἡμέραν
1587 5356 1606 5388 ι
1643 5336 1842 5400 καλῶν,
1873 5339 1954 5402 είς

428 5463 474 5497 ⁸⁷
502 5463 637 5521 Luc.
663 5483 733 5521 xv
786 5469 839 5525 7.
917 5467 962 5501 ⁸⁸
989 5467 1006 5522 Ι
1036 5467 1165 5525 Cor.
1201 5484 1284 5532 ιιι,
1316 5467 1399 5522 18.

2054 4596 2146 4651 Ait
2170 4607 2348 4651 autem
2380 4614 2392 4649 :
2425 4615 2444 4649 ι
2477 4597 2667 4654 Oratio
2703 4599 2814 4655 Deo
2848 4601 2971 4655 vitae
3006 4617 3157 4669 meat,
3202 4621 3220 4654 ι
3252 4607 3507 4674 quoniam
3542 4608 3646 4664 hoc

2056 4689 2217 4744 modo
2249 4690 2381 4745 nihil
2409 4691 2644 4747 medium
2672 4691 2944 4746 invenitur
2975 4696 3115 4749 inter
3142 4705 3472 4766 praeceptum
3497 4711 3644 4754 tuum

2057 4787 2111 4833 et
2158 4794 2334 4834 meam
2395 4783 2867 4851 tranquillitatem,
2896 4785 2990 4840 sed
3027 4788 3232 4851 statim,
3266 4788 3462 4857 inquit,
3491 4789 3645 4843 inve-

2059 4871 2206 4926 nitur
2231 4872 2284 4926 in
2325 4888 2413 4928 me
2463 4876 2762 4944 gratiarum
2801 4878 2944 4931 actio
2975 4877 3085 4932 Deo
3126 4880 3252 4934 vita:
3281 4895 3433 4937 mete.
3467 4881 3533 4935 Et
3559 4881 3646 4937 die

2061 4977 2124 5018 ac
2149 4973 2332 5030 nocte,
2351 4965 2548 5035 inquit,
2574 4982 2890 5023 concessam
2920 4983 2948 5022 a
2981 4977 3033 5024 te
3062 4971 3489 5027 misericordiam
3511 4973 3648 5028 scite

2061 5071 2200 5112 cauo
2229 5068 2284 5113 et
2320 5058 2560 5116 celebro.

2134 5243 2411 5314 Ejusdem.
2444 5246 2588 5302 Bona
2632 5246 2798 5303 futuri
2845 5247 3026 5304 saeculi
3063 5260 3186 5304 esse
3222 5250 3402 5314 docet,
3427 5249 3553 5302 dum
3583 5249 3648 5303 il-

2063 5335 2154 5393 lud
2189 5355 2208 5390 ι
2253 5337 2395 5396 diem
2435 5358 2454 5393 ι
2501 5349 2684 5411 vocat,
2717 5342 2771 5397 in
2811 5357 2941 5413 quo,
2975 5341 3173 5413 inquit,
3216 5340 3360 5398 Dcus
3393 5343 3646 5413 promisit

1475 5468 1520 5500 ⁸⁸
1563 5468 1624 5522 ιγ
1663 5467 1793 5537 Reg.
1822 5484 1935 5534 nx,
1966 5467 2056 5527 ⁸54.

443 5584 566 5656 (θι)
609 5582 991 5656 ammte
1051 5584 1291 5656 Μωσέα,
1333 5593 1440 5642 etc.
1489 5586 1717 5656 (Iaﬁtenag
1767 5586 2041 5643 Corderii.

444 5654 558 5721 (95)
607 5654 902 5722 Ἰορδάνης
950 5655 1278 5722 κατάϐασις
1307 5697 1322 5720 ,
1373 5666 1482 5711 etc.
1541 5654 1772 5711 Scltcda:
1835 5656 2048 5714 Grabii.

440 5725 552 5794 (96)
598 5724 926 5793 Ῥαψάκου,
951 5737 1056 5780 etc.
1095 5727 1327 5780 Eandem.

441 5795 556 5869 (97‘)
596 5794 671 5851 Τὰ
690 5795 808 5865 μὲν
837 5795 1049 5866 ἀγαθά,
1084 5805 1190 5851 etc.
1237 5797 1444 5854 Catena
1478 5795 1751 5853 Gorderii.

689 5890 963 5953 ΡΑτιιοι..
997 5891 1114 5954 Gn.
1153 5890 1294 5954 Xll.
3263 5885 3339 5948 ῑιὸ
