4110 6438
524 313 572 365 ’⁷1
596 312 687 367 419

1959 314 2048 367 Ex
2087 316 2391 371 'JllleNL

3665 336 3793 391 “ﬁll

547 431 976 486 misericordiam
1018 444 1172 483 suam
1207 430 1273 483 ad
1321 429 1588 497 laetitiam,
1629 432 1882 500 quoniam
1916 447 2020 488 nox
2059 450 2068 484 ι

2171 453 2185 491 ι
2215 432 2272 485 ὂν
2298 434 2652 505 ἐπήγγελται,
2682 437 2867 509 φησὶν,
2889 442 2917 494 ὁ
2944 440 3075 508 Θεὸς
3099 444 3188 499 τὸν
3220 440 3369 500 ἔλεον
3399 444 3567 502 αὐτοῦ
3604 449 3685 514 είς
3711 454 3792 507 εὑ-

547 524 780 576 teuehrae
809 533 933 575 sunt
975 521 1391 576 communicatio
1427 535 1548 576 cum
1597 523 1704 577 Deo
1743 538 1840 592 per
1865 524 2113 593 hymnos,

545 624 598 669 et
629 616 902 669 contentio
937 630 1032 681 per
1061 627 1266 683 preces.

620 705 777 760 Vens.
821 706 906 759 10.
943 706 1125 759 Dicam
1168 704 1275 758 Deo
1301 721 1318 759 :
1344 702 1626 774 Susceptor
1657 721 1800 759 meus
1827 722 1901 759 es.
1937 706 2113 770 Quare

538 799 729 850 oblitus
772 814 825 851 es
862 799 1011 851 mei?
1047 798 1114 851 Et
1165 815 1331 867 quare
1368 800 1715 851 contristatae
1757 800 1939 852 incedo
1983 799 2109 851 dum

532 887 709 956 amigit
734 902 814 940 me
839 887 1078 940 inimicus
1104 889 1129 942 Σ)
1155 897 1261 942 etc.
1281 886 1394 941 Non
1422 890 1550 956 petit
1574 900 1629 940 ut
1657 888 1725 941 ab
1749 887 1982 941 inimicis
2002 902 2106 941 non

533 978 820 1046 umigatur,
840 980 934 1031 sed
971 992 1037 1030 ne
1084 978 1373 1033 tribulatus
1418 981 1786 1034 contristetur.
1824 976 1935 1031 llnc
1962 978 2105 1031 enim

522 1069 780 1137 tongruit
827 1069 1067 1131 athletae,
1104 1054 1399 1135 quietiam
1445 1071 1495 1123 itt
1527 1071 1685 1125 rebus
1725 1069 1970 1124 adversis
2000 1069 2102 1124 sibi

522 1167 843 1235 t-ontplacet.
878 1169 932 1221 In
978 1167 1220 1235 sequenti
1255 1180 1435 1222 autem
1487 1167 1695 1235 psalmo
1738 1182 1863 1221 cuin
1895 1181 2102 1236 prtepo-

522 1270 604 1312 u;t
629 1256 1004 1323 illud,tQuare
1042 1275 1130 1313 me
1160 1259 1398 1329 repulisti
1425 1258 1448 1311 ?
1471 1278 1489 1310 ι
1524 1259 1609 1311 his
1644 1258 1890 1312 verbisu
1924 1257 2102 1323 Quare

525 1350 703 1403 tristis
745 1351 981 1404 incedo?
1015 1368 1035 1402 ι
1089 1350 1303 1403 videtur
1330 1350 1594 1411 indicare,
1629 1347 1770 1401 illius
1811 1345 1901 1415 qui
1931 1362 1959 1399 a
1992 1345 2100 1401 Deo

525 1441 794 1509 repulsam
820 1456 1015 1509 passus
1043 1450 1145 1503 est,
1179 1439 1456 1509 proprium
1487 1452 1606 1492 csse
1641 1452 1742 1489 nou
1779 1436 1848 1489 ab
1880 1434 2099 1487 inimico

525 1532 794 1596 tribulari,
823 1536 915 1587 sed
943 1534 995 1585 in
1036 1530 1325 1585 aﬂlictione
1357 1529 1689 1584 contristari.
1734 1526 2025 1588 Caeterum,
2049 1525 2095 1579 si

519 1624 773 1678 Christus
811 1624 864 1677 in
909 1624 1155 1692 sequenti
1190 1623 1397 1692 psalmo
1421 1622 1520 1675 ista
1550 1619 1703 1683 dixit,
1736 1619 1918 1689 utique
1943 1618 2093 1671 simi-

2220 523 2516 595 φροσύνην,
2543 526 2625 578 ὅτι
2652 528 2747 593 νὺξ
2774 531 2867 583 καὶ
2898 533 3088 598 σκότος
3123 536 3157 605 ή
3192 534 3260 589 δι’
3288 537 3472 609 ὓμνων
3502 538 3637 611 πρὸς
3670 541 3790 598 Θεὸν

2215 613 2420 684 ὁμιλία,
2451 617 2544 669 καὶ
2567 619 2599 689 ἡ
2623 618 2689 671 δι’
2719 620 2890 690 εὐχῶν
2923 623 3205 690 ἀπότασις.

2287 705 2427 774 Ἐρῶ
2457 704 2534 772 τῷ
2569 709 2717 774 Θεῷ·
2756 711 3150 783 ’Λντιλήπτωρ
3172 735 3293 785 μου
3336 714 3424 786 εἴ,
3464 720 3563 774 διὰ
3592 723 3650 775 τί
3677 741 3785 793 μου

2210 796 2543 864 ἐπελάθου;
2577 801 2639 855 Τί
2665 803 2765 855 ἵνα
2793 804 3233 873 σκυθρωπάζων
3265 813 3591 882 πορεύομαι
3613 814 3683 867 ἐν
3716 815 3787 880 τῷ

2210 884 2508 975 ἐκθλίϐειν
2543 891 2651 943 τὸν
2683 889 2903 960 ἐχθρόν
2931 910 3079 963 μους
3120 914 3173 952 κ.
3207 915 3257 953 τ.
3296 901 3341 952 ἑ.
3379 902 3453 954 Οὐ
3485 902 3548 955 τὸ
3579 903 3653 975 μὴ
3682 904 3778 956 θλί-

2210 974 2520 1050 6εσθαι(98)
2537 979 2676 1046 ἁξιοί
2690 980 2792 1034 ὑπὸ
2811 981 3174 1055 ἑχθροῦ,ἀλλὰ
3205 986 3516 1059 θλιϐόμενος
3554 990 3630 1062 μὴ
3644 974 3647 975 ⁷
3662 1008 3775 1045 σκυ-

2208 1066 2537 1138 θρωπάζειν.
2566 1071 2734 1125 Τοῦτο
2762 1074 2871 1145 γὰρ
2902 1075 3107 1148 ἀθλητῇ
3134 1077 3583 1153 εὐαρεστουμένῳ
3612 1083 3704 1136 καὶ
3726 1085 3782 1135 ἐν

2204 1163 2319 1224 τοῖς
2366 1167 2768 1233 περιστατικοῖς
2805 1166 3055 1238 ἁρμόζει.
3094 1169 3182 1222 Ἐν
3219 1170 3275 1223 δὲ
3313 1171 3390 1243 τῷ
3429 1173 3556 1245 ἑξῆς
3585 1174 3779 1246 ψαλμῷ

2205 1250 2529 1319 προτάσσων
2544 1251 2625 1314 τὸ,
2654 1273 2671 1304 ι
2686 1254 2801 1307 Ἵνα
2826 1256 2878 1308 τί
2903 1255 3108 1310 ἀπώσω
3131 1274 3198 1329 με
3222 1275 3235 1325 ;
3257 1279 3275 1311 ›
3296 1260 3560 1319 τοῦ,ι”1να
3575 1263 3627 1317 τί
3650 1281 3778 1317 σκυ-

2202 1338 2504 1413 θρωπάζων
2536 1343 2869 1417 πορεύομαι;
2897 1365 2915 1398 ι
2969 1348 3143 1403 ἔοικεν
3175 1351 3480 1422 ἑμφαίνειν,
3517 1354 3598 1408 ὅτι
3627 1356 3774 1409 ἀπω-

2202 1431 2419 1496 σθέντος
2449 1433 2557 1489 ἀπὸ
2596 1434 2731 1489 Θεοῦ
2766 1435 2896 1489 ἴδιον
2927 1439 2987 1491 οὐ
3024 1438 3086 1492 τὸ
3116 1440 3207 1492 ὑπ’
3240 1442 3433 1514 ἐχθροῦ
3478 1443 3769 1510 θλίϐεσθαι,

2197 1523 2333 1579 ἀλλά
2365 1525 2428 1579 τὸ
2458 1526 2872 1599 σκυθρωπάζειν
2901 1533 2960 1585 ἑν
2986 1531 3064 1603 τῷ
3098 1531 3390 1589 θλίϐεσθαι.
3430 1537 3492 1591 El
3527 1537 3769 1609 μέντοιγε

2193 1614 2426 1688 Χριστὸς
2460 1617 2610 1686 λέγοι
2652 1620 2714 1672 τὸ
2749 1622 2805 1675 ἑν
2852 1622 2931 1694 τῷ
2984 1624 3111 1696 ἑξῆς
3160 1625 3392 1700 ψαλμῷ,
3423 1629 3583 1699 ὅμοια
3626 1617 3771 1703 αὐτῷ

518 1718 585 1768 lia
622 1717 673 1768 iu
698 1715 888 1785 spiritu
920 1716 1057 1769 dixit
1094 1715 1146 1769 in
1181 1714 1293 1767 haec
1322 1715 1485 1766 verba
1521 1729 1533 1765 :
1573 1729 1591 1763 ι
1626 1711 1703 1765 Tu
1732 1727 1858 1764 vero
1893 1710 2068 1779 repuliv

2194 1706 2340 1778 λέγει
2374 1710 2431 1763 ἑν
2462 1710 2730 1782 πνεύματι
2759 1712 2932 1778 οὕτως
2954 1733 2969 1747 ο
3004 1737 3020 1768 ι
3046 1718 3118 1771 Σὺ
3153 1719 3210 1772 δὲ
3250 1718 3455 1774 ἀπώσω
3496 1722 3586 1776 καὶ
3619 1721 3769 1790 ἑξους

513 1808 607 1869 sti,
640 1817 694 1861 et
739 1807 1070 1875 dcspexisti,
1113 1805 1370 1862 distuliSti
1405 1805 1680 1859 Christum
1733 1812 1905 1858 tuum.
1955 1820 1975 1853 ι
2022 1800 2063 1855 Ε

2194 1771 2451 1865 δένωσας,
2488 1771 2751 1855 ἀνεδάλου
2791 1804 2881 1857 τὸν
2908 1771 3143 1878 Ξζριστόν
3176 1826 3291 1867 σου.

517 1900 686 1953 tristis
714 1898 911 1953 incedit
953 1899 1135 1953 dicens
1164 1915 1177 1954 :
1201 1917 1219 1949 ι
1254 1897 1451 1952 Tristis
1479 1905 1562 1951 est
1591 1896 1765 1949 anima
1792 1910 1963 1948 mea.»
1993 1892 2087 1947 Vel

508 1988 929 2042 sulnlubitanter
973 1988 1223 2043 Christus
1252 1988 1406 2050 dicit,
1445 1986 1599 2055 quasi
1639 1986 1909 2054 quidpiam
1940 1982 2085 2051 ejus-

508 2081 651 2133 modi
684 2080 829 2133 dicat
867 2095 879 2130 :
924 2079 1063 2146 Quid
1096 2078 1316 2148 dignum
1357 2092 1535 2147 opera:
1585 2077 1797 2145 agitur,
1830 2091 1952 2129 cum
1988 2089 2086 2145 ego

508 2170 779 2238 repulsam
832 2186 1028 2239 passus
1069 2186 1166 2240 pro
1205 2170 1383 2225 Sui:th
1435 2170 1735 2234 hominum,
1766 2174 1871 2221 ate
1917 2167 2084 2222 tristis

511 2259 721 2324 incedo,
750 2258 1019 2330 alil‘gente
1043 2274 1126 2314 me
1155 2258 1370 2313 inimico
1415 2257 1439 2311 ?

581 2348 740 2405 Vens.
770 2350 854 2405 11.
889 2350 1029 2403 Dum
1056 2351 1236 2403 dicunt
1264 2349 1391 2402 mihi
1416 2364 1510 2418 per
1536 2347 1771 2418 singulos
1802 2347 1911 2400 dies
1943 2361 1959 2399 :
1984 2341 2082 2399 Ubi

503 2454 576 2498 est
617 2441 753 2496 Deus
795 2452 914 2497 tuus
941 2442 964 2495 ?
988 2442 1146 2497 Forte
1185 2455 1432 2495 sanctum
1486 2441 1702 2495 tristitia
1734 2437 1901 2491 allicit
1950 2437 2077 2492 illud

507 2552 525 2584 ι
567 2535 655 2588 ubi
703 2553 722 2586 ι
757 2535 822 2595 de
872 2536 982 2589 Deo
1033 2535 1235 2588 dictum
1268 2549 1282 2587 :
1317 2533 1457 2602 quod
1498 2532 1673 2586 locum
1719 2531 1942 2586 indicat.
1973 2529 2078 2583 Ex.

505 2636 690 2679 trenne
720 2636 898 2680 autem
934 2625 1163 2681 inscitia:
1187 2636 1269 2681 est
1304 2626 1469 2679 Deum
1499 2625 1552 2678 in
1578 2623 1697 2679 loco
1730 2637 1849 2678 esse
1878 2620 2072 2676 existi—

501 2732 669 2770 mare.
696 2716 827 2772 Nam
862 2721 1099 2788 pondere
1127 2718 1373 2775 subsistit
1397 2718 1576 2782 locus;
1607 2715 1862 2788 ponderis
1893 2723 2071 2770 autent

494 2824 688 2877 expers
714 2819 794 2865 est
831 2811 993 2865 Dens.

911 2997 1075 3070 706
1122 2993 1444 3050 PSALMUS
1482 2992 1644 3048 xui.

559 3092 721 3147 νικας.
744 3092 791 3146 1.
812 3091 1007 3145 Judicu
1033 3106 1134 3152 me,
1161 3087 1639 3151 Deus,erdiscerne
1661 3102 1875 3141 causam
1899 3102 2064 3141 meam

482 3187 546 3238 de
592 3193 741 3254 gente
792 3200 892 3235 non
945 3189 1151 3236 sancta.
1178 3191 1283 3232 etc.
1319 3176 1572 3232 Christus
1614 3175 1780 3232 etiam
1825 3175 2061 3247 iudicari

482 3277 721 3344 postulat
749 3296 775 3328 ιι
810 3276 938 3338 Deo,
972 3277 1037 3325 ad
1064 3286 1225 3340 quem
1265 3282 1395 3339 puto
1425 3269 1632 3323 dictum
1666 3268 1795 3323 illud
1823 3286 1837 3322 :
1871 3286 1890 3319 ι
1929 3268 2059 3324 Vitt-

481 3352 574 3421 t‘cs
619 3384 740 3421 cum
770 3366 1056 3436 judiraris.
1094 3384 1112 3416 ι
1151 3361 1199 3415 ls
1234 3362 1322 3432 qui
1355 3360 1459 3415 sibi
1499 3361 1637 3414 bene
1664 3359 1917 3416 conscius
1954 3368 2056 3425 est,

479 3471 531 3511 ut
559 3469 742 3512 certus
772 3474 829 3511 se
870 3456 1117 3523 iniuriam
1158 3470 1372 3525 passum
1407 3454 1698 3507 vindictam
1729 3451 1950 3506 minime
1978 3450 2055 3503 iu-

479 3552 686 3611 tulisse,
728 3550 818 3602 sed
860 3549 1073 3601 dedisse
1114 3547 1288 3601 locum
1320 3544 1435 3608 iraa,
1467 3545 1581 3599 haec
1607 3544 1788 3599 dicere
1814 3543 2010 3613 poterit
2039 3559 2052 3596 :

482 3654 501 3685 ι
540 3637 610 3689 De
633 3645 791 3705 gente
824 3650 927 3687 non
961 3645 1172 3693 sancta.
1210 3652 1228 3685 ι
1260 3645 1365 3688 etc.
1398 3633 1550 3700 Quod
1590 3632 1633 3688 si
1667 3632 1917 3687 Salvator
1956 3632 2056 3688 hoc

477 3731 629 3792 dicit,
665 3743 799 3797 gens
835 3742 938 3782 non
979 3739 1165 3781 sancta
1196 3738 1320 3782 Sunt
1364 3724 1531 3781 Judaei
1560 3745 1575 3794 ;
1609 3727 1653 3781 si
1687 3742 1817 3781 vero
1863 3727 1944 3781 vir
1966 3726 2053 3797 ju-
2116 3770 2123 3777 .

473 3836 611 3881 stus.
637 3827 702 3876 de
724 3824 1050 3877 adversariis
1075 3824 1432 3892 potestatibus
1460 3824 1510 3876 id
1542 3824 1694 3879 dicit.
1716 3822 1938 3878 Liberat
1957 3838 2053 3876 au-

471 3923 579 3968 tem
619 3915 755 3968 Deus
781 3929 809 3966 a
842 3913 954 3967 \‘iro
1000 3914 1182 3982 iniquo
1226 3923 1279 3967 et
1313 3914 1520 3978 doloso,
1550 3914 1764 3983 quando
1797 3913 1919 3982 quis
1943 3928 2047 3967 non

470 4006 681 4058 heditur
713 4005 781 4057 ab
807 4006 905 4058 eis.
932 4005 1061 4059 lllud
1084 4045 1098 4067 ,
1139 4023 1157 4055 α
1177 4005 1258 4059 Ab
1288 4005 1505 4059 homine
1549 4005 1736 4074 iniquo
1767 4014 1818 4058 et
1859 4003 2047 4059 (IUlOSO

464 4110 598 4147 erue
624 4110 730 4153 nte,
766 4114 783 4144 )
829 4095 1028 4148 dicitur
1074 4095 1142 4148 de
1178 4095 1420 4162 quolibet
1456 4095 1795 4150 adulterante
1824 4095 2044 4151 verbum

467 4185 584 4250 Dei,
610 4197 662 4238 et
690 4187 806 4240 viro
836 4186 1019 4254 iniquo
1050 4188 1140 4256 qui
1177 4186 1334 4241 (idem
1365 4187 1603 4242 simulat.

541 4276 696 4331 Vens.
739 4277 792 4331 5.
839 4275 1031 4330 Emitte
1075 4278 1237 4331 lucem
1285 4288 1429 4331 tuam
1461 4291 1507 4332 et
1537 4280 1805 4333 veritatem
1851 4291 1992 4333 tuum
2018 4299 2038 4332 :

2198 1890 2382 1955 πάζων
2413 1893 2703 1965 πορεύεται
2742 1894 2948 1964 λέγων·
2987 1919 3006 1950 ι
3039 1901 3343 1970 Περίλυπός
3381 1904 3526 1957 ἐστιν
3555 1906 3589 1975 ἡ
3625 1904 3770 1977 ψυχή

2197 2000 2319 2054 μου.
2360 2004 2376 2033 ι
2426 1986 2495 2038 Ἢ
2545 1987 2968 2062 ἑπαπορητικῶς
2996 1993 3228 2063 Χριστὸς
3256 1994 3427 2062 λέγει,
3472 1996 3636 2050 οἱονεὶ
3662 2014 3766 2050 τοι·

2192 2072 2345 2127 οὖτον
2404 2076 2715 2147 ἐμφαίνων·
2752 2079 2817 2131 Τί
2857 2079 3079 2135 ἀνύεται
3108 2081 3257 2148 ἀξιον
3287 2082 3382 2136 τοῦ
3403 2123 3418 2148 ,
3448 2085 3770 2139 ἀπωσθέντα

2195 2181 2260 2235 με
2286 2165 2425 2238 ὑπὲρ
2458 2168 2729 2240 σωτηρίας
2755 2169 3086 2242 ἀνθρώπων,
3140 2171 3249 2225 ἀπὸ
3295 2172 3391 2226 σοῦ
3441 2173 3768 2248 σκυθρωπά-

2185 2257 2345 2321 ζοντα
2372 2259 2717 2331 πορεύεσθαι,
2754 2260 3092 2326 ἑκθλίΰοντος
3122 2262 3350 2335 ἑχθροῦ;

2239 2347 2342 2399 Ἐν
2367 2347 2447 2413 τῷ
2472 2348 2672 2419 λέγειν
2694 2352 2917 2418 αὐτούς
2941 2369 3044 2421 μοι
3072 2353 3201 2407 καθ’
3226 2352 3492 2423 ἑκάστην
3513 2355 3760 2426 ἡμέραν·

2182 2437 2308 2492 Ποῦ
2339 2438 2511 2494 ἐστιν
2543 2444 2577 2496 ό
2606 2443 2751 2509 Θεός
2781 2457 3007 2507 σου;κ.
3029 2461 3080 2497 τ.
3113 2445 3159 2498 ὲ.
3180 2444 3332 2516 Τάχα
3351 2445 3441 2499 τὸν
3470 2446 3622 2516 ἆγιον
3652 2447 3765 2520 (99)

2180 2527 2340 2584 λυπεῖ
2388 2532 2487 2597 τὸ,
2530 2551 2550 2584 t
2577 2533 2709 2600 ποῦ,
2736 2552 2755 2585 ι
2795 2535 2888 2588 ἐπὶ
2925 2534 3059 2589 Θεοῦ
3100 2535 3423 2608 λεγόμενον,
3456 2539 3594 2611 ὅπερ
3644 2541 3763 2594 ἐστὶ

2178 2622 2345 2676 τόπου
2380 2625 2732 2695 σημαντικόν.
2780 2624 2902 2697 ’Τῆς
2953 2628 3190 2702 ἐσχάτης
3242 2631 3300 2685 δὲ
3337 2632 3559 2702 ἀγνοίας
3593 2635 3655 2688 τὸ
3700 2638 3764 2690 ἑν

2178 2713 2329 2783 τόπῳ
2356 2714 2592 2785 νομίζειν
2621 2712 2761 2771 εἶναι
2807 2718 2897 2772 τὸν
2928 2719 3080 2773 Θεόν·
3113 2722 3262 2793 ὄγκῳ
3294 2723 3403 2796 γὰρ
3433 2726 3775 2797 συνυφίστα-¹

2180 2819 2271 2857 ται
2295 2804 2476 2870 τόπος·
2505 2806 2669 2875 ὄγκου
2693 2808 2751 2862 δὲ
2787 2810 2848 2863 τὸ
2873 2809 3025 2865 Θεϊον
3058 2812 3358 2885 ἐλεύθερον.

2738 2993 3032 3050 ΨΑΛΜΟΣ
3066 2997 3202 3053 MB'.

2236 3080 2457 3153 Κρῖνόν
2480 3100 2578 3154 με,
2612 3087 2645 3139 ό
2675 3086 2841 3153 Θεὸς,
2862 3087 2963 3141 καὶ
3000 3088 3259 3144 δίκασον
3285 3090 3401 3160 τὴν
3424 3090 3605 3162 δίκην
3630 3114 3757 3165 μου

2163 3172 2233 3237 ἐξ
2267 3174 2483 3240 ἔθνους
2534 3177 2648 3245 οὐχ
2691 3178 2902 3243 ὁσίου,
2934 3196 2990 3235 κ.
3024 3197 3074 3234 τ.
3106 3182 3152 3234 ἑ.
3186 3182 3295 3236 Καὶ
3337 3186 3365 3237 ό
3406 3185 3643 3256 Χριστὸς
3675 3188 3755 3256 (Ι)

2163 3263 2413 3336 κριθῆναι
2460 3264 2601 3332 ἀξιοῖ
2627 3267 2734 3320 ἀπὸ
2777 3267 2949 3321 Θεοῦ·
3007 3271 3145 3342 πρὸς
3194 3272 3254 3325 ὃν
3285 3268 3435 3345 οἶμαι
3471 3275 3554 3338 τὸ,
3593 3296 3611 3327 ι
3651 3278 3754 3330 Νιο

2162 3355 2351 3425 κήσεις
2382 3355 2440 3409 ὲν
2488 3356 2565 3427 τῷ
2613 3358 2898 3430 κρίνεσθαί
2932 3376 3013 3415 σε.
3043 3380 3060 3412 ι
3104 3362 3162 3416 '0
3190 3363 3276 3433 ἐφ’
3312 3365 3488 3437 ἑαυτῷ
3532 3367 3753 3439 θαρρῶν

2160 3446 2254 3499 καὶ
2284 3447 2651 3517 πεπεισμένος
2679 3449 3010 3521 ἠδικημένος
3065 3453 3337 3522 μηδέποτε
3385 3456 3576 3509 ἑαυτὸν
3607 3459 3753 3512 ἐκδι-

2160 3538 2412 3609 κηκέναι,
2449 3539 2586 3593 ἀλλά
2621 3541 2785 3595 τόπον
2813 3544 2879 3613 τῇ
2908 3543 3048 3614 ὀργῇ
3082 3545 3400 3609 δεδωκέναι,
3421 3547 3593 3602 ταῦτα
3611 3551 3747 3620 ἑρεί·

2163 3649 2181 3681 ι
2225 3627 2317 3694 Ἐξ
2347 3629 2535 3693 ἔθνους
2567 3632 2663 3701 οὐχ
2687 3632 2857 3697 ὁσίου,
2900 3653 2918 3684 ι
2957 3635 3053 3687 καὶ
3079 3635 3145 3688 τὰ
3174 3635 3321 3708 ἑξῆς.
3350 3639 3412 3691 Εἰ
3444 3640 3542 3709 μὲν
3570 3642 3599 3693 ὀ
3629 3642 3748 3693 Σω-

2154 3723 2258 3796 τὴρ
2296 3724 2464 3793 λέγει,
2490 3725 2640 3790 ἔθνος
2668 3727 2767 3797 οὐχ
2796 3728 2941 3782 ὅσιον
2997 3729 3259 3783 Ἰουδαῖοι·
3290 3726 3339 3785 εί
3369 3733 3424 3785 δὲ
3450 3736 3480 3787 ὁ
3510 3734 3743 3799 δίκαιος,

2156 3816 2283 3887 περὶ
2311 3817 2701 3887 ἀντικειμένων
2730 3817 2877 3887 λέγει
2898 3819 3201 3889 δυνάμεων.
3240 3821 3456 3878 Ῥύεται
3480 3824 3537 3878 δὲ
3557 3829 3586 3880 ό
3609 3827 3745 3892 Θεὸς

2153 3908 2261 3962 ἀπὸ
2289 3908 2482 3980 ἀνδρὸς
2525 3908 2708 3962 ἀδίκου
2744 3910 2838 3964 καὶ
2872 3909 3066 3975 δολίου,
3105 3912 3194 3965 ὅτε
3224 3913 3287 3967 οὐ
3325 3913 3620 3984 βλάπτεταί
3654 3935 3741 3983 τις

2150 3999 2243 4053 ὑπ’
2279 3997 2477 4052 αὐτῶν.
2510 3998 2604 4062 Τὸ,
2651 4017 2668 4049 ι
2713 3999 2845 4052 Ἀπὸ
2883 3999 3171 4071 ἀνθρώπου
3210 4001 3397 4054 ἀδίκου
3439 4004 3535 4057 καὶ⁵
3563 4004 3739 4059 δολίου

2151 4089 2311 4162 ῥῦσαί
2345 4107 2434 4160 με,
2463 4109 2479 4140 ι
2519 4089 2649 4159 περὶ
2710 4089 2943 4144 ἑκάστου
2995 4090 3273 4155 δολοῦντος
3315 4092 3406 4146 τὸν
3438 4093 3597 4163 λόγον
3639 4095 3739 4149 τοῦ

2148 4181 2307 4246 Θεοῦ,
2349 4182 2440 4235 καὶ
2480 4181 2664 4235 ἀδίκου
2696 4181 3160 4253 προσποιουμένου
3189 4183 3258 4237 τὰ
3283 4184 3383 4254 τῆς
3417 4184 3673 4249 πίστεως.

2231 4274 2700 4339 Ἐξαπιτστειλον
2749 4274 2814 4327 τὸ
2857 4272 2983 4342 φῶς
3011 4288 3129 4328 σου
3161 4274 3260 4329 καὶ
3301 4274 3418 4345 τὴν
3443 4275 3740 4344 ἀλήθειάν·

462 4368 575 4432 ipsa
604 4385 681 4422 me
702 4370 1031 4422 deduxerunt
1056 4380 1101 4422 et
1123 4370 1457 4424 adduxerunt
1477 4375 1528 4423 in
1552 4384 1774 4424 moment
1801 4383 2040 4425 sanciunt

2171 4383 2283 4420 νου·
2320 4364 2473 4420 αὐτά
2502 4381 2579 4434 με
2616 4364 2944 4435 ὼὸήγησαν
2971 4366 3067 4419 καὶ
3093 4365 3326 4437 ἤταγόν
3362 4384 3440 4438 με
3471 4371 3559 4434 εὶς
3593 4367 3736 4436 ὄρος

463 4469 610 4511 tuum
657 4470 704 4512 et
756 4461 809 4511 in
846 4459 1185 4513 tabernacula
1235 4472 1347 4525 tun,
1410 4470 1515 4517 etc.
1551 4480 1568 4512 ι
1609 4462 1720 4532 Ego
1774 4479 1892 4515 sum
1945 4463 2030 4516 lux

2171 4459 2313 4528 ῐγιόν
2355 4472 2505 4522 σου,
2558 4458 2656 4512 καὶ
2701 4459 2793 4524 εἰς
2813 4458 2886 4513 τὰ
2922 4457 3285 4530 σκηνώματά
3322 4476 3460 4525 σου,
3503 4477 3557 4515 κ.
3589 4477 3639 4514 τ.
3678 4463 3729 4516 ἑ.

463 4550 669 4613 utendi,
712 4568 729 4601 ›
763 4550 937 4618 inquit
961 4550 1209 4606 Salmtor
1245 4550 1311 4606 ”.
1346 4551 1410 4605 Et
1433 4567 1671 4614 rursum,
1714 4569 1733 4603 ι
1776 4553 1884 4621 ligo
1914 4567 2031 4606 sum

460 4641 679 4695 veritas.
708 4660 727 4693 ι
750 4639 861 4695 lloc
884 4640 1002 4694 loco
1026 4641 1373 4712 Septuaginta
1405 4641 1727 4711 interpretes
1752 4653 2033 4697 mutarunt

2146 4569 2163 4599 ι
2201 4547 2342 4617 Ἐγώ
2380 4549 2494 4618 εἰμι
2523 4547 2583 4601 τὸ
2617 4547 2733 4617 φῶς
2761 4547 2837 4619 (2)
2858 4546 2952 4601 τοῦ
2979 4547 3242 4618 κόσμου,›
3265 4549 3430 4619 φησὶν
3454 4548 3483 4600 ὁ
3506 4549 3728 4618 Σωτήρ·

2141 4642 2236 4695 καὶ
2308 4640 2692 4710 πάλιν·‹Ἐγὼ
2738 4642 2853 4711 εἰμι
2896 4642 2927 4710 ἡ
2980 4640 3227 4711 ἀλήθεια.
3257 4660 3275 4692 ι
3320 4639 3582 4693 Ἐνταῦθα
3630 4640 3727 4693 τὸν

2139 4733 2329 4803 χρόνον
2369 4730 2661 4803 ἑνήλλαξαν
2694 4733 2742 4784 οἱ
2785 4730 3186 4801 Ἑϐδομήκοντα
3208 4771 3222 4796 ,
3256 4732 3349 4785 καὶ
3389 4730 3465 4795 ὡς
3493 4747 3729 4801 γεγενη.

2141 4823 2279 4895 μένα
2312 4824 2570 4895 εἰρήκασι
2607 4824 2676 4877 τὰ
2708 4822 2961 4893 ἐσόμενα.
2997 4825 3059 4877 Οἱ
3099 4823 3156 4877 δὲ
3190 4823 3340 4879 ἄλλοι
3388 4824 3731 4897 σαφέστερον

2135 4915 2454 4985 εἰρήκασιν·
2494 4932 2513 4965 ι
2549 4913 2892 4968 Ἀπόστειλον
2936 4913 2999 4967 τὸ
3044 4915 3161 4986 φῶς
3205 4934 3298 4971 σου
3336 4917 3433 4972 καὶ
3463 4917 3562 4988 τὴν
3590 4918 3723 4984 ἀλή-

2135 5004 2288 5057 θειάν
2325 5020 2440 5067 σου,
2467 5004 2627 5059 ἆτινα
2663 5005 2921 5078 ὁδηγήσει
2951 5006 3046 5059 καὶ
3083 5006 3200 5072 ἄξει
3222 5010 3373 5080 ἡμᾶς
3400 5011 3480 5072 είς
3507 5009 3569 5062 τὸ
3595 5010 3725 5081 ὅρος

2129 5094 2192 5148 τὸ
2223 5094 2378 5163 ἅγιόν
2408 5111 2501 5148 σου
2522 5097 2616 5148 καὶ
2640 5098 2721 5160 είς
2742 5098 2812 5150 τά
2842 5099 3177 5172 σκηνώματά
3201 5090 3348 5155 σου.»
3378 5100 3721 5172 Σκηνώματα

2131 5189 2187 5242 δὲ
2219 5188 2311 5241 τὸν
2340 5188 2467 5242 ναὸν
2493 5189 2935 5262 προσηγόρευσεν
2955 5209 2966 5221 ·
3008 5193 3135 5263 ὅρος
3157 5190 3213 5245 δὲ
3235 5191 3385 5261 λέγει
3422 5191 3520 5264 τὴν
3554 5191 3716 5256 Σιὼν,

2128 5285 2208 5348 εἰς
2250 5283 2279 5337 ὃ
2326 5282 2639 5337 ἐπανελθεῖν
2692 5284 2835 5349 ἀξιοῖ
2875 5283 3023 5350 θείας
3057 5284 3234 5355 τυχὼν
3261 5286 3362 5356 τῆς
3402 5281 3714 5354 εὐμενείας.

461 4742 672 4803 tempus
701 4743 755 4788 et
794 4742 1053 4803 tauquam
1085 4734 1224 4790 facta
1251 4735 1509 4789 dixerunt
1533 4735 1734 4788 futura.
1766 4734 1869 4788 Alii
1902 4750 2030 4791 vero

457 4827 699 4896 apertius
721 4826 971 4881 dixerunt
998 4843 1042 4880 ει
1066 4826 1258 4882 Emitte
1281 4828 1453 4882 lucem
1483 4839 1630 4881 tuam
1661 4836 1715 4882 et
1749 4829 2028 4884 veritatem

457 4928 760 4988 tuam,qua:
783 4933 881 4974 nos
900 4920 1239 4976 adducentet
1267 4920 1537 4975 deducent
1564 4921 1614 4973 in
1644 4931 1878 4975 montem
1906 4936 2029 4975 san-

452 5020 596 5063 ctum
612 5019 760 5064 tuum
777 5023 833 5067 et
856 5012 907 5065 in
929 5012 1274 5067 tabernacula
1297 5022 1436 5066 tua.»
1458 5010 1827 5066 'l'abernacula
1847 5024 2026 5067 autem

454 5100 707 5169 templum
733 5103 967 5165 vocavit,
1002 5112 1237 5155 montem
1279 5115 1408 5155 vero
1435 5102 1564 5155 dicit
1594 5101 1746 5168 Sion,
1775 5105 1837 5156 ad
1866 5120 2024 5171 quem

448 5190 705 5244 accedere
742 5189 978 5259 postulat
1028 5190 1223 5243 divina:
1288 5204 1510 5259 compos
1560 5190 1773 5246 ltetitiae.
1825 5189 2022 5244 Lucem

443 5294 499 5335 et
548 5281 1087 5349 veritatetn,justum
1112 5292 1163 5335 et
1182 5280 1474 5335 salutarem
1532 5283 1823 5336 adventum
1871 5283 2021 5345 dicit,

513 5437 561 5471 ”
587 5436 745 5493 Joan.
768 5451 889 5504 vm,
925 5437 1016 5496 12.
1090 5440 1134 5471 ⁹¹
1178 5440 1308 5495 ibid.
1343 5456 1453 5507 xw,
1485 5440 1538 5497 6.

2198 5601 2218 5675 (
2227 5601 2274 5675 l_)
2289 5603 2397 5675 Kay
2422 5603 2457 5675 ό
2469 5602 2745 5675 Χριστός,
2772 5608 2879 5675 et_e.
2900 5595 3371 5675 Catenancorderii
3384 5605 3436 5675 et
3457 5591 3630 5675 Barba
3641 5593 3715 5675 ri.

2201 5663 2276 5740 (‘2)
2323 5668 2471 5739 Ἐγώ
2507 5663 2622 5739 ei,“
2658 5663 2726 5725 τὸ
2756 5669 2902 5738 φῶς,
2954 5678 3062 5725 etc.
3098 5664 3325 5720 Schedte
3379 5663 3590 5728 Grabii,
3652 5671 3721 5719 et

2126 5740 2327 5796 Catena
2365 5741 2612 5796 Barbari.

518 5593 631 5663 (98)
670 5597 753 5665 Οὐ
789 5594 852 5648 τὸ
885 5595 970 5665 μὴ
1002 5597 1328 5662 θλίϐεσθαι,
1363 5609 1470 5654 etc.
1504 5597 1726 5651 Eadem.

515 5666 624 5745 (92))
658 5664 831 5745 ,Τςίχξι
855 5664 967 5719 τὸν·
990 5668 1178 5739 ἅγιον,
1205 5679 1312 5723 etc.
1349 5668 1577 5726 Scltedte
1606 5666 1816 5731 Grabii,
1845 5677 1893 5723 et
1923 5682 2016 5723 co-

446 5733 543 5785 dex
579 5733 958 5792 Coislinianus.
