4110 6424
392 381 522 434 Nil

1345 381 1655 437 SELECTA
1691 382 1755 436 IN
1792 381 2130 438 PSAIMOS.
2174 413 2240 421 -—
2274 383 2465 438 PSAL.
2499 385 2683 442 XLIII.

3512 398 3656 452 1322

391 501 508 565 Φῶς
545 502 600 554 δὲ
643 502 735 554 καὶ
763 499 1018 571 ἀλήθειαν
1047 501 1147 569 τὴν
1175 500 1388 554 δικαίαν
1418 503 1512 555 καὶ
1551 504 1815 574 σωτήριον
1851 505 1972 554 ἐπι-

2082 506 2530 571 quemadmodum
2561 509 2906 563 tenebrarum
2937 513 3156 566 nomine
3189 515 3534 571 calamitates
3557 533 3654 583 ap-

392 592 616 662 φάνειαν
649 592 815 660 λέγει,
859 591 1044 662 ὥσπερ
1072 591 1261 652 σκότος
1293 593 1392 655 τὰς
1431 594 1734 664 συμφοράς.

468 683 577 736 Τοῦ
613 684 819 736 αὑτοῦ.
855 683 929 735 Τὸ
956 682 1424 754 ὲξαπεσταλμένον
1456 684 1530 753 (5)
1554 684 1646 735 ἐπὶ
1676 684 1774 755 τὴν
1801 685 1973 754 Ἰησοῦ

391 774 563 844 ψυχὴν
617 775 732 843 φῶς
783 774 956 839 Θεοῦ,
1013 775 1108 827 κα).
1153 775 1380 845 ἀλήθεια
1421 774 1586 827 αὑτοῦ
1613 778 1642 827 ὁ
1668 778 1977 846 Μονογενής

392 867 557 920 ἐστιν.
604 867 722 919 Ὅτι
754 866 860 937 γὰρ
891 866 1085 937 ἔχομεν
1117 867 1376 938 ἀρχιερέα
1410 868 1580 938 μέγαν
1618 868 1823 938 Ἰησοῦν
1851 871 1978 939 Χρι-

395 957 519 1008 στὸν
545 956 636 1009 τὸν
670 957 797 1008 Υἱδν
825 956 918 1008 τοῦ
959 955 1094 1008 Θεοῦ
1126 956 1491 1026 ἐνδεδυμένον,
1521 957 1748 1028 δηλώσει
1785 959 1884 1028 μὲν
1915 960 1976 1012 τὸ

393 1043 762 1108 ὲξαποσταλὲν
790 1045 876 1096 ἐπ’
898 1044 1060 1096 αὐτὸν
1091 1043 1205 1112 φῶς
1233 1044 1327 1097 τοῦ
1351 1045 1505 1098 Θεοῦ·
1527 1046 1786 1117 ἀλήθειαν
1821 1045 1975 1108 δὲ,οὐ

391 1137 583 1201 τύπον,
617 1137 918 1208 διδάσκειή
967 1137 1306 1208 προκειμένη
1347 1136 1508 1202 λέξις.
1554 1139 1768 1206 "Arma,
1810 1140 1974 1193 αὐτὸν

391 1229 764 1299 ὁδηγησαντα,
812 1229 1017 1300 ἤγαγον
1053 1231 1132 1292 είς
1172 1229 1231 1281 τὸ
1267 1231 1632 1300 πνευματικὸν
1681 1231 1834 1298 ἅγιον
1881 1232 1976 1285 τοῦ

395 1320 528 1377 Θεοῦ
558 1320 698 1392 ὅρος,
735 1323 828 1374 καὶ
856 1323 935 1384 εὶς
963 1321 1031 1374 τὰ
1062 1319 1292 1391 ἀληθινὰ
1324 1320 1653 1392 σκηνώματα
1681 1323 1867 1386 αὑτοῦ,
1891 1324 1977 1377 ἵνα

393 1409 470 1473 ὡς
488 1411 776 1482 ἀρχιερεὺς
803 1410 1020 1483 εἰσέλθῃ
1044 1411 1180 1482 πρὸς
1205 1411 1266 1463 τὸ
1296 1410 1679 1483 θυσιαστήριον
1695 1413 1788 1466 τοῦ
1818 1413 1972 1468 Θεοῦ.

395 1502 546 1571 Τάχα
575 1503 630 1555 δὲ
667 1521 686 1552 ‹
718 1503 840 1574 ὅρος
873 1503 1024 1570 ἅγιον
1053 1522 1072 1554 ›
1113 1501 1208 1555 τοῦ
1248 1503 1382 1556 Θεοῦ
1417 1505 1618 1575 ἡοίκία
1643 1505 1738 1558 τοῦ
1764 1507 1977 1578 Πατρός

393 1596 532 1648 ἐστι’
562 1595 590 1645 ἰ
619 1595 951 1666 σκηνώματα
977 1616 994 1649 ι
1020 1595 1077 1648 δὲ
1111 1593 1274 1649 αὐτοῦ
1309 1597 1364 1648 αἱ
1401 1597 1591 1650 πολλαὶ
1621 1599 1679 1651 ἐν
1712 1599 1847 1670 αὐτῇ
1885 1616 1978 1670 μο-

393 1687 502 1741 ναί.
539 1690 608 1740 Ἢ
651 1709 669 1739 (
709 1689 777 1741 τὰ
827 1687 1180 1759 σκηνώματα,
1215 1708 1232 1740 ι
1282 1689 1445 1742 αὑτοῦ
1499 1690 1704 1744 αίώνιοι
1761 1691 1972 1762 σκηναί.

396 1783 662 1852 Ζητήσεις
706 1781 762 1835 δὲ
795 1783 1024 1853 πότερον
1057 1785 1104 1837 εἰ
1137 1786 1194 1838 ὲν
1223 1783 1299 1855 τῷ
1327 1784 1467 1854 ἁγίῳ
1500 1783 1614 1854 ὄρει
1658 1784 1724 1836 τὰ
1764 1783 1974 1855 σκηνώ-

400 1874 548 1944 ματὰ
598 1875 737 1938 ἐστι,
781 1875 876 1927 καὶ
914 1875 1034 1928 τίνα
1064 1873 1262 1928 ταῦτα’
1299 1877 1348 1928 εἰ
1382 1875 1449 1928 τὰ
1489 1875 1625 1944 πρὸς
1679 1874 1838 1928 αὐτὸν
1886 1874 1976 1927 τὸν

395 1963 528 2017 Θεὸν
559 1964 915 2034 εὐφραίνοντα
961 1966 1062 2037 τὴν
1105 1965 1333 2036 νεότητα
1364 1967 1546 2020 αὑτοῦ.
1598 1967 1670 2019 Οὐ
1715 1966 1823 2038 γὰρ
1864 1963 1975 2038 εἶχε

395 2056 750 2125 παλαιότητα.
790 2059 898 2110 Καὶ
932 2057 1023 2121 τὸ,
1060 2077 1077 2109 ι
1121 2058 1500 2129 Ἐνδυσὰμενοι
1543 2059 1598 2112 δὲ
1627 2059 1719 2112 τὸν
1762 2060 1880 2112 νέον
1905 2099 1918 2123 ,
1953 2079 1972 2110 ι

398 2142 484 2197 διὰ
519 2143 722 2215 ταύτην
752 2144 850 2215 τὴν
878 2145 1105 2213 νεότητα
1151 2144 1384 2216 εἴρηται.
1430 2146 1540 2199 Καὶ¹
1569 2147 1674 2198 τῶν
1722 2145 1977 2199 τοιούτων

395 2235 534 2289 νέων
566 2237 712 2289 ἐστὶν
744 2241 776 2307 ἡ
820 2239 998 2310 ἑορτή.

469 2325 586 2380 Τοῦ
625 2327 832 2381 αὑτοῦ.
862 2330 1026 2399 Ὄρος
1055 2327 1206 2396 ἅγιόν
1233 2327 1308 2399 (xi)
1337 2329 1450 2380 ἐστι
1491 2327 1624 2380 Θεοῦ
1651 2329 1678 2379 ὁ
1723 2327 1972 2400 Χριστός·

398 2417 732 2490 σκηνώματα
767 2420 822 2472 δὲ
858 2419 1045 2485 αὑτοῦ,
1083 2422 1137 2474 αἱ
1175 2420 1326 2489 ἆγιαι
1355 2421 1610 2491 δυνάμεις
1638 2422 1694 2472 ἐν
1734 2415 1820 2482 αἷς
1851 2435 1979 2470 κατ-

395 2515 550 2566 οικεϊ.

467 2605 625 2674 Πρὸς
655 2603 763 2658 τὸν
793 2607 943 2660 Θεὸν
972 2607 1375 2676 εὐφραίνοντα
1413 2604 1527 2673 τὴν
1559 2603 1812 2671 νεότητά
1834 2621 1976 2672 μου,

394 2697 918 2768 ἑξομολοπηξοόμαί
939 2714 1036 2751 σοι
1059 2697 1129 2752 ἐν
1145 2697 1374 2766 κιθάρᾳ,
1395 2700 1426 2750 ό
1446 2696 1610 2761 Θεὸς,
1630 2698 1662 2749 ὀ
1680 2695 1824 2760 Θεός
1836 2712 1976 2763 μου,

396 2806 450 2844 κ.
484 2809 532 2844 τ.
565 2791 608 2844 ὲ.
648 2791 759 2843 Καὶ
791 2792 850 2843 ἐν
877 2789 953 2861 τῷ
982 2790 1058 2862 (5)
1095 2787 1441 2862 ὀγδοηκοστῷ
1490 2787 1658 2860 τρίτῳ
1698 2787 1835 2858 πρὸς
1883 2785 1980 2858 τὴν

394 2885 572 2955 ψυχήν
607 2901 770 2954 φησιν
791 2900 802 2912 ·
831 2903 848 2935 ι
873 2883 1413 2954 Ἀνακαινισθήσεται
1437 2882 1512 2944 ὡς
1535 2879 1694 2933 ἀετοῦ
1725 2881 1759 2950 ἡ
1789 2879 1980 2949 νεότης

398 2991 510 3028 σου.
537 2994 554 3025 ι
589 2974 774 3028 Ταῦτα
804 2972 1178 3044 διηγηματικὰ
1199 2973 1333 3043 πρὸς
1360 2973 1506 3043 ἡμᾶς
1529 2970 1616 3023 διὰ
1639 2970 1822 3040 μέσου.
1848 2964 1979 3022 Εἶτα

396 3066 557 3120 πάλιν
587 3067 721 3138 πρὸς
751 3067 881 3119 Θεὸν
916 3067 1023 3119 ἀπὸ
1055 3065 1148 3118 τοῦ
1172 3104 1186 3128 ,
1214 3084 1232 3116 ‹
1274 3063 1771 3134 Ἐξομολογήσομαί
1804 3080 1886 3115 σοι
1919 3062 1979 3114 ὲν

399 3159 619 3229 κιθάρα·
656 3181 675 3211 ι
714 3160 925 3230 μήποτε
953 3157 1030 3230 τῷ
1051 3157 1378 3231 ἀρμοσθέντι
1409 3155 1514 3208 ὑπὸ
1542 3155 1636 3208 τοῦ
1672 3154 1979 3226 πνεύματος
2006 3171 2050 3228 ο

401 3267 632 3322 σωματι.

469 3344 772 3396 Ἕλπισον
800 3339 898 3395 ἐπὶ
935 3340 1045 3395 τὸν
1075 3340 1251 3404 Θεὸν,
1313 3339 1403 3393 ὅτι
1457 3334 1977 3406 ἐξομολογήσομαι

395 3433 576 3499 αὐτῷ,
612 3433 911 3501 σωτήριον
942 3433 1050 3487 τοῦ
1080 3430 1406 3500 προσώπου
1428 3448 1550 3501 μου
1596 3433 1629 3483 ὁ
1663 3431 1807 3494 Θεός
1834 3445 1975 3497 μου,

396 3542 450 3580 γ.
483 3543 534 3578 τ.
570 3526 614 3579 ἑ.
670 3525 735 3577 Ἦ
769 3523 915 3594 ψυχὴ
950 3521 1213 3590 δεῖταιίϐ)
1245 3523 1601 3592 ὑπομνήσεως
1638 3520 1757 3591 τῆς,
1788 3537 1806 3569 ι
1842 3519 1969 3572 Ἔλ-

398 3635 556 3672 πισον
582 3619 673 3671 ἐπὶ
703 3618 793 3671 τδν
822 3617 970 3671 Θεόν,
988 3637 1005 3668 ι
1023 3617 1292 3688 Σωτήριον
1320 3615 1377 3668 δὲ
1404 3613 1500 3667 τοῦ
1529 3613 1824 3686 προσώπου
1853 3613 1983 3666 ἁνα-

395 3709 836 3780 κεκαλυμμένου,
885 3709 980 3761 καὶ
1013 3707 1113 3780 τὴν
1158 3707 1315 3772 δόξαν
1345 3705 1551 3777 Κυρίου
1601 3705 1985 3777 κατοπτρίζειν

396 3801 538 3856 κατὰ
567 3802 666 3873 τὴν
701 3799 868 3870 αὐτὴν
893 3838 907 3863 ,
942 3799 1220 3853 τουτέστιν
1257 3799 1519 3862 ὡσαύτως
1546 3797 1796 3868 ἔχουσαν,
1821 3814 1988 3869 μετα-

401 3891 780 3964 μορφουμένου
813 3891 1012 3954 παντὸς
1032 3930 1046 3953 ,
1077 3890 1172 3943 καὶ
1204 3890 1438 3959 μάλιστα
1468 3890 1563 3942 τοῦ
1604 3888 1781 3959 Ἰησοῦ
1814 3892 1980 3942 ἐστιν.

1984 4012 2050 4021 .-

926 4065 928 4067 ’
956 4073 1249 4127 ΨΑΑΜΟΣ
1286 4073 1414 4126 MI".

481 4165 532 4218 '0
554 4165 716 4231 Θεὸς,
732 4165 801 4218 ἐν
823 4162 944 4230 τοῖς
971 4164 1124 4217 ὠσὶν
1145 4163 1312 4232 ἡμῶν
1336 4163 1702 4232 ἠκούοναμιιγινο⁹
1718 4167 1784 4216 Οἱ
1802 4165 1978 4218 πατέ-

388 4276 496 4328 ρες
521 4255 688 4326 ἡμῶν
702 4255 1068 4326 ἀνήγγειλαν
1088 4255 1254 4325 ἡμῖν,
1275 4273 1327 4308 κ.
1344 4271 1394 4307 τ.
1411 4257 1458 4308 ὲ.
1478 4256 1572 4308 Ἐκ
1589 4255 1883 4328 προσώπου
1903 4258 1978 4327 (7)

394 4346 503 4400 τῶν
532 4347 590 4399 ἐν
619 4349 685 4417 τῇ
717 4345 984 4416 διασπορᾷ
1021 4345 1048 4397 ὁ
1090 4345 1331 4416 ψαλμὸς,
1361 4345 1393 4417 ἧ
1432 4347 1496 4399 ὲκ
1534 4345 1827 4417 προσώπου
1868 4347 1979 4400 τῶν

395 4437 504 4492 ἀπὸ
534 4437 642 4491 τῶν
687 4436 875 4504 ἐθνῶν,
904 4436 1098 4500 οἵτινες
1130 4437 1478 4502 ἐπίστευσαν,
1509 4439 1569 4502 ἐξ
1590 4439 1759 4508 ἀκοῆς
1799 4456 1979 4510 παρα-
2012 4479 2054 4532 D

396 4530 652 4593 λαϐόντες
673 4529 762 4584 τὸν
786 4529 944 4598 λόγον
973 4529 1082 4582 ἀπὸ
1109 4527 1204 4582 τοῦ
1245 4529 1480 4601 Ἰσραὴλ,
1511 4524 1556 4598 ᾧ
1586 4529 1739 4601 ῶφΟη
1768 4533 1796 4583 ὁ
1823 4530 1975 4593 Θεός.

397 4622 472 4675 To
517 4622 572 4675 δὲ
609 4621 736 4692 ἑξῆς
772 4619 859 4673 διὰ
895 4619 986 4684 τὸ,
1018 4638 1035 4671 ι
1074 4619 1453 4691 Ἐπερώτησον
1477 4620 1569 4673 τὸν
1617 4620 1829 4690 πατέρα
1863 4637 1978 4683 σου,

396 4716 493 4769 καὶ
527 4714 816 4784 ἀναγγελεῖ
847 4730 946 4767 σοι.
981 4731 999 4766 ι
1041 4712 1189 4784 Πλὴν
1217 4712 1377 4776 εἴτις
1407 4713 1760 4781 ἀναγγέλλει,
1799 4712 1983 4782 πατήρ

398 4803 564 4856 ἐστιν.

480 4984 543 5040 Ἠ
572 4986 699 5055 χείρ
729 4998 846 5039 σου
874 4985 1020 5055 ἔθνη
1047 4986 1478 5054 ἐξωλόθρευσε,
1511 5003 1563 5039 κ.
1598 5003 1648 5038 τ.
1675 4985 1720 5038 ἑ.
1761 4984 1976 5038 Κακίαν

401 5077 499 5146 μὲν
531 5077 604 5148 (8)
640 5078 733 5131 καὶ
764 5077 1037 5147 ἀγνωσίαν
1080 5076 1420 5150 ἐξολοθρεῦει
1477 5077 1644 5142 Θεὸς,
1684 5075 1884 5148 ἀρετὴν
1921 5076 1980 5128 δὲ

400 5169 494 5220 καὶ
526 5169 724 5236 γνῶσιν
754 5168 1133 5239 καταφυτεύει.
1172 5189 1190 5220 ι
1221 5170 1379 5222 Πᾶσα
1418 5169 1527 5240 γὰρ
1563 5167 1755 5238 φυτεία
1783 5169 1850 5239 ἣν
1879 5168 1979 5221 οὐκ

400 5257 692 5328 ἐφύτευσεν
723 5263 751 5314 ὁ
778 5262 929 5326 Θεὸς,
964 5259 1412 5333 ὲκριζωθήσεται.
1442 5280 1462 5312 ι
1503 5260 1671 5332 Ἔονη
1703 5259 1851 5328 λέγει
1877 5259 1980 5323 τὰς

405 5348 564 5402 πέντε
578 5351 912 5422 σατραπείας
923 5351 1020 5414 τὰς
1034 5353 1090 5403 ὲν
1113 5349 1465 5422 Παλαιστίνῃ,
1484 5348 1799 5416 Γεθθαίους,
1817 5347 1979 5412 Ἀζω-

507 5492 552 5525 ⁹²
582 5490 892 5558 Coloss.tn,
915 5493 1001 5546 I0.
1073 5492 1120 5524 ⁸³
1148 5490 1290 5556 Psal.
1315 5507 1410 5555 cn,
1445 5491 1499 5545 5.
1576 5488 1828 5543 "Matth.
1859 5503 1949 5553 xv,
1990 5486 2078 5541 1'5.

469 5608 552 5674 (5)
581 5606 648 5660 Τὸ
667 5605 1216 5677 ὲξαπεσταλμένον,
1248 5615 1347 5661 etc.
1373 5605 1594 5677 _Catena
1619 5602 1889 5659 Corderii.

473 5677 554 5747 (ὦ)
588 5678 756 5744 Ὄρος
787 5677 976 5747 ἅγιον,
1008 5675 1116 5732 etc.
1147 5675 1751 5747 CodexCoislinianus.

475 5745 552 5814 (ὅ)
590 5748 696 5806 Καὶ
729 5748 798 5800 ἐν
824 5745 918 5812 τῷ,
962 5758 1066 5802 etc.
1095 5747 1292 5801 Catena
1317 5746 1587 5814 Corderii.

472 5813 550 5887 (6)
598 5817 668 5872 Ἡ
704 5815 874 5888 ψυχὴ
909 5817 1113 5884 δεῖται,
1137 5826 1243 5872 etc.
1281 5813 1507 5873 Eadem.

2080 594 2313 662 pallavit.

2150 684 2424 752 Ejusdem.
2461 686 2572 740 Lux
2623 688 2714 742 Dei
2743 700 2795 744 et
2844 693 3043 748 veritas
3088 695 3254 764 ipsius
3284 696 3337 751 in
3371 697 3498 754 Jesu
3534 705 3652 754 aui-

2078 788 2218 827 mam
2261 776 2478 840 emissa,
2501 787 2582 831 est
2617 776 2956 849 Unigenitus.
2981 779 3087 839 Nos
3111 785 3256 840 enim
3292 787 3492 842 habere
3519 806 3652 859 pon-

2078 863 2277 920 tiﬁcem
2326 882 2580 938 magnum
2632 867 2816 925 .Iesum
2853 872 3131 929 Christum
3177 879 3269 946 qui
3311 879 3528 936 indutus
3570 894 3654 935 est

2080 954 2270 1009 Filiqu
2328 957 2439 1018 Dei.
2483 959 2778 1016 declaravit
2828 961 2916 1018 lux
2975 966 3193 1034 quidem
3242 969 3335 1022 Dei
3383 971 3435 1026 in
3476 973 3649 1041 ipsum

2079 1047 2318 1113 emissa;
2356 1048 2642 1103 veritatem
2675 1065 2824 1118 vero,
2867 1068 2973 1108 non
3009 1062 3194 1125 typum
3231 1072 3372 1126 esse,
3413 1076 3653 1130 prmseus

2079 1137 2245 1194 dictio
2272 1139 2483 1193 edocet.
2512 1137 2634 1194 Haec
2663 1156 2784 1195 cum
2821 1143 2994 1212 ipsum
3025 1146 3375 1216 deducerent,
3416 1154 3655 1206 adduxe-

2080 1239 2203 1284 runt
2226 1246 2347 1284 eum
2391 1231 2442 1284 in
2488 1234 2785 1302 spiritalem
2823 1247 3058 1292 montem
3092 1239 3184 1294 Dei
3215 1251 3485 1307 sanctum,
3516 1255 3568 1298 et
3601 1247 3652 1298 in

2079 1337 2204 1376 vera
2235 1323 2584 1380 tabernacula
2618 1326 2808 1396 ipsius,
2836 1339 2894 1382 ut
2919 1345 3016 1385 ceu
3040 1333 3280 1401 pontifex
3310 1335 3558 1389 introiret
3585 1339 3653 1389 ad

2079 1414 2252 1468 altare
2274 1415 2385 1468 Dei.
2407 1415 2680 1471 Fortassis
2695 1427 2907 1474 autem:
2934 1437 3120 1477 mons:
3143 1424 3231 1479 Dei
3257 1441 3276 1477 ι
3297 1436 3514 1480 sanctus
3535 1447 3554 1478 ι
3574 1438 3656 1480 cst

2078 1504 2269 1558 domus
2283 1503 2496 1570 Patris;
2525 1524 2544 1555 ι
2575 1507 2916 1562 tabernacula
2942 1529 2960 1561 ι
2987 1526 3113 1566 vero
3128 1512 3314 1582 ipsius,
3333 1515 3510 1568 multm
3536 1531 3656 1584 qua:

2082 1595 2131 1647 iu
2153 1595 2264 1662 ipsa
2281 1606 2406 1649 sunt
2426 1598 2751 1653 mansiones.
2774 1600 2868 1654 Vel
2886 1605 3262 1659 «tabernacula
3285 1624 3304 1658 ι
3325 1606 3512 1674 ipsrus,
3530 1615 3658 1659 sunt

2079 1695 2280 1738 acterna
2343 1688 2599 1742 tentoria.
2657 1689 2827 1745 Porro
2871 1706 3082 1760 quaeres
3131 1704 3313 1749 utrum
3366 1696 3422 1749 iu
3473 1706 3658 1749 monte

2080 1784 2268 1828 sancto
2308 1777 2654 1831 tabernacula
2711 1779 2842 1845 sint,
2878 1789 2930 1834 et
2959 1781 3140 1850 qualia
3165 1783 3275 1836 sint
3313 1799 3421 1838 :an
3450 1799 3512 1838 ca
3537 1801 3656 1852 quae

2079 1864 2219 1930 apud
2264 1864 2437 1931 ipsum
2477 1864 2644 1920 Deum
2686 1867 2964 1922 lzetiiicant
3007 1868 3341 1936 iuventutem
3372 1873 3508 1942 ejus.
3536 1872 3654 1927 Non

2079 1953 2222 2007 enim
2254 1954 2442 2010 habuit
2468 1966 2825 2012 senectutem.
2858 1959 2996 2024 Quin
3032 1973 3086 2015 et
3120 1962 3248 2016 illud
3275 1965 3341 2025 θ’,
3377 1981 3396 2013 ι
3426 1964 3655 2018 Indueu-

2083 2050 2163 2096 tcs
2196 2057 2411 2110 novum,
2451 2063 2470 2096 ι
2501 2056 2721 2114 prepter
2757 2047 2900 2100 hanc
2921 2047 3259 2112 juventutem
3309 2048 3511 2103 dictum
3550 2056 3652 2101 est.

2080 2133 2146 2186 Et
2181 2134 2484 2190 istiusmodi
2509 2134 2767 2202 juvenum
2802 2145 2886 2192 est
2913 2137 3197 2193 festivitas.

2154 2314 2430 2384 Ejusdem.
2465 2315 2620 2373 Mons
2661 2315 2754 2372 Dei
2789 2329 3010 2372 sanctus
3047 2327 3130 2372 est
3153 2318 3408 2374 Christus
3435 2337 3450 2386 ;
3477 2322 3661 2373 tabe:-

2082 2407 2275 2461 nacnla
2327 2417 2506 2462 autem
2556 2407 2705 2475 ejus,
2741 2418 2940 2462 sanctae
2987 2409 3240 2476 virtutes,
3273 2412 3326 2466 in
3352 2411 3547 2480 quibus
3578 2413 3663 2465 in-

2083 2498 2310 2553 babHaL

2153 2589 2312 2659 707
2346 2589 2506 2645 Vens.
2530 2591 2584 2645 4.
2625 2592 2707 2646 Ad
2746 2591 2912 2646 Deum
2945 2591 3035 2664 qui
3077 2592 3313 2664 lwtiﬁcat
3345 2595 3660 2658 iuventutem

2083 2696 2272 2746 meam,
2301 2681 2588 2749 confitebor
2617 2682 2711 2735 tibi
2752 2685 2810 2737 in
2857 2683 3087 2748 cithara,
3141 2685 3280 2742 Deus
3311 2685 3448 2742 Deus
3477 2705 3575 2741 me:
3597 2706 3620 2741 ε
3643 2728 3658 2752 ,

2081 2779 2190 2826 etc.
2220 2771 2394 2826 Etiam
2429 2773 2480 2826 in
2502 2775 2837 2843 octogesimo
2869 2775 3028 2832 tertio
3053 2775 3263 2845 psalmo
3282 2778 3357 2832 ait
3376 2777 3455 2831 "z
3497 2796 3516 2829 ι
3557 2779 3659 2832 ιιι·-

2083 2864 2372 2919 novabitur
2398 2872 2459 2917 ut
2492 2864 2686 2932 aquilae
2712 2864 2968 2934 juventus
3008 2873 3119 2922 tua.
3173 2885 3191 2920 ι
3228 2867 3352 2922 Ilaec
3387 2869 3662 2926 mediante

2081 2954 2328 3024 exeruplo
2349 2954 2533 3022 aliquo
2565 2955 2720 3008 nobis
2760 2956 3120 3022 explicantur.
3151 2957 3349 3014 Deinde
3371 2975 3560 3015 rursus
3591 2966 3659 3016 ad

2083 3044 2248 3100 Deum
2285 3045 2524 3116 loquitur
2562 3047 2631 3100 ab
2670 3045 2756 3099 his
2805 3045 2984 3100 verbis
3019 3063 3033 3100 :
3065 3065 3083 3098 ι
3128 3046 3438 3105 Couiitebor
3462 3051 3555 3105 tibi
3603 3053 3656 3106 in

2081 3137 2318 3204 cithara,
2358 3157 2377 3190 ι
2424 3137 2562 3192 forte
2609 3150 2846 3208 corpore
2893 3138 3035 3202 quod
3085 3153 3116 3193 a
3172 3140 3365 3211 spiritu
3415 3133 3656 3214 aptatum

2082 3237 2188 3286 est.

2160 3322 2324 3377 Vens.
2365 3321 2418 3377 5.
2461 3323 2628 3393 Spera
2653 3325 2706 3377 in
2734 3323 2864 3387 Deo,
2893 3326 3142 3393 quoniam
3173 3324 3346 3377 adhuc
3370 3324 3659 3393 conﬁtebor

2085 3416 2164 3469 illi
2196 3433 2213 3470 .'
2241 3414 2475 3469 salutare
2505 3416 2674 3469 vultus
2696 3417 2796 3470 mei
2821 3415 2960 3471 Deus
2985 3432 3151 3478 meus,
3177 3424 3280 3469 etc.
3309 3416 3502 3470 Anima
3527 3432 3661 3486 opus

2090 3510 2247 3564 habet
2277 3511 2378 3564 hac
2402 3509 2844 3572 commonitioue,
2867 3528 2885 3559 ι
2907 3508 3076 3576 Spera
3109 3509 3160 3562 in
3190 3507 3320 3563 Deo.
3352 3527 3372 3562 ι
3409 3508 3664 3563 Salutare

2080 3612 2261 3658 autem
2283 3602 2465 3656 vultus
2504 3601 2745 3668 rcvelati,
2779 3609 2835 3656 et
2863 3601 3090 3672 gloriam
3131 3600 3343 3656 Domini
3401 3610 3562 3672 prout
3607 3601 3659 3654 iu

2082 3712 2140 3751 sc
2169 3707 2275 3765 est,
2320 3698 2422 3752 hoc
2451 3706 2537 3751 est
2562 3697 2750 3751 eodem
2785 3696 2942 3750 modo
2973 3711 3032 3752 se
3060 3696 3346 3750 habentem
3373 3735 3388 3760 ,
3416 3709 3661 3761 cernere,

2083 3800 2162 3843 est
2190 3788 2429 3855 cujusvis
2463 3787 2861 3853 transformati,
2885 3796 2939 3843 et
2969 3790 3202 3845 maxime
3228 3788 3378 3844 Jesu.

2601 4058 2919 4114 PSALMUS
2952 4057 3134 4113 XLIII.

2161 4159 2317 4211 Vsus.
2357 4155 2412 4208 2.
2441 4153 2603 4219 Deus,
2631 4152 2845 4205 nuribus
2871 4151 3065 4205 nostris
3101 4151 3400 4205 audivimus
3428 4167 3446 4206 :
3473 4151 3662 4209 Patres

2085 4251 2250 4305 nostri
2289 4247 2740 4302 annuntiaveruut
2783 4243 2952 4311 nobis,
2982 4251 3092 4299 etc.
3125 4244 3368 4298 Psalmus
3400 4245 3488 4299 hic
3531 4261 3662 4315 pro-

2083 4341 2364 4396 nuntiatus
2390 4345 2474 4392 est
2511 4351 2576 4390 ex
2623 4349 2851 4405 persona
2882 4348 3069 4388 eorum
3103 4335 3192 4404 qui
3233 4333 3448 4390 fuerunt
3487 4337 3541 4392 in
3577 4339 3662 4390 di-

2083 4432 2394 4503 spersione;
2416 4428 2497 4483 vel
2524 4442 2590 4483 ex
2618 4440 2846 4496 persona
2874 4425 3111 4496 gentium
3142 4440 3262 4495 qua:
3293 4422 3662 4489 crediderunt,

2086 4543 2151 4582 ex
2205 4524 2389 4580 auditu
2440 4536 2748 4578 sermonem
2783 4519 3149 4588 percipieutes
3199 4520 3268 4574 ab
3321 4518 3540 4586 Israele,
3573 4522 3662 4574 cui

2089 4620 2226 4673 Deus
2259 4621 2605 4686 apparuerat.
2635 4611 2786 4678 Quod
2825 4623 3005 4665 autem
3057 4610 3326 4680 sequitur,
3352 4611 3553 4665 dictum
3581 4625 3662 4665 est

2088 4718 2308 4779 propter
2347 4705 2475 4760 illud
2509 4722 2522 4759 .-
2554 4722 2573 4755 ι
2610 4703 2883 4772 Interroga
2930 4710 3140 4771 patrem
3183 4709 3413 4768 tuum,et
3448 4717 3663 4756 annun-

2087 4799 2244 4854 tiabit
2284 4794 2402 4852 tibi.
2459 4813 2479 4848 ι
2513 4795 2828 4864 Quanquam
2873 4802 2927 4848 et
2955 4793 3001 4848 si
3045 4792 3168 4866 quis
3219 4793 3529 4859 annuntiat,
3570 4810 3665 4864 pa-

2091 4899 2170 4944 ter
2203 4895 2304 4942 CSI.

2158 4978 2321 5032 Vsus.
2357 4977 2412 5033 3.
2453 4976 2648 5031 Manus
2699 4985 2792 5028 tua
2827 4982 3000 5045 gentes
3034 4973 3372 5044 disperdidit,
3415 4981 3526 5029 etc.
3573 4974 3649 5028 Vi-

2089 5068 2218 5123 tium
2250 5077 2302 5123 ct
2347 5066 2706 5136 ignorantiam
2734 5065 2997 5134 disperdit
3029 5064 3208 5130 Deus;
3238 5066 3490 5119 virtutem
3532 5081 3664 5119 veru

2084 5169 2140 5215 et
2161 5159 2440 5215 scientiam
2474 5157 2702 5228 plantat.
2733 5174 2750 5206 ι
2781 5156 2968 5211 Omnis
3016 5156 3158 5210 enim
3207 5154 3468 5224 plautatio
3497 5169 3658 5223 quam

2085 5268 2189 5307 non
2237 5251 2500 5320 plantavit
2533 5252 2691 5314 Deus,
2715 5249 3080 5305 eradicabitur
3108 5246 3174 5301 ⁸⁸.
3214 5265 3234 5299 ι
3273 5247 3522 5302 Gentium
3563 5262 3664 5303 ηοω

2085 5345 2232 5400 mine
2289 5345 2539 5415 intelligit
2585 5343 2826 5415 quinque
2867 5342 3174 5414 provincias
3209 5340 3526 5407 Palaestinm,
3555 5341 3662 5397 ϐεσ-

2159 5599 2238 5673 (Ἰ)
2279 5600 2380 5654 Ἐκ
2415 5593 2761 5673 προσώπου,
2791 5594 3141 5673 ειεηῼριοῐιω
3169 5588 3417 5647 Corderii
3444 5596 3499 5644 et
3520 5589 3661 5646 Bar-

2090 5663 2230 5736 bari,
2267 5685 2368 5724 nec
2404 5663 2510 5722 non
2541 5665 2753 5720 scheda:
2785 5663 2994 5721 Grabii.

2158 5746 2232 5811 (8)
2256 5745 2500 5811 traiciat!
2523 5741 2657 5806 μέν,
2701 5751 2805 5811 etc.
2838 5747 3038 5811 Lutetia
3069 5737 3298 5811 Barbari
3317 5778 3331 5804 ,
3363 5748 3418 5793 et
3445 5737 3658 5797 SCIteda’.

2086 5808 2286 5877 Grabii,
2327 5811 2631 5882 partimque
2664 5808 2834 5863 codex
2861 5808 3241 5864 Coisltnianus.
