4110 6386
411 428 552 484 1-1ἓεί

471 535 727 596 Ἔδωκας
770 531 924 602 ἡμᾶς
977 542 1054 599 ὡς
1102 533 1363 599 πρόϐατα
1403 529 1706 598 βρώσεως,
1749 545 1804 579 κ.
1843 543 1888 577 τ.
1927 527 1969 576 ὲ.
2009 528 2047 582 Α

399 625 471 677 Οὐ
502 624 608 691 γὰρ
638 623 812 675 πάντα
840 621 1036 690 (16)τά
1057 621 1303 692 πρόϐατα
1334 617 1587 692 βρώσεώς
1616 617 1769 668 εἰσιν.
1822 615 1972 666 Ἐπεὶ

397 716 453 768 δὲ
482 717 686 776 ἔδωκας
715 716 861 784 ἡμᾶς
897 715 971 778 ὡς
1010 713 1254 786 πρόϐατα
1290 711 1544 784 βρώσεως
1563 751 1575 773 ,
1615 729 1632 760 ι
1659 712 1716 761 ἐν
1739 707 1814 776 τῷ
1877 708 1976 758 ἐπ-

391 801 1129 873 αναστῐ,ναιάνθρώπουςέφ’
1166 804 1335 874 ἡμᾶς,
1369 803 1475 872 ἄρα
1515 800 1720 864 ζῶντας
1756 798 1821 851 ἂν
1849 812 1978 848 κατ-

398 897 550 948 έπιον
587 895 752 964 ἡμᾶς.
785 913 805 946 ι
849 893 1167 946 Ἁπωθεῖται
1215 893 1270 944 δὲ
1303 895 1330 944 ὁ
1363 891 1493 953 Θεὸς
1534 891 1626 958 ἀφ’
1675 885 1868 940 ἐαυτοῦ
1915 885 1974 937 οὐ

399 986 629 1038 πάντοτε
678 985 746 1038 δι’
788 984 1083 1057 ἁμαρτίας,
1111 984 1246 1038 ἀλλὰ
1277 983 1370 1037 καὶ
1400 984 1468 1034 δι’
1511 982 1674 1042 ἄλλας
1729 980 1794 1042 ἃς
1841 973 1978 1030 οἶδεν

399 1077 596 1140 αἰτίας.
632 1078 705 1129 Οὐ
736 1078 841 1140 πᾶς
869 1077 926 1128 δὲ
961 1078 1039 1139 είς
1062 1076 1133 1129 τὰ
1159 1075 1333 1129 ὀπίσω
1367 1073 1844 1144 ἀποστρεφόμενος
1878 1070 1978 1139 «ys--

401 1168 545 1230 κτῶς
588 1168 878 1235 ὑφίσταται
910 1167 1088 1229 τοῦτο,
1135 1167 1248 1219 ἀλλ’
1277 1168 1330 1218 εί
1360 1183 1442 1228 τις
1477 1164 1662 1234 φυγὼν
1699 1162 1767 1215 τά
1815 1161 1978 1223 κακά,

399 1261 538 1331 πρὸς
566 1261 705 1313 αὐτὰ
748 1260 908 1315 πάλιν
953 1260 1309 1331 ὑποστρέφειν
1340 1258 1528 1312 ἐθέλοι.
1563 1257 1625 1310 Ei
1659 1257 1714 1310 δέ
1741 1274 1845 1320 τις,
1885 1255 1981 1324 τὴν

401 1349 538 1404 Σιὼν
567 1350 929 1420 καταλείψας,
983 1351 1228 1402 τουτέστι
1284 1348 1382 1419 τὴν
1427 1348 1662 1418 ἀρετὴν,
1714 1344 1984 1412 ἐπείγοιτο

403 1439 538 1509 πρὸς
566 1441 665 1510 τὴν
697 1440 924 1502 κακίαν,
956 1439 1247 1492 Βαϐυλῶνα
1295 1438 1632 1508 καλουμένην
1659 1477 1671 1498 ,
1721 1436 1986 1503 ἀποστρε-

403 1529 633 1600 φόμενος
659 1533 736 1594 εἰς
764 1532 833 1584 τὰ
861 1533 1055 1594 ὀπίσω,
1089 1533 1354 1602 μακάριον
1386 1529 1701 1598 ἀναδέχεται
1733 1528 1980 1596 πρᾶγμα.

405 1625 465 1674 Oi
491 1623 546 1676 δὲ
575 1624 667 1677 νῦν
699 1624 948 1692 λέγοντες
968 1663 982 1686 ,
1015 1625 1136 1676 ἐπεὶ
1167 1622 1316 1692 παρά
1346 1624 1456 1683 τοῖς
1493 1621 1706 1690 ἐχθροῖς
1756 1619 1983 1686 γεγόνα-

408 1732 488 1767 σιν
514 1715 976 1785 ἀποστραφέντες,
1001 1717 1078 1779 είς
1107 1716 1172 1768 τά
1197 1715 1370 1766 ὀπίσω
1397 1712 1612 1782 ψεκτῶς
1640 1709 1980 1781 περιέπεσον.

486 1804 727 1858 Ἄπέδου
757 1805 860 1857 τὸν
893 1807 1047 1858 λαόν
1079 1820 1195 1857 σου
1223 1803 1367 1855 ἄνευ
1394 1798 1590 1869 τιμῆς,
1609 1816 1662 1851 κ.
1698 1815 1748 1850 τ.
1777 1798 1822 1849 ὲ.
1853 1794 1986 1859 Ταῖς

1347 409 1657 467 SEI.ECT.~\
1699 407 1764 460 IN
1802 403 2144 460 PSALMOS.
2185 433 2253 445 —
2293 394 2484 453 PSAL.
2527 391 2714 447 XLlll.

3521 375 3542 428 1
3563 376 3655 428 126

2154 520 2317 573 Vens.
2350 517 2432 569 12.
2465 512 2667 567 Dedisti
2707 525 2798 563 nos
2836 516 3084 575 tanquam
3117 518 3232 556 oves
3255 513 3517 560 escarum,
3549 505 3656 547 etc.

2078 612 2192 664 Non
2238 610 2380 663 enim
2433 620 2624 659 omnes
2666 617 2796 656 oves
2827 594 3181 654 comestionis
3216 601 3361 645 sunt.
3388 587 3655 654 Quoniam

2077 717 2206 756 vero
2235 699 2430 752 dedisti
2470 712 2566 750 nos
2601 704 2856 762 tanquam
2903 702 3032 744 oves
3069 681 3442 744 comeslionis,
3483 696 3501 728 ι
3535 690 3657 729 cum

2080 799 2433 861 exsurgerent
2480 787 2728 842 homines
2763 783 2814 835 in
2855 782 2976 845 n'os,
3023 779 3162 831 forte
3212 774 3364 826 vivos
3399 767 3659 837 deglutis-

2081 893 2202 936 sent
2234 881 2418 934 nos".
2451 899 2467 930 ι
2497 875 2728 945 Repellit
2752 882 2936 926 autem
2970 871 3111 924 Deus
3139 881 3167 919 ιι
3201 879 3280 930 se,
3307 877 3411 916 non
3443 871 3658 925 semper

2083 985 2304 1044 propter
2337 979 2582 1041 peccata,
2607 968 2700 1021 sed
2726 965 2891 1019 etiam
2925 962 2993 1015 ob
3025 960 3162 1014 alias
3191 971 3327 1025 quas
3352 951 3500 1006 novit
3532 964 3660 1003 cau-

2083 1080 2192 1121 sas.
2220 1064 2332 1118 Non
2359 1062 2538 1118 omnis
2569 1074 2698 1114 vero
2738 1056 2828 1126 qui
2862 1062 3011 1109 retro
3049 1049 3406 1108 convertitur,
3435 1040 3662 1112 ἱειιοιιιὶ-

2085 1160 2238 1215 niese
2279 1158 2384 1210 hoc
2427 1154 2679 1213 sustinet,
2717 1149 2810 1203 sed
2835 1148 2879 1200 si
2913 1145 3055 1214 quis,
3100 1157 3220 1195 eum
3256 1138 3393 1192 mala
3443 1135 3664 1202 fugerit,

2087 1250 2151 1301 ad
2187 1247 2376 1300 eadem
2410 1256 2604 1297 rursus
2633 1238 2832 1292 reverti
2871 1235 3020 1290 velit.
3055 1233 3112 1286 Si
3141 1231 3265 1301 quis
3297 1243 3447 1289 vero,
3479 1224 3664 1279 relicta

2088 1338 2241 1399 Sion,
2275 1337 2378 1389 hoc
2409 1342 2511 1399 est,
2555 1331 2778 1393 virtute,
2823 1325 3116 1382 contendat
3159 1322 3224 1375 ad
3263 1319 3484 1379 malum,
3521 1314 3664 1385 quod

2088 1428 2324 1498 Babylon
2353 1433 2712 1493 nuncupatur,
2756 1430 2909 1475 retro-
2935 1435 2995 1474 se
3033 1412 3424 1471 convertendo,
3455 1409 3669 1462 beatam

2092 1536 2203 1573 rem
2250 1515 2586 1586 aggreditur.
2618 1513 2720 1580 Qui
2771 1520 2952 1564 autem
2988 1522 3132 1561 nunc
3178 1504 3501 1573 loquuntur,
3533 1512 3666 1566 quo—-

2091 1610 2236 1663 niam
2263 1605 2428 1677 709
2449 1607 2588 1675 apud
2620 1603 2869 1657 inimicos
2909 1597 3157 1654 conversi
3193 1603 3344 1658 sunt,
3373 1599 3669 1644 retrorsum

2091 1698 2486 1754 contumeliose
2520 1693 2856 1748 ceciderunt.

2167 1791 2328 1845 Vens.
2374 1788 2460 1841 1⁸5.
2517 1782 2809 1837 Vendidisti
2840 1781 3090 1849 populum
3121 1784 3272 1830 tuum
3319 1773 3432 1826 sine
3475 1769 3672 1839 pretio,

405 1895 514 1965 γὰρ
547 1896 843 1966 ἁμαρτίαις
871 1895 981 1964 (l7)
1013 1894 1355 1966 ὲπράθημεν,
1386 1864 1476 1959 te
1519 1864 1594 1944 ῶν
1642 1889 1792 1959 ἡμᾶς
1855 1889 1988 1956 Χρι-

2096 1890 2199 1937 etc.
2249 1877 2498 1934 Peccatis
2538 1877 2681 1929 enim
2736 1871 2940 1926 venditi
2992 1884 3205 1932 sumus,
3254 1882 3281 1918 ιι
3332 1864 3532 1933 quibus
3574 1877 3674 1914 nos

404 1985 529 2049 στδς
563 1985 912 2056 ἐξηγόρασεν.

481 2080 656 2132 Ἐθου
690 2079 846 2148 ἡμᾶς
873 2078 1106 2145 ὄνειδος
1125 2078 1248 2144 τοῖς
1267 2077 1531 2147 γείτοσιν
1553 2073 1740 2142 ἡμῶν,
1779 2089 1828 2126 κ.
1864 2089 1913 2125 τ.
1942 2073 1986 2124 ὲ.

407 2170 472 2221 Ol
502 2171 816 2236 γειτνιῶντα
851 2170 962 2242 (18)
996 2171 1244 2240 δόγματα
1270 2169 1504 2239 ἔχοντες,
1537 2167 1775 2235 γείτονες
1798 2182 1811 2195 ·
1847 2166 1894 2217 ot
1933 2164 1990 2216 δὲ

406 2258 554 2314 ἇλλοι
585 2263 789 2332 κύκλῳ.
831 2281 849 2314 ι
888 2264 1049 2315 Ἔθου
1099 2263 1246 2332 ἡμᾶς
1285 2263 1365 2320 είς
1404 2259 1722 2330 παραϐολὴν
1776 2260 1834 2310 ὲν
1874 2261 1989 2322 τοῖς

410 2351 636 2418 ἔθνεσιν,
696 2357 714 2423 (
749 2363 802 2414 οε
856 2356 964 2426 γὰρ
995 2355 1102 2408 ἀπὸ
1153 2353 1260 2406 τῶν
1302 2351 1491 2417 ὲθνῶν,
1531 2352 1606 2415 ὡς
1678 2350 1990 2421 παραϐολὴν

407 2442 588 2511 ἔχουσι
613 2444 704 2496 τὸν
747 2443 981 2516 Ἰσραὴλ,
1009 2445 1102 2497 καὶ
1132 2443 1206 2506 ὼς
1232 2445 1288 2495 ἐν
1345 2441 1626 2512 παραϐολῇ
1683 2441 1836 2493 λύσιν
1899 2440 1992 2508 ζη-

407 2534 561 2587 τοῦσι
592 2537 718 2606 περὶ
759 2535 868 2588 τῶν
922 2537 1041 2590 κατ’
1075 2534 1346 2603 αὐτούς’)
1411 2535 1504 2588 καὶ
1559 2534 1774 2604 κίνησιν
1825 2550 1994 2600 κεφα-

408 2624 529 2693 λῆς,
565 2645 582 2676 ι
634 2626 878 2678 τουτέστι
926 2624 1187 2696 Χριστοῦ.
1250 2625 1475 2678 Ἐκεῖνοι
1531 2625 1818 2693 γεγόνασιν
1878 2641 1898 2674 ι
1936 2626 1993 2676 εν

406 2719 520 2782 τοῖς
544 2718 718 2782 λαοῖς.
760 2738 778 2770 ι

477 2809 587 2863 Καὶ
633 2811 672 2878 ἡ
717 2811 980 2879 αἰσχύνη
1033 2809 1140 2864 τοῦ
1193 2809 1518 2878 προσώπου
1561 2827 1678 2878 μου
1721 2808 1995 2876 ἐκάλυψέ

401 2917 500 2968 με,
533 2918 586 2952 κ.
626 2918 679 2955 τ.
715 2902 763 2955 ὲ.
817 2902 1078 2964 Ἑαυτοὺς
1134 2901 1232 2971 μὲν
1277 2900 1387 2970 (19)
1439 2901 1806 2970 αἰσχυνόμεθα
1856 2900 1996 2952 κατά

407 2992 648 3046 διάνοιαν
710 2993 1148 3064 ἁμαρτάνοντες·
1206 2994 1332 3055 τοὺς
1373 2992 1429 3044 δὲ
1492 2991 1811 3062 ἀνθρώπους
1875 2993 1994 3044 κατ’

409 3081 689 3153 ἐνέργειαν
727 3083 1192 3154 πλημμελοῦντες.

481 3173 625 3228 Ἀπὸ
654 3173 860 3242 φωνῆς
911 3173 1303 3237 ὀνειδίζοντος
1333 3172 1431 3225 καὶ
1477 3173 1990 3238 καταλαλοῦντος,

411 3281 466 3318 κ.
500 3283 551 3319 τ.
588 3266 634 3318 ὲ.
667 3265 838 3318 Τοῦτο
875 3265 1091 3318 λεκτέον
1114 3264 1226 3335 (‘20)
1258 3264 1394 3334 πρὸς
1453 3264 1578 3328 τοὺς
1628 3267 1686 3318 ὲν
1735 3264 1994 3335 διωγμοῖς

412 3355 834 3428 ὑπομείναντας.

486 3449 594 3502 Καὶ
637 3451 750 3502 οὐκ
802 3447 1182 3518 ἠδικήσαμεν
1216 3451 1284 3503 ἐν
1319 3449 1579 3516 dmodum
1621 3464 1758 3514 σου,
1791 3467 1843 3504 κ.
1865 3467 1915 3503 τ.
1947 3451 1992 3504 ὲ.

425 3537 486 3592 ὐ
509 3539 842 3612 ἁμαρτάνων
878 3540 1190 3609 (⁸21)είδὼς,
1224 3541 1399 3593 ἀδικεῖ
1447 3543 1505 3594 ὲν
1537 3541 1778 3614 Διαθήκῃ
1833 3541 1991 3594 Θεοῦ.

419 3646 442 3680 ι
472 3631 582 3684 Καὶ
621 3631 722 3683 οὐκ
754 3631 961 3703 ἀπέστη
1015 3635 1093 3696 εἰς
1127 3633 1196 3686 τά
1227 3633 1402 3686 ὀπίσω
1429 3637 1461 3703 ή
1498 3633 1695 3705 καρδία
1748 3634 1925 3704 ἡμῶν,
1975 3653 1992 3684 ι

414 3722 490 3786 ὡς
521 3724 619 3793 τῆς
649 3722 770 3776 Λὼτ
791 3724 1066 3792 γυναικὸς,
1103 3725 1255 3795 ἢτοῦ
1283 3724 1536 3792 βαλόντος
1571 3725 1668 3796 τὴν
1715 3729 1871 3796 χεῖρα
1910 3727 1998 3778 ἐπ’

417 3813 668 3884 ἄροτρον,
702 3815 734 3885 ἢ
775 3815 973 3884 μᾶλλον
1010 3816 1214 3868 τούτων
1240 3817 1438 3880 οἵτινες
1482 3818 1834 3888 ἐστράφησαν
1879 3819 1998 3880 ταῖς

419 3906 670 3976 καρδίαις
699 3909 778 3969 είς
801 3907 1091 3974 Αἴγυπτον.

496 3995 605 4049 Τοῦ
643 3995 848 4049 αὐτοῦ.
898 3996 1094 4050 Ἀδικεῖ
1127 3998 1224 4068 τὴν
1260 3997 1533 4068 Διαθήκην
1574 3998 1686 4068 (⁸22)
1728 3998 1820 4050 τοῦ
1863 3998 1997 4050 Θεοῦ

419 4087 529 4148 πᾶς
560 4087 589 4138 ὁ
613 4085 688 4156 μὴ
732 4085 841 4149 ζῶν
884 4089 1000 4139 κατ’
1034 4089 1224 4159 αὐτήν.
1268 4088 1641 4153 Ἀπεναντίας,
1685 4091 1847 4160 φησὶ,
1888 4091 1999 4151 τοῖς

419 4177 598 4240 ἄλλοις
625 4179 783 4248 ἡμεῖς
809 4179 1063 4250 1ίιλθομεν.
1109 4180 1334 4233 Ἐκεῖνοι
1365 4183 1462 4250 μὲν
1495 4181 1602 4252 γὰρ
1637 4183 1730 4234 καὶ
1763 4183 1866 4252 πρὸ
1893 4183 2000 4234 τῶν

419 4269 608 4322 δεινῶν
639 4271 1107 4342 ὑπεσκελίσθησαν
1130 4291 1142 4303 ο
1180 4274 1338 4342 ἡμεῖς
1366 4274 1421 4326 δὲ
1456 4276 1549 4327 καὶ
1585 4275 1724 4344 μετά
1757 4275 1824 4327 τὰ
1855 4274 2001 4326 δεινὰ

425 4363 751 4433 ἑστήκαμεν,
781 4363 1300 4436 ἀπερίτρεπτοντὴν
1322 4363 1543 4434 γνώμην
1582 4366 1816 4436 ἔχοντες.
1854 4366 1916 4420 Τί
1945 4367 2002 4419 δέ

422 4455 590 4516 ἐστιν,
623 4472 641 4504 ι
674 4454 787 4506 Οὐκ
812 4454 1148 4524 ἠδικήσαμεν
1181 4459 1237 4508 ἐν
1272 4458 1336 4525 τῇ
1373 4456 1616 4529 Διαθήκῃ
1644 4473 1774 4521 σου;
1811 4457 2006 4510 »Τουτ-

2094 1972 2347 2028 Christus
2375 1968 2622 2023 redemit.

2166 2064 2332 2118 Vens.
2367 2061 2453 2114 H.
2497 2057 2728 2111 Posuisti
2754 2071 2844 2108 nos
2881 2052 3218 2122 opprobrium
3244 2048 3427 2102 vicinis
3455 2045 3674 2104 nostris,

2094 2164 2208 2210 etc.
2239 2153 2340 2220 Qui
2385 2150 2564 2205 allinia
2613 2148 2863 2218 dogmata
2911 2145 3133 2207 habent.
3193 2140 3353 2193 vicini
3399 2146 3549 2200 sunt,
3582 2135 3674 2186 alii

2096 2260 2226 2300 vero
2250 2244 2303 2297 in
2331 2241 2593 2297 circuitu.
2631 2257 2650 2290 ι
2687 2234 2919 2291 Posuisti
2955 2249 3053 2287 nos
3081 2232 3135 2286 in
3164 2229 3580 2283 similitudinem
3618 2227 3672 2278 in

2095 2335 2347 2404 gentibus
2396 2332 2610 2403 (gentes
2665 2328 2808 2382 enim
2879 2322 3028 2377 velut
3090 2317 3408 2390 parabolam
3456 2325 3678 2369 censent

2097 2424 2371 2487 Israelem,
2403 2430 2458 2476 et
2492 2419 2637 2473 velut
2664 2418 2716 2472 in
2756 2413 3021 2486 parabola
3058 2409 3388 2465 solutionem
3424 2414 3678 2476 quarunt

2099 2532 2280 2570 rerum
2331 2508 2577 2579 suarum)
2627 2520 2682 2563 et
2737 2503 3161 2561 commotionem
3199 2499 3418 2568 capitis,
3448 2516 3466 2548 ι
3507 2497 3558 2552 id
3595 2506 3678 2550 est

2097 2606 2323 2661 Christi.
2355 2604 2459 2674 Ipsi
2494 2601 2623 2656 facti
2657 2608 2785 2655 sunt
2818 2615 2836 2649 ι
2870 2597 2923 2650 in
2957 2595 3190 2666 populis.
3224 2611 3244 2644 ι

2176 2791 2338 2846 Vens.
2387 2788 2472 2844 16.
2516 2785 2581 2839 Et
2608 2783 2852 2852 confusio
2897 2779 3055 2850 [aciei
3089 2792 3216 2830 mea:
3261 2775 3527 2841 cooperuit
3576 2786 3682 2837 me,

2100 2895 2210 2938 etc.
2239 2881 2348 2935 Nos
2389 2883 2536 2949 ipsos
2559 2874 2969 2936 contundimus,
2996 2884 3118 2922 cum
3148 2877 3330 2921 mente
3359 2878 3686 2936 peccattms;

2102 2976 2350 3030 homines
2378 2988 2506 3026 vero
2538 2985 2660 3024 cum
2697 2966 2953 3036 operibus
2983 2960 3369 3028 delinquimus.

2176 3157 2338 3211 Vens.
2402 3155 2488 3210 17.
2553 3155 2590 3208 Α
2645 3170 2763 3207 voce
2811 3148 3180 3219 exprobrantis
3229 3156 3276 3199 et
3321 3143 3684 3213 obloqucutis,

2103 3262 2210 3308 etc.
2265 3249 2377 3303 lloc
2409 3249 2697 3302 dicendum
2726 3255 2810 3298 est
2845 3242 2911 3297 ad
2945 3256 3038 3296 eos
3068 3240 3159 3309 qui
3197 3240 3249 3292 in
3284 3235 3682 3307 persecutionic

2101 3345 2199 3399 bus
2228 3340 2631 3396 Sustinuerunl.

2173 3436 2336 3490 Vens.
2371 3433 2458 3488 18.
2485 3430 2549 3490 Et
2580 3431 2752 3496 inique
2777 3442 2876 3479 non
2906 3425 3104 3494 egimus
3135 3421 3189 3474 in
3211 3419 3539 3473 Testamento
3568 3427 3682 3480 tuo,

2099 3539 2208 3585 etc.
2241 3525 2290 3580 l's
2315 3526 2406 3592 qui
2439 3511 2626 3593 pii-cat
2658 3520 2859 3580 sciens,
2895 3517 3079 3585 inique
3107 3514 3217 3582 agit
3244 3513 3295 3565 in
3326 3511 3686 3565 Testamento

2103 3619 2218 3674 Dei.
2275 3637 2292 3668 ι
2346 3618 2411 3669 Et
2461 3632 2564 3667 non
2618 3611 2841 3666 recessit
2885 3615 3031 3661 retro
3078 3620 3175 3658 cor
3229 3611 3498 3663 nostrum,
3547 3617 3570 3650 ι
3625 3609 3683 3652 ut

2102 3710 2288 3764 uxoris
2333 3709 2455 3768 Lot,
2492 3705 2574 3758 vel
2623 3703 2744 3772 ejus
2795 3699 2887 3768 qui
2929 3699 3152 3751 miserat
3200 3708 3416 3747 manum
3457 3693 3523 3744 ad
3553 3705 3682 3744 ara-

2104 3813 2271 3866 trum,
2305 3801 2387 3855 vel
2424 3800 2609 3868 potius
2643 3795 2859 3849 illorum
2896 3791 2987 3860 qui
3020 3787 3222 3844 reversi
3263 3795 3388 3840 sunt
3431 3782 3688 3839 cordibus

2103 3897 2218 3950 suis
2246 3895 2297 3947 in
2339 3891 2658 3961 Egyptum.

2176 3985 2452 4054 Ejusdem.
2497 3981 2683 4048 Inique
2708 3977 2821 4045 agit
2856 3975 2906 4026 in
2937 3971 3292 4025 Testamento
3329 3968 3442 4034 Dei,
3479 3965 3572 4034 qui
3602 3978 3688 4018 se-

2103 4078 2339 4133 cundum
2376 4074 2509 4126 illud
2547 4088 2652 4123 non
2684 4071 2835 4121 vivit.
2871 4064 3191 4125 Contrario,
3241 4060 3437 4128 inquit,
3480 4072 3542 4110 ac
3583 4070 3686 4110 αε-

2105 4169 2206 4224 teri
2237 4167 2394 4221 modo
2439 4180 2538 4218 nos
2570 4161 2837 4214 venimus.
2881 4158 2958 4212 llli
3003 4157 3146 4209 enim
3177 4153 3343 4207 etiam
3393 4161 3682 4218 antequam

2106 4263 2209 4316 ulla
2241 4259 2377 4314 mala
2407 4256 2809 4324 experirentur,
2847 4251 3094 4306 subversi
3140 4260 3264 4303 sunt
3307 4265 3320 4307 ι
3370 4260 3467 4298 nos
3501 4253 3681 4295 autem

2107 4355 2272 4407 etiam
2299 4362 2422 4420 post
2455 4348 2589 4401 mala
2624 4347 2876 4400 Stetimus
2903 4352 2957 4396 et
2990 4342 3040 4394 in
3073 4350 3217 4394 recta
3255 4335 3522 4393 sententia
3563 4347 3686 4401 per-

2107 4443 2364 4499 stitimus.
2395 4439 2533 4505 Quid
2564 4448 2744 4490 autem
2773 4442 2856 4487 est
2887 4451 2900 4486 :
2957 4451 2974 4481 ι
3013 4431 3203 4499 Inique
3250 4444 3353 4481 non
3396 4426 3606 4495 egimus
3631 4423 3683 4476 in

412 4551 586 4608 ἐστιν,
661 4546 762 4598 οὐκ
795 4546 1130 4618 ἠδικήσαμεν
1165 4548 1292 4618 περὶ
1316 4549 1488 4602 ταῦτα
1510 4549 1544 4602 ἆ
1574 4549 1991 4620 ὲπιστεύθημεν,

2107 4537 2456 4591 Testamento
2487 4533 2614 4586 tuo?
2652 4551 2669 4582 ι
2709 4530 2817 4582 lloc
2843 4537 2948 4587 est.
2999 4541 3104 4579 non
3139 4524 3321 4590 inique
3351 4521 3582 4574 fecimus
3632 4519 3684 4571 in

419 4636 534 4688 ἀλλ’
575 4637 919 4709 ὲφυλάξαμεν
950 4639 1086 4709 μετά
1118 4639 1421 4709 ἀκριϐείας.

496 4821 616 4870 Ὅτι
643 4820 1049 4888 ἐταπείνωσας
1109 4819 1264 4891 ἡμᾶς
1316 4823 1385 4873 ἐν
1442 4825 1598 4888 τόπῳ
1655 4822 1997 4890 κακώσεως,

423 4911 517 4962 καὶ
550 4909 938 4979 ἐπεκάλυψεν
965 4913 1122 4982 ἡμᾶς
1154 4915 1295 4967 σκιὰ
1324 4913 1616 4976 θανάτου,
1656 4931 1709 4967 κ.
1739 4932 1787 4967 τ.
1814 4916 1861 4967 ὲ.
1905 4916 2002 4967 T6-

423 5020 523 5067 πος
549 5002 844 5067 κακώσεως
873 5005 982 5075 (25)
1011 5007 1071 5058 τὸ
1106 5005 1443 5075 ἀνθρώπινόν
1472 5007 1586 5058 ἐστι
1618 5005 1776 5076 σῶμα
1797 5046 1810 5069 ,
1842 5009 1934 5061 καὶ
1977 5011 2004 5061 ὁ

420 5094 610 5147 τούτου
647 5095 913 5165 συγγενὴς
935 5096 1155 5165 κόσμος.
1206 5097 1291 5149 Ἐν
1327 5097 1612 5168 ἀλλοτρίᾳ,
1643 5101 1825 5169 φησὶν,
1858 5102 2005 5172 ἡμᾶς

424 5183 564 5239 εἶναι
588 5189 896 5258 πεποίηκας
927 5205 938 5217 ·
971 5189 1107 5260 ὅπερ
1155 5190 1255 5243 οὐκ
1295 5190 1381 5244 εἴα
1437 5191 1534 5254 τὰς
1585 5191 1836 5260 λατρείας
1886 5194 2006 5244 ἐπι-

425 5277 722 5331 τελεῖσθαι.

495 5370 538 5400 ⁹⁷
574 5368 718 5422 Psal.
761 5371 1023 5436 cxxm,5.

495 5459 605 5602 (ΗΞ)
641 5465 747 5543 0i)~
773 5463 882 5531 γὰρ
919 5464 1136 5547 πάντα,
1169 5474 1274 5521 etc.
1307 5467 1507 5520 Catena
1541 5467 1807 5524 Corderii.

521 5531 609 5602 it)
646 5535 779 5597 Ταις
803 5535 910 5602 γὰρ
933 5536 1265 5602 altare/atq.
1297 5547 1403 5590 etc.
1425 5538 1604 5591 Codex
1622 5538 1804 5592 Coislil

521 5531 609 5614 i7)
646 5532 910 5614 Ταῖς-τὰρ
933 5535 1265 5614 ἁμαρτίαις.
1297 5547 1403 5614 etc.
1425 5538 1604 5614 tiodex
1622 5538 2003 5606 Coislinianus,

428 5605 642 5655 scheme
677 5603 860 5655 Grabit
899 5617 951 5657 et
983 5609 1186 5658 (Latona
1220 5607 1467 5660 Barbari.

501 5673 609 5738 (18)
642 5676 704 5726 Οἱ
738 5673 1100 5740 γειτνιῶντα,
1136 5677 1337 5729 Catena
1369 5677 1634 5729 (Iordct'ii.

499 5742 611 5824 (Ill)
657 5743 938 5824 ’ξω-’τοὺς
987 5745 1102 5824 μέν
1132 5787 1144 5810 ,
1198 5759 1301 5824 etc.
1361 5748 1540 5824 podex
1591 5746 1956 5802 (loislinianus
1989 5789 2002 5814 ,

429 5815 646 5865 scitedze
675 5815 885 5874 Grabii,
922 5826 974 5867 et
1007 5816 1211 5870 Catena
1253 5817 1495 5870 Barbari.

502 5881 612 5952 ('10)
654 5883 831 5940 Τοῦτο
869 5885 1138 5954 λεκτέον,
1183 5898 1290 5944 etc.
1336 5887 1563 5944 Sclicdte
1600 5886 1805 5954 Grabii,
1835 5888 2005 5944 codex

2110 4631 2174 4684 iis
2213 4643 2332 4698 qua:
2380 4625 2533 4678 nobis
2578 4623 2779 4677 credita
2821 4629 2966 4685 sunt,
3015 4615 3107 4673 Sed
3139 4633 3202 4671 ea
3233 4630 3354 4669 cum
3382 4611 3532 4667 omni
3563 4611 3687 4666 dili-

2109 4722 2288 4792 gentia
2327 4717 2684 4773 servavimus.

2185 4825 2343 4879 Vens.
2380 4823 2473 4877 20.
2519 4822 2781 4886 Quoniam
2815 4818 3109 4871 humiliasti
3162 4833 3252 4869 nos
3298 4817 3351 4868 in
3402 4814 3515 4866 loco
3558 4811 3686 4881 aﬂli-

2109 4919 2324 4984 ctionis,
2362 4928 2408 4970 et
2439 4917 2704 4981 coeperint
2747 4932 2840 4967 nos
2892 4915 3074 4966 umbra
3127 4912 3330 4974 mortis,
3365 4919 3472 4963 etc.
3513 4905 3685 4958 Locus

2109 5010 2416 5065 alllictionis
2445 5015 2530 5061 est
2562 5009 2858 5061 humamnn
2889 5019 3108 5074 corpus,
3153 5015 3206 5057 et
3244 5003 3369 5055 huic
3412 4997 3690 5069 proximus

2113 5101 2365 5154 mundus.
2407 5097 2460 5150 1η
2503 5097 2677 5151 aliena
2720 5105 2883 5158 terra,
2926 5096 3122 5162 inquit,
3172 5107 3270 5146 nos
3305 5104 3425 5145 esse
3471 5087 3644 5140 fecisti
3675 5103 3686 5116 ο

2112 5190 2257 5261 quod
2294 5189 2573 5259 proprium
2611 5187 2812 5241 cultum
2857 5187 3122 5255 perlicere
3157 5199 3260 5236 non
3308 5179 3685 5250 permittebat.

2115 5465 2485 5523 Coislinianus
2510 5473 2562 5518 et
2591 5464 2794 5518 Catena
2825 5461 3073 5515 Barbari.

2187 5538 2299 5608 (2|)
2342 5537 2396 5586 '0
2433 5534 2806 5608 ἁμαρζιὶινίων,
2855 5542 2963 5584 etc.
3011 5531 3210 5584 Catena
3247 5524 3512 5590 Corderii,
3563 5539 3687 5594 par-

2116 5604 2322 5675 timque
2351 5608 2552 5661 Catena
2586 5604 2833 5675 Balbari.

2184 5664 2296 5744 (2'2)
2339 5675 2546 5729 Ἀδικεῖ
2593 5674 2708 5741 τὴν
2743 5672 3056 5739 A'ct'himu',
3093 5680 3197 5725 etc.
3236 5667 3461 5723 Scllctlte
3501 5664 3689 5722 Ct‘abii

2113 5760 2165 5802 et
2198 5749 2399 5800 Catena
2435 5747 2676 5797 Barbari.

2190 5818 2302 5886 (‘25)
2340 5817 2526 5879 Τόπος
2571 5815 3047 5886 κακώσεως-,κῆρ
3084 5812 3266 5886 (Index
3296 5809 3688 5870 Coisliniauns,

2112 5882 2328 5944 schcda:
2357 5888 2542 5943 Grabti
2578 5897 2631 5940 et
2684 5888 2885 5941 Catena
2915 5882 3162 5938 Barbari.
