4110 6406
460 376 486 430 1
500 377 596 432 -ίῖἸ
1869 371 1962 423 ΚΧ
2001 371 2083 424 UH

2097 370 2303 424 leNE
3582 355 3719 425 αρε

531 487 804 558 Ejusdem.
843 485 992 541 Mens
1015 484 1326 556 cooperitur
1353 483 1541 539 ttmbra
1571 483 1787 551 mortis,
1815 485 2031 554 quando
2062 490 2108 548 Α

2090 495 2108 548 ι
2213 483 2323 538 Τοῦ
2349 483 2554 537 αὐτοῦ.
2594 482 2651 535 Ὀ
2684 481 2806 548 νοῦς
2835 483 3262 538 ὲπικαλὺπτεται
3295 481 3407 552 (24)
3435 485 3562 555 σκιᾷ
3615 485 3713 539 θα-

459 596 566 633 ιιυη
597 580 762 634 videt.
797 579 892 632 Vel
922 592 1120 646 corpus
1145 576 1468 632 humilitatis
1493 585 1576 634 est
1597 577 1787 632 umbra
1819 577 2030 641 mortis,

2137 577 2316 641 νάτου,
2349 577 2438 628 ὅτε
2460 575 2518 627 οὑ
2552 573 2754 644 βλέπει.
2785 573 2851 627 Ἢ
2884 574 2946 627 τὸ
2989 574 3147 645 σῶμα
3189 574 3288 645 τῆς
3337 571 3716 640 ταπεινώσεως

460 673 561 724 sub
587 670 740 739 cujus
769 669 956 721 umbra
992 668 1259 722 nascitur.

2137 667 2266 720 σκιά
2287 668 2401 718 ἐστι
2427 664 2679 729 θανάτου,
2714 658 2775 718 οὗ
2805 667 2870 734 τῇ
2900 666 3027 734 σκιᾷ
3059 665 3332 732 γεννᾶται.

532 759 692 812 Vens.
745 757 836 810 2|.
893 756 955 811 Si
1009 757 1361 824 expandimus
1444 773 1635 810 manus
1695 765 1906 810 nostras
1964 757 2032 809 ad

2203 759 2273 812 El
2295 753 2729 824 διεπετάσαμεν
2758 755 2960 823 χεῖρας
2989 753 3158 822 ἡμῶν
3186 754 3335 822 πρὸς
3362 755 3511 808 Θεὸν
3529 755 3713 809 ἀλλό-

461 848 629 903 Deum
669 848 923 913 alienum,
957 855 1065 900 etc.
1103 847 1158 900 Si
1193 846 1316 914 quis
1352 860 1462 899 non
1512 854 1596 899 est
1642 845 1872 900 scientia
1913 844 2034 898 sub-

2133 865 2316 915 τριον,
2341 864 2392 900 κ.
2424 863 2473 899 τ.
2507 847 2554 898 ὲ.
2593 846 2659 898 Εἴ
2705 862 2788 909 τις
2835 845 2936 897 οὑκ
2976 845 3092 896 ἔστι
3126 843 3238 914 (⁵25)
3295 843 3495 912 γνῶσις
3528 842 3717 896 οὑσιὼ-

459 940 748 1005 stantialis,
781 939 863 994 vel
901 939 1042 994 hanc
1083 953 1188 994 non
1235 939 1400 993 habet
1448 937 1502 992 in
1546 937 1745 1006 seipso,
1778 938 1917 991 Deus
1951 945 2034 990 est

2133 937 2250 1008 δης,
2285 937 2318 1008 ἦ
2356 935 2557 1006 ταύτην
2589 934 2688 1005 τὴν
2726 936 2925 1004 γνῶσιν
2955 934 3053 988 οὑκ
3089 933 3200 1003 ἔχει
3247 935 3304 986 ὲν
3344 933 3554 1005 ἑαυτῷ,
3583 932 3715 996 Θεός

458 1034 684 1088 ahenus.

2133 1033 2280 1084 ἐστιν
2311 1030 2609 1100 ἀλλότριος.

529 1125 694 1180 Vens.
729 1123 820 1178 22.
862 1122 1124 1188 Quoniam
1171 1130 1382 1191 propter
1417 1131 1465 1174 te
1500 1120 1884 1188 mortiﬁcamur
1921 1127 2032 1172 tota

2207 1124 2326 1176 ’Ότι
2356 1121 2533 1176 ἕνεκά
2561 1136 2678 1176 σου
2701 1122 3110 1192 θανατούμεθα
3139 1119 3292 1188 ὅλην
3323 1116 3437 1186 τὴν
3462 1117 3715 1186 ψιέραν,

457 1215 563 1280 die,
591 1216 844 1270 aestimati
876 1231 1056 1268 sunms
1093 1214 1232 1288 sicut
1257 1229 1374 1267 oves
1404 1212 1705 1277 occisionis,
1741 1221 1850 1266 etc.
1891 1211 2032 1265 Pau-

2133 1215 2532 1284 ἐλογίσθημεν
2581 1213 2662 1280 ὡς
2711 1215 2973 1281 πρόϐατα
3015 1210 3290 1283 σφαγῆς,
3339 1227 3393 1263 κ.
3439 1227 3487 1263 τ.
3537 1210 3585 1263 ἑ.
3655 1207 3715 1261 ’0

459 1309 543 1362 lns
577 1307 652 1363 ait
684 1308 728 1339 ’⁸
767 1325 781 1361 :
825 1327 842 1358 ι
870 1305 1122 1372 Quotidie
1148 1304 1354 1359 morior
1385 1320 1480 1374 per
1510 1311 1746 1358 vestram
1776 1303 2030 1371 gloriam,

2133 1305 2345 1368 Παῦλός
2390 1321 2523 1375 φησι
2565 1303 2707 1374 (26)’
2762 1323 2780 1355 ι
2845 1304 2984 1358 Καθ’
3017 1303 3230 1376 ἡμέραν
3263 1300 3612 1370 ἀποθνήσκω,
3647 1297 3712 1368 νὴ

459 1402 623 1472 ’110
665 1417 826 1470 quam
862 1398 1037 1454 habeo
1082 1399 1136 1451 in
1183 1397 1404 1452 Christo
1447 1394 1596 1451 Jesu.
1637 1415 1656 1448 ι
1703 1395 1812 1450 Cur
1849 1405 2030 1451 autem

2131 1397 2228 1470 τὴν
2254 1397 2524 1470 ὑμετέραν
2545 1396 2836 1469 καύχησιν,
2869 1398 2935 1468 ἣν
2965 1397 3069 1468 ἔχω
3091 1398 3148 1451 ἐν
3182 1395 3400 1467 Χριστῷ
3447 1393 3642 1465 Ἰησοῦ.
3685 1412 3707 1444 ι

460 1497 564 1558 ait,
593 1513 611 1546 ι
644 1505 862 1562 propter
892 1491 985 1546 te?
1018 1510 1037 1544 ι
1073 1490 1338 1557 Quoniam
1366 1489 1418 1542 in
1447 1488 1604 1543 nobis
1624 1496 1743 1542 erat
1775 1489 2032 1542 deserere

2132 1488 2230 1542 Διὰ
2252 1488 2304 1541 τί
2336 1488 2392 1542 δέ
2409 1506 2594 1560 φησιν,
2637 1505 2656 1540 ι
2686 1489 2851 1542 ἕνεκα
2885 1487 3016 1555 σοῧ;
3060 1507 3078 1541 ι
3123 1488 3244 1540 ’Ότι
3281 1485 3408 1556 ἐξῆν
3437 1487 3569 1556 ἡμῖν
3616 1501 3713 1556 με-

457 1594 513 1638 ct
541 1584 848 1652 relinquere
893 1581 1066 1650 patria
1119 1579 1390 1640 instituta,
1442 1587 1498 1632 et
1544 1566 1665 1631 esse
1700 1575 1899 1639 securi,
1935 1575 2031 1629 sed

2131 1579 2465 1644 τατάξασθαι
2487 1580 2580 1632 καὶ
2612 1581 2829 1650 ἀφεῖναι
2853 1579 2953 1652 τὴν
2985 1579 3241 1652 πατρῴαν
3276 1578 3551 1632 πολιτείαν
3573 1616 3587 1641 ,
3617 1576 3710 1630 καὶ

461 1674 749 1728 maluimus
786 1671 923 1726 allici
953 1670 1114 1730 malis
1150 1677 1205 1724 et
1245 1677 1527 1737 paternam
1572 1667 1887 1736 religionem
1917 1681 2031 1720 ser-

2131 1668 2352 1725 εἷναιὲν
2396 1671 2695 1741 ἀσφαλείᾳ·
2727 1671 2841 1725 ἀλλ’
2895 1670 3197 1741 αἱρούμεθα
3249 1671 3477 1741 πάσχειν
3526 1667 3711 1731 κακῶς

461 1780 611 1828 vare,
636 1779 796 1832 quam
825 1777 955 1832 pace
978 1761 1083 1815 frui
1105 1769 1160 1816 et
1191 1776 1220 1814 a
1247 1759 1439 1830 patriis
1463 1759 1732 1814 institutis
1751 1758 2026 1814 excidere.
2069 1833 2084 1834 γ

2135 1763 2336 1834 μᾶλλον
2361 1763 2452 1816 καὶ
2483 1762 2552 1816 τὰ
2585 1760 2814 1833 πατρῷα
2853 1762 3163 1831 φυλάττειν,
3211 1762 3244 1832 ἦ
3293 1763 3514 1834 εἰρήνης
3571 1761 3711 1813 ἀπο-

458 1858 648 1927 Opera:
692 1855 922 1925 pretium
963 1863 1047 1909 est
1094 1851 1356 1906 admirari
1406 1850 1497 1905 Dei
1556 1851 1836 1915 virtutem,
1889 1833 2081 1919 quo-l

2092 1835 2103 1885 ἶ
2132 1854 2314 1909 λαύειν
2337 1857 2432 1909 καὶ
2459 1855 2568 1908 τῶν
2603 1852 2869 1925 πατρῴων
2904 1856 3177 1909 ἐκπεσεῖν.
3201 1853 3383 1918 Ἀξιον
3435 1851 3715 1919 ἐκπλαγῆ-

461 1951 602 2002 niam
631 1949 700 2002 ita
731 1954 1076 2014 comparatos
1105 1943 1354 1998 homines
1385 1942 1525 1996 sicut
1564 1957 1694 1996 oves
1740 1942 2030 1998 occisionis

2133 1965 2220 2001 ναι
2254 1945 2346 1999 τοῦ
2374 1945 2506 1998 Θεοῦ
2543 1944 2642 2015 τὴν
2669 1945 2842 2014 ίσχὺν,
2881 1945 2960 1997 ὅτι
2993 1946 3119 2007 τοὺς
3141 1944 3284 1997 οὑτω
3319 1943 3711 2014 προκειμένους

458 2039 710 2100 servavit,
765 2043 819 2090 et
865 2033 1108 2104 quotidie
1150 2033 1447 2088 morientes
1501 2047 1612 2088 non
1673 2032 1921 2105 permisit
1977 2032 2030 2086 in

2131 2039 2206 2102 ὡς
2225 2039 2470 2109 πρόϐατα
2501 2039 2714 2109 σφαγῆς
2741 2039 3052 2110 διετήρησε,
3084 2037 3176 2090 καὶ
3203 2037 3322 2090 καθ’
3341 2034 3554 2106 ἡμέραν
3577 2037 3714 2088 ἁπο-

460 2137 688 2181 mortem
715 2124 971 2180 incidere.

2134 2131 2462 2202 θνήσκοντας
2501 2131 2599 2184 οὑκ
2631 2131 2838 2199 ἀφῆκεν
2873 2130 3136 2200 ἐμπεσεῖν
3165 2129 3244 2192 εἰς
3279 2127 3527 2180 θάνατον.

525 2215 691 2271 Vens.
744 2216 838 2270 25.
889 2214 1154 2285 Exsurge,
1207 2230 1370 2286 quare
1417 2213 1705 2280 obdormis,
1762 2211 2035 2267 Domine?

2217 2222 2598 2293 Ἐξεγὲρθητι,
2625 2224 2725 2277 ἵνα
2751 2223 2808 2276 τί
2834 2220 3070 2286 ὑπνοῒς,
3089 2221 3298 2288 Κύριε;
3332 2235 3386 2272 κ.
3404 2237 3455 2272 τ.
3488 2219 3535 2272 ὲ.
3554 2215 3715 2270 Ἐκάς-

460 2310 723 2364 bormivit
746 2309 1036 2378 aliquando
1060 2307 1220 2364 Jesus
1248 2308 1302 2362 in
1335 2308 1584 2362 navicula
1612 2306 2028 2377 discipulorum,

2133 2313 2284 2367 θευδέ
2311 2331 2439 2366 ποτε
2474 2314 2585 2384 (27)
2615 2315 2671 2368 ὲν
2695 2313 2773 2385 τῷ
2804 2313 2972 2384 πλοίῳ
3002 2313 3109 2366 τῶν
3141 2310 3437 2382 μαθητῶνὸ
3456 2307 3709 2381 Χριστὸς,

457 2403 554 2456 sed
589 2400 966 2455 vehementius
997 2400 1241 2452 irruente
1272 2408 1442 2454 vento
1479 2397 1730 2468 discipuli
1765 2413 1887 2452 eum
1936 2413 2034 2452 ex-

2131 2407 2264 2460 ἀ).λὰ
2294 2407 2582 2475 γενομένου
2615 2405 2881 2477 χειμῶνος
2925 2404 3210 2475 ὲξήγειραν
3254 2399 3415 2454 αὑτὸν
3443 2401 3490 2452 οἱ
3537 2397 3716 2469 μαθηο

458 2494 753 2545 citarunt:
803 2491 1000 2559 quibus
1066 2490 1360 2556 docemur,
1415 2498 1472 2543 ut
1529 2499 1718 2544 exorta
1769 2489 1822 2544 in
1875 2489 2032 2544 nobis

2130 2496 2258 2550 ταί·
2325 2495 2631 2558 δεικνύντος
2685 2493 2780 2548 τοῦ
2808 2494 2988 2562 λόγου,
3025 2491 3290 2563 χειμῶνος
3334 2486 3612 2558 λογισμῶν
3653 2487 3713 2538 ἐν

461 2585 577 2648 ine,
625 2581 710 2636 vel
752 2581 1051 2650 iniustitiae,
1087 2581 1170 2634 vel
1204 2580 1361 2650 gulae,
1393 2580 1478 2636 vel
1525 2580 1789 2649 superbiae
1823 2590 2032 2649 tempe.

2131 2587 2276 2658 ψυχῇ
2310 2585 2600 2656 γενομένου
2630 2585 2801 2656 ὀργῆς
2834 2585 2866 2656 ἢ
2895 2583 3128 2646 ἀδικίας,
3165 2582 3198 2651 ἢ
3243 2575 3712 2650 γαστριμαργίας,

460 2691 626 2741 state,
689 2677 992 2731 excitemus
1038 2675 1402 2738 charitatem,
1445 2674 1738 2744 justitiam,
1803 2676 2032 2729 castita-

2134 2678 2168 2748 ἢ
2232 2678 2637 2749 ὑπερηφανίας,
2682 2677 2988 2741 ὲξυπνίζειν
3044 2673 3286 2742 ἀγάπην,
3344 2667 3710 2736 δικαιοσύνην,

461 2783 590 2833 tem,
639 2767 1075 2837 temperantiam,
1131 2763 1520 2831 humilitatem,
1587 2765 1897 2832 scientiam,
1946 2779 2035 2821 sa-

2135 2770 2509 2843 σωφροσύνην,
2550 2770 2899 2842 ἐγκράτειαν,
2934 2765 3457 2836 ταπεινοφροσύνην,
3490 2760 3710 2830 γνῶσιν,

460 2859 742 2928 pientiam.

727 2896 742 2912 .
2135 2861 2347 2930 σοφίαν.

530 2951 696 3007 Vsus.
735 2951 826 3008 26.
869 2947 1132 3020 Exsurge,
1166 2949 1405 3014 Domine,
1435 2949 1630 3018 ndjuva
1683 2966 1821 3015 nos;
1852 2960 1900 3003 et
1945 2965 2030 3003 re-

2217 2951 2486 3014 Ἆνάστα,
2514 2951 2712 3020 Κύριε,
2737 2949 3054 3017 βοήθησον
3096 2946 3257 3017 ἡμῖν,
3288 2943 3383 2998 καὶ
3414 2942 3715 3011 λύτρωσαι

457 3044 594 3096 a'ime
626 3058 716 3096 nos
749 3051 963 3111 propter
1005 3058 1193 3096 nomen
1227 3051 1399 3106 tuum,
1439 3052 1548 3096 etc.
1599 3041 1723 3096 "ch
1763 3042 1870 3096 dici
1901 3057 2030 3112 pos-

2135 3042 2291 3114 ὴμᾶς
2318 3043 2524 3097 ἕνεκεν
2545 3043 2649 3098 τοῦ
2681 3042 2970 3111 ὀνόματός
3002 3054 3140 3102 σου,
3195 3055 3251 3091 κ.
3282 3055 3331 3090 τ.
3389 3036 3435 3089 ὲ.
3493 3033 3719 3101 Λέγοιεν

459 3143 583 3187 sunt
611 3134 677 3188 ad
706 3134 1041 3188 Salvatorem
1084 3134 1138 3188 in
1179 3136 1344 3189 corde
1395 3143 1557 3190 terrae
1599 3143 2082 3224 commorantem(

2096 3165 2103 3220 ι
2133 3134 2359 3187 τοιαῦτα
2387 3134 2499 3204 (‘28)
2534 3133 2669 3205 πρὸς
2698 3133 2792 3184 τὸν
2825 3130 3052 3201 Σωτῆρα
3079 3130 3135 3182 ὲν
3162 3129 3228 3199 τῇ
3260 3126 3461 3199 καρδίᾳ
3492 3125 3588 3195 τῆς
3614 3122 3719 3191 γῆς

461 3235 702 3295 tempore
726 3225 994 3294 passionis
1023 3241 1036 3277 :
1069 3224 1159 3292 qui
1191 3239 1314 3279 cum
1346 3225 1584 3279 animam
1625 3239 1779 3278 suam
1823 3224 2033 3279 dederit
2065 3214 2084 3224 “

2096 3214 2102 3220 ’
2139 3227 2483 3299 διατρίϐοντα
2511 3224 2653 3278 κατὰ
2681 3224 2770 3277 τὸν
2810 3222 2902 3275 τοῦ
2950 3221 3157 3284 πάθους
3207 3219 3431 3291 καιρόν·
3487 3217 3566 3280 ὃς,
3619 3214 3719 3287 τὴν

461 3316 888 3388 redemptionem
920 3331 1018 3388 pro
1043 3316 1246 3383 multis,
1279 3316 1407 3373 facit
1447 3318 1563 3372 htcc
1600 3331 1698 3387 pro
1731 3316 1899 3389 gloria
1933 3331 2030 3372 no-

2139 3317 2314 3387 ψυχὴν
2348 3315 2512 3369 αὑτοῦ
2547 3313 2739 3384 λύτρον
2766 3311 2940 3375 διδοὺς
2974 3311 3095 3364 ἀντὶ
3115 3308 3348 3374 πολλῶν,
3377 3309 3521 3362 ποιεί
3547 3303 3723 3358 ταῦτα

461 3409 622 3466 minis
655 3410 760 3466 sui.

2141 3408 2282 3478 ὑπὲρ
2313 3407 2410 3477 τῆς
2431 3405 2586 3476 δόξης
2611 3403 2704 3458 τοῦ
2737 3404 2998 3476 ὀνόματος
3040 3399 3225 3454 αὑτοῦ.

970 3585 1290 3642 PSALMUS
1333 3585 1516 3642 XLIV.

2703 3581 2997 3636 ΨΑΛΜΟΣ
3022 3581 3151 3633 MA'.

531 3678 693 3734 Vens.
713 3677 770 3732 2.
811 3677 1084 3732 Eructavit
1116 3695 1206 3732 cor
1229 3694 1402 3732 meum
1428 3679 1639 3733 verbum
1665 3678 1881 3744 bonum,
1913 3679 2033 3733 dico

2226 3674 2619 3744 Ἐξηρεύξατο
2647 3674 2685 3742 ἡ
2713 3672 2927 3742 καρδία
2951 3689 3069 3740 μου
3095 3672 3282 3737 λόγον
3315 3666 3544 3736 ἀγαθὸν
3563 3708 3578 3730 ,
3618 3665 3721 3718 λέ-

459 3785 552 3838 ego
575 3785 732 3839 opera
752 3787 865 3824 mea
895 3771 1023 3839 regi.
1046 3770 1253 3841 Lingua
1279 3787 1396 3825 mea
1419 3772 1656 3826 calamus
1683 3772 1870 3826 scriba:
1903 3771 2034 3826 uelo-

2141 3789 2222 3841 πω
2247 3769 2361 3838 ἐγὼ
2386 3767 2458 3820 τὰ
2479 3765 2622 3835 ἔργα
2655 3781 2773 3833 μου
2796 3761 2875 3828 τῷ
2901 3758 3166 3826 βασιλεῖ.
3204 3760 3266 3814 Ἠ
3310 3753 3563 3827 γλῶσσά
3598 3771 3721 3823 μου

461 3863 590 3915 citer
605 3863 905 3932 scribentis,
929 3872 1035 3919 etc.
1068 3881 1085 3913 ι
1107 3863 1388 3918 Eructavit
1411 3882 1429 3916 ›
1453 3865 1631 3933 posuit
1649 3880 1746 3933 pro
1769 3881 1788 3914 ι
1809 3865 1945 3918 dixit
1968 3883 1981 3918 :
2009 3883 2027 3916 ι

2141 3861 2411 3930 κάλαμος
2439 3855 2818 3928 γραμματέως
2843 3852 3184 3922 ὀξυτράεεου
3205 3891 3220 3913 ,
3251 3867 3303 3903 κ.
3333 3867 3384 3902 τ.
3415 3850 3461 3902 ὲ.
3520 3847 3594 3900 Τὸ
3640 3846 3719 3908 δὲ,

469 3969 566 4006 non
595 3955 736 4023 quod
767 3953 938 4008 [illum
969 3955 1366 4010 ernctationem
1401 3965 1578 4021 vocet,
1609 3955 1706 4010 sed
1737 3955 1880 4010 illam
1913 3971 2034 4027 qua:

2143 3974 2161 4006 ι
2185 3950 2546 4024 Ἐξηρεὺξατο
2578 3948 2711 4020 (29),
2744 3967 2762 3999 ι
2793 3947 2914 3999 ἀντὶ
2941 3943 3036 3997 τοῦ
3078 3961 3096 3994 ι
3137 3941 3436 4011 ἐφθέγξατο
3475 3958 3494 3992 ι
3534 3934 3717 3991 εἶπεν·

462 4047 525 4099 de
563 4046 676 4114 ipse
715 4045 794 4109 fit,
826 4048 1248 4101 enarrationem.
1293 4047 1530 4102 Persona
1556 4063 1686 4102 vero
1714 4063 1836 4118 qua:
1859 4047 2035 4116 loqui-

2137 4047 2236 4116 οὑχ
2266 4043 2352 4096 ἵνα
2378 4040 2469 4095 τὸν
2499 4040 2613 4092 υἱὸν
2646 4038 2848 4108 ὲρυγὴν
2876 4035 3026 4108 εἴπῃ,
3059 4033 3195 4088 ἀλλά
3234 4032 3332 4103 τὴν
3375 4031 3503 4102 περὶ
3553 4029 3719 4083 αὑτοῦ

463 4149 546 4189 ιιιι·
581 4137 752 4206 possit
778 4153 898 4192 esse
938 4137 1146 4192 David:
1179 4153 1304 4192 nam
1345 4137 1390 4191 si
1433 4151 1589 4206 pater
1641 4139 1752 4192 [ilio
1791 4139 1893 4195 hoc
1936 4155 2036 4194 an-

2136 4137 2407 4208 διήγησιν.
2444 4131 2516 4185 Τὸ
2543 4129 2700 4198 λέγον
2733 4127 2790 4181 δὲ
2833 4126 3120 4198 πρόσωπον
3152 4124 3238 4194 εἴη
3271 4123 3335 4177 ἂν
3365 4123 3393 4175 6
3430 4122 3616 4176 Δαυϊδ·
3671 4123 3722 4174 εί

463 4228 757 4293 nuntiaret,
802 4229 1133 4299 reperiretur
1180 4228 1323 4284 ﬁlius
1374 4227 1654 4297 ignorans,
1690 4237 1743 4284 et
1778 4229 2034 4299 operibus

2138 4227 2246 4299 γὰρ
2270 4225 2347 4296 τῷ
2376 4221 2476 4293 υίῷ
2500 4223 2527 4275 ὁ
2549 4220 2730 4290 πατὴρ
2747 4215 3100 4288 ἀπήγγειλεν,
3131 4214 3488 4286 εὑρεθήσεται
3508 4213 3719 4282 ἀγνοῶν

460 4319 746 4386 νοειοΐῖονο
2065 4322 2113 4380 D
2140 4322 2169 4372 6
2203 4319 2337 4382 υἱὸς,
2375 4313 2602 4370 καὶτῶν
2634 4312 2810 4385 ἔργων
2844 4309 3322 4380 μεταγενέστερος.

532 4411 808 4481 Ejusdem.
851 4413 1086 4468 Verbum
1119 4414 1318 4468 bonum
1342 4424 1446 4478 est,
1481 4414 1625 4484 quod
1657 4413 1753 4470 Dei
1778 4413 2032 4467 virtutem

2215 4411 2325 4465 Τοῦ
2359 4405 2563 4461 αὑτοῦ.
2595 4404 2762 4470 Λόγος
2805 4400 3008 4468 ἀγαθός
3029 4401 3174 4452 ἐστιν
3201 4397 3312 4469 (50)
3347 4399 3375 4450 6
3430 4394 3629 4468 ἀρετὴν
3685 4395 3719 4466 ἢ

461 4514 554 4556 aut
582 4505 865 4559 scientiam
895 4506 1188 4576 signiﬁcat.

2139 4505 2338 4576 γνῶσιν
2369 4499 2651 4572 σημαίνων
2677 4495 2808 4550 Θεοῦ
2820 4535 2831 4548 .

531 4595 814 4668 Ejusdem.
858 4596 1114 4652 Calamus
1157 4596 1353 4651 scriba:
1405 4595 1669 4650 velociter
1720 4595 2068 4658 scribentis,o

2214 4596 2325 4650 Τοῦ
2376 4591 2581 4648 αὐτοῦ.
2624 4589 2884 4658 Κάλαμος
2931 4583 3301 4655 γραμματέως
3329 4581 3440 4652 (51)
3486 4576 3719 4648 όξυγρά-

463 4697 542 4738 est
572 4667 750 4754 lingua
783 4685 1073 4752 enjnslihet
1106 4688 1195 4754 qui
1230 4687 1364 4740 dicit
1397 4703 1561 4758 Opera
1591 4702 1687 4739 sua
1722 4686 1858 4755 regi.
1898 4685 2030 4738 Nam

2142 4706 2242 4757 φου
2278 4689 2310 4756 ὴ
2343 4683 2564 4753 γλῶσσά
2598 4683 2711 4733 ἐστι
2747 4677 2945 4739 παντὸς
2985 4675 3232 4742 λέγοντος
3268 4673 3336 4725 τά
3375 4672 3509 4742 ἔργα
3551 4667 3717 4722 αὑτοῦ

461 4777 598 4830 bene
627 4776 727 4830 sibi
754 4777 1006 4830 conscius
1039 4778 1258 4844 propria
1305 4790 1453 4834 recte
1485 4787 1635 4848 gesta
1680 4777 2030 4846 promulgat;

2139 4779 2218 4850 τῷ
2237 4775 2463 4848 βασιλεῖ.
2489 4770 2874 4838 Εὑσυνείδητος
2891 4768 3000 4838 γὰρ
3031 4767 3096 4819 τὰ
3129 4767 3236 4820 ἴδια
3260 4763 3591 4834 ἀπαγγέλλει
3629 4762 3723 4814 ἀν-

461 4867 550 4935 qui
600 4873 782 4919 autem
834 4865 970 4918 male
1013 4865 1118 4918 sibi
1164 4868 1416 4923 conscius
1449 4877 1552 4934 est,
1587 4868 1633 4923 is
1663 4868 1806 4922 lenta
1847 4868 2031 4937 lingua

2141 4867 2388 4939 δραγαθή
2399 4881 2544 4935 ματα
2565 4879 2578 4892 ο
2615 4865 2642 4915 6
2665 4861 2722 4914 δὲ
2747 4859 2816 4912 τὰ
2847 4857 3064 4910 ἐναντία
3110 4856 3288 4926 ἐαυτῷ
3315 4853 3590 4918 συνειδὼς,
3638 4852 3722 4904 λέ-

465 4960 573 5029 rcgi
603 4973 766 5027 opera
800 4973 892 5012 sua
926 4959 1080 5013 dicit.

2143 4976 2254 5027 γων
2277 4957 2346 5010 τά
2376 4956 2510 5027 ἔργα
2537 4951 2700 5005 αὑτοῦ
2731 4949 2809 5018 τῷ
2842 4947 3069 5018 βασιλεῖ,
3104 4947 3538 5019 βραδὺγλωσσος.

539 5051 700 5104 Vsus.
749 5050 803 5105 ἦ.
857 5049 1132 5119 Speciosus
1190 5051 1363 5120 forma
1410 5069 1520 5120 prae
1566 5054 1691 5118 ﬁliis
1734 5055 2028 5115 hominum,

2220 5047 2447 5115 Ὠραῐος
2469 5043 2674 5098 κάλλει
2691 5039 2849 5108 παρὰ
2868 5038 3009 5104 τοὺς
3039 5037 3207 5102 υἱοὺς
3234 5034 3354 5088 τῶν
3371 5032 3721 5100 ἀνθρώπων,

463 5156 568 5198 etc.
609 5143 686 5196 Ex
722 5156 957 5210 persona
989 5141 1266 5210 propheta:
1297 5143 1410 5198 hac
1436 5145 1712 5209 dicuntur,
1744 5142 1899 5212 cujus
1929 5141 2033 5194 lin-

2139 5157 2194 5192 κ.
2219 5156 2269 5191 τ.
2294 5140 2340 5191 ἑ.
2388 5137 2483 5190 Ἐκ
2525 5132 2619 5187 τοῦ
2665 5128 3005 5202 προφητικοῦ
3059 5126 3349 5200 προσώπου
3385 5125 3496 5195 (3‘2)
3552 5124 3725 5178 ταῦτα

532 5235 578 5266 ’⁸
606 5235 622 5286 l
657 5233 782 5287 Cor.
814 5247 898 5288 xv.
931 5231 1020 5286 '51.

532 5328 644 5399 ('24)
687 5326 741 5379 Ὀ
783 5325 930 5391 νοῦς
970 5323 1461 5389 ἐπικαλύπτεται,
1508 5334 1616 5379 etc.
1664 5321 1867 5378 Catena
1903 5321 2041 5376 Cor-

1952 5335 2041 5375 or-
2366 5316 2611 5399 λὲᾷγοιεν
2637 5318 2902 5399 τοιαῦτα,
2924 5326 3036 5399 etc.
3070 5316 3274 5399 Catena
3308 5311 3575 5399 Co_rderii.

463 5381 641 5452 deiii.’
904 5381 922 5391 ’
1447 5381 1459 5389 ’

2217 5381 2330 5458 (29)
2370 5381 2592 5453 Τὸτδέ,
2666 5387 3058 5456 Ἐξηρεύξατο
3090 5424 3106 5451 ,
3163 5395 3272 5440 etc.
3333 5385 3538 5437 Catena
3589 5381 3725 5435 Cor-

534 5469 647 5540 (2-5)
681 5467 758 5521 Et
779 5485 867 5540 ζις
905 5467 1018 5540 οὐκ
1069 5465 1203 5518 ἐστι
1230 5505 1244 5530 ,
1296 5473 1404 5517 etc.
1436 5463 1618 5518 Codex
1646 5461 2038 5525 Coislinianus,
2143 5479 2157 5514 t

2031 5502 2038 5525 ’
2143 5460 2321 5540 deliiI.
2375 5535 2385 5540 -
2427 5531 2440 5540 .
2587 5530 2600 5540 .
2698 5532 2756 5540 -.
2831 5531 2843 5540 .
3084 5537 3093 5540 _
3192 5523 3370 5540 ,κέλης
3430 5518 3654 5540 n-2-ts_:

462 5551 516 5590 ct
785 5518 865 5590 ni.
876 5518 1041 5590 rhari.
1231 5518 1244 5530 '
1868 5599 1872 5600 ί
2025 5518 2037 5525 ⁷

2214 5529 2326 5600 (50)
2354 5531 2544 5600 Λόγος
2567 5530 2790 5600 ἀγαθός
2818 5531 3012 5591 ἐστιν,
3046 5537 3155 5582 etc.
3189 5523 3370 5580 Codex
3429 5518 3726 5576 Coislinia-

535 5608 648 5674 (26)
712 5609 768 5658 Ὁ
807 5606 1048 5670 Παῦλός
1085 5619 1236 5674 φησι
1263 5645 1277 5669 ,
1325 5613 1432 5658 etc.
1482 5602 1710 5657 Scbcdre
1753 5599 1939 5656 Grabii
1981 5610 2034 5656 et
2144 5618 2158 5655 l

2144 5599 2575 5674 nns_e_t(latcna
2615 5599 2866 5655 Barbari.
2950 5667 2961 5674 _
3227 5664 3260 5674 ⁸
3456 5662 3490 5674 Π
3581 5661 3592 5674 _
3664 5659 3696 5670 η

464 5661 666 5729 Catena
697 5675 943 5728 Barbari.
1023 5661 1039 5670 ’
1085 5661 1103 5674 ”
1152 5661 1164 5672 ’
1265 5661 1275 5669 ⁷

2213 5670 2326 5738 (3t)
2353 5670 2630 5740 Κτίλαμος
2659 5667 3062 5740 γραμματέως,
3097 5675 3204 5740 etc.
3221 5664 3422 5718 Catena
3451 5661 3725 5740 Co_r_dc_rii.

535 5745 646 5812 (27)
686 5743 997 5798 Ἐκὰθευδέ
1027 5760 1191 5808 ποτε,
1228 5751 1336 5798 ctc.
1388 5743 1616 5798 Scltcdzt:
1644 5742 1828 5800 Gt‘ubii
1857 5752 1909 5795 et
1933 5741 2033 5796 (ἔξι-
2155 5811 2158 5812 ν

2155 5810 2179 5812 ᾉ
2211 5731 2325 5806 (32)
2371 5741 2462 5794 Ἐκ
2486 5731 2982 5811 τοῦῖτροφῇὶικοῦ
3012 5731 3358 5806 προσώπου,
3382 5744 3487 5790 etc.
3527 5731 3730 5785 Eadem

468 5810 587 5868 tena
613 5810 864 5868 Barbari.
1957 5884 1959 5886 _
2141 5810 2366 5866 Catena.
