  <div class='ocr_page' id='page_1' title='image "/cluster/home/n/w/nwhite01/storage/ocr_20150623/12:no.2/coo.31924054873074/728.png"; bbox 0 0 4110 6416; ppageno 0'>
   <div class='ocr_carea' id='block_1_1' title="bbox 412 425 549 479">
    <p class='ocr_par' dir='ltr' id='par_1_1' title="bbox 412 425 549 479">
     <span class='ocr_line' id='line_1_1' title="bbox 412 425 549 479; baseline 0.007 -1"><span class='ocrx_word' id='word_1_1' title='bbox 412 426 433 478; x_wconf 74' lang='lat' dir='ltr'><strong>i</strong></span> <span class='ocrx_word' id='word_1_2' title='bbox 452 425 549 479; x_wconf 63' lang='grc' dir='ltr'><strong>ΕΞ)</strong></span> 
     </span>
    </p>
   </div>
   <div class='ocr_carea' id='block_1_2' title="bbox 1364 413 2696 474">
    <p class='ocr_par' dir='ltr' id='par_1_2' title="bbox 1364 413 2696 474">
     <span class='ocr_line' id='line_1_2' title="bbox 1364 413 2696 474; baseline -0.006 0"><span class='ocrx_word' id='word_1_3' title='bbox 1364 417 1673 474; x_wconf 64' lang='lat' dir='ltr'><strong>Sl‘lLEC&#39;lA</strong></span> <span class='ocrx_word' id='word_1_4' title='bbox 1714 419 1778 472; x_wconf 68' lang='grc' dir='ltr'><strong>ΙΝ</strong></span> <span class='ocrx_word' id='word_1_5' title='bbox 1815 417 2153 472; x_wconf 69' lang='lat' dir='ltr'><strong>PSAHIOS.</strong></span> <span class='ocrx_word' id='word_1_6' title='bbox 2191 447 2258 456; x_wconf 84' lang='lat'><strong>—-</strong></span> <span class='ocrx_word' id='word_1_7' title='bbox 2298 414 2493 470; x_wconf 67' lang='lat' dir='ltr'><strong>PSAL</strong></span> <span class='ocrx_word' id='word_1_8' title='bbox 2535 413 2696 470; x_wconf 71' lang='lat' dir='ltr'><strong>XLIV</strong></span> 
     </span>
    </p>
   </div>
   <div class='ocr_carea' id='block_1_3' title="bbox 3526 417 3692 469">
    <p class='ocr_par' dir='ltr' id='par_1_3' title="bbox 3526 417 3692 469">
     <span class='ocr_line' id='line_1_3' title="bbox 3526 417 3692 469; baseline -0.006 0"><span class='ocrx_word' id='word_1_9' title='bbox 3526 417 3692 469; x_wconf 43' lang='lat'><strong>157.0“:-</strong></span> 
     </span>
    </p>
   </div>
   <div class='ocr_carea' id='block_1_4' title="bbox 409 523 1975 603">
    <p class='ocr_par' dir='ltr' id='par_1_4' title="bbox 409 524 1975 603">
     <span class='ocr_line' id='line_1_4' title="bbox 409 524 1975 603; baseline 0.003 -15"><span class='ocrx_word' id='word_1_10' title='bbox 409 537 647 603; x_wconf 78' lang='grc' dir='ltr'>λέγεται,</span> <span class='ocrx_word' id='word_1_11' title='bbox 683 524 742 586; x_wconf 80' lang='grc' dir='ltr'><strong>οὗ</strong></span> <span class='ocrx_word' id='word_1_12' title='bbox 778 531 997 600; x_wconf 86' lang='grc' dir='ltr'>γλῶσσα</span> <span class='ocrx_word' id='word_1_13' title='bbox 1045 531 1285 600; x_wconf 78' lang='grc' dir='ltr'><strong>κάλαμος</strong></span> <span class='ocrx_word' id='word_1_14' title='bbox 1323 525 1391 600; x_wconf 77' lang='grc' dir='ltr'>ἦν</span> <span class='ocrx_word' id='word_1_15' title='bbox 1445 529 1814 600; x_wconf 82' lang='grc' dir='ltr'><strong>γραμματέως</strong></span> <span class='ocrx_word' id='word_1_16' title='bbox 1868 529 1975 594; x_wconf 71' lang='grc' dir='ltr'><strong>ὀξυ·</strong></span> 
     </span>
    </p>
   </div>
   <div class='ocr_carea' id='block_1_5' title="bbox 2079 523 3697 603">
    <p class='ocr_par' dir='ltr' id='par_1_5' title="bbox 2096 523 3697 596">
     <span class='ocr_line' id='line_1_5' title="bbox 2096 523 3697 596; baseline -0.001 -18"><span class='ocrx_word' id='word_1_17' title='bbox 2096 544 2194 596; x_wconf 80' lang='lat' dir='ltr'><strong>gna</strong></span> <span class='ocrx_word' id='word_1_18' title='bbox 2217 538 2334 581; x_wconf 89' lang='lat' dir='ltr'><strong>erat</strong></span> <span class='ocrx_word' id='word_1_19' title='bbox 2354 527 2598 580; x_wconf 79' lang='lat' dir='ltr'><strong>calamus</strong></span> <span class='ocrx_word' id='word_1_20' title='bbox 2627 524 2818 580; x_wconf 71' lang='lat' dir='ltr'><strong>scriba:</strong></span> <span class='ocrx_word' id='word_1_21' title='bbox 2841 523 3102 579; x_wconf 75' lang='lat' dir='ltr'><strong>velociter</strong></span> <span class='ocrx_word' id='word_1_22' title='bbox 3121 525 3433 581; x_wconf 61' lang='lat' dir='ltr'><strong>scribentis.</strong></span> <span class='ocrx_word' id='word_1_23' title='bbox 3465 527 3660 581; x_wconf 61' lang='lat' dir='ltr'><strong>Dit‘t’usa</strong></span> <span class='ocrx_word' id='word_1_24' title='bbox 3695 575 3697 577; x_wconf 85' lang='lat'><strong>.</strong></span> 
     </span>
    </p>
   </div>
   <div class='ocr_carea' id='block_1_6' title="bbox 411 619 1982 699">
    <p class='ocr_par' dir='ltr' id='par_1_6' title="bbox 411 619 1982 699">
     <span class='ocr_line' id='line_1_6' title="bbox 411 619 1982 699; baseline -0.008 -16"><span class='ocrx_word' id='word_1_25' title='bbox 411 631 645 699; x_wconf 79' lang='grc' dir='ltr'>γράφου.</span> <span class='ocrx_word' id='word_1_26' title='bbox 683 625 940 695; x_wconf 82' lang='grc' dir='ltr'>Ἐξεχύθη</span> <span class='ocrx_word' id='word_1_27' title='bbox 969 624 1024 677; x_wconf 82' lang='grc' dir='ltr'><strong>δὲ</strong></span> <span class='ocrx_word' id='word_1_28' title='bbox 1064 623 1222 696; x_wconf 80' lang='grc' dir='ltr'>χάρις</span> <span class='ocrx_word' id='word_1_29' title='bbox 1259 625 1316 675; x_wconf 80' lang='grc' dir='ltr'>ὲν</span> <span class='ocrx_word' id='word_1_30' title='bbox 1351 626 1463 685; x_wconf 89' lang='grc' dir='ltr'>τοῖς</span> <span class='ocrx_word' id='word_1_31' title='bbox 1502 623 1701 692; x_wconf 79' lang='grc' dir='ltr'>χείλεσι</span> <span class='ocrx_word' id='word_1_32' title='bbox 1734 619 1826 673; x_wconf 82' lang='grc' dir='ltr'><strong>τοῦ</strong></span> <span class='ocrx_word' id='word_1_33' title='bbox 1893 638 1982 690; x_wconf 92' lang='grc' dir='ltr'>μι-</span> 
     </span>
    </p>
   </div>
   <div class='ocr_carea' id='block_1_7' title="bbox 415 711 1984 788">
    <p class='ocr_par' dir='ltr' id='par_1_7' title="bbox 415 711 1984 788">
     <span class='ocr_line' id='line_1_7' title="bbox 415 711 1984 788; baseline -0.005 -18"><span class='ocrx_word' id='word_1_34' title='bbox 415 718 582 788; x_wconf 86' lang='grc' dir='ltr'>μητοῦ</span> <span class='ocrx_word' id='word_1_35' title='bbox 616 715 708 769; x_wconf 85' lang='grc' dir='ltr'><strong>τοῦ</strong></span> <span class='ocrx_word' id='word_1_36' title='bbox 743 713 1002 786; x_wconf 79' lang='grc' dir='ltr'><strong>Χριστοῦ,</strong></span> <span class='ocrx_word' id='word_1_37' title='bbox 1032 714 1123 767; x_wconf 71' lang='grc' dir='ltr'><strong>καὶ</strong></span> <span class='ocrx_word' id='word_1_38' title='bbox 1151 712 1312 766; x_wconf 79' lang='grc' dir='ltr'>αὑτοῦ</span> <span class='ocrx_word' id='word_1_39' title='bbox 1341 713 1432 764; x_wconf 88' lang='grc' dir='ltr'><strong>τοῦ</strong></span> <span class='ocrx_word' id='word_1_40' title='bbox 1454 712 1708 782; x_wconf 75' lang='grc' dir='ltr'><strong>Χριστοῦ,</strong></span> <span class='ocrx_word' id='word_1_41' title='bbox 1733 711 1792 763; x_wconf 85' lang='grc' dir='ltr'><strong>οὑ</strong></span> <span class='ocrx_word' id='word_1_42' title='bbox 1827 711 1984 778; x_wconf 87' lang='grc' dir='ltr'>μόνον</span> 
     </span>
    </p>
   </div>
   <div class='ocr_carea' id='block_1_8' title="bbox 408 802 1984 877">
    <p class='ocr_par' dir='ltr' id='par_1_8' title="bbox 408 802 1984 877">
     <span class='ocr_line' id='line_1_8' title="bbox 408 802 1984 877; baseline -0.007 -14"><span class='ocrx_word' id='word_1_43' title='bbox 408 811 500 863; x_wconf 80' lang='grc' dir='ltr'>διὰ</span> <span class='ocrx_word' id='word_1_44' title='bbox 529 811 654 872; x_wconf 77' lang='grc' dir='ltr'>τοὺς</span> <span class='ocrx_word' id='word_1_45' title='bbox 711 809 904 877; x_wconf 84' lang='grc' dir='ltr'>λόγους</span> <span class='ocrx_word' id='word_1_46' title='bbox 942 807 1040 876; x_wconf 76' lang='grc' dir='ltr'>τῆς</span> <span class='ocrx_word' id='word_1_47' title='bbox 1083 807 1302 876; x_wconf 88' lang='grc' dir='ltr'>χάριτος</span> <span class='ocrx_word' id='word_1_48' title='bbox 1354 805 1477 866; x_wconf 77' lang='grc' dir='ltr'>τοὺς</span> <span class='ocrx_word' id='word_1_49' title='bbox 1526 802 1984 872; x_wconf 79' lang='grc' dir='ltr'>ὲκπορευομένους</span> 
     </span>
    </p>
   </div>
   <div class='ocr_carea' id='block_1_9' title="bbox 409 892 1984 972">
    <p class='ocr_par' dir='ltr' id='par_1_9' title="bbox 409 892 1984 972">
     <span class='ocr_line' id='line_1_9' title="bbox 409 892 1984 972; baseline -0.008 -17"><span class='ocrx_word' id='word_1_50' title='bbox 409 903 497 955; x_wconf 73' lang='grc' dir='ltr'>διὰ</span> <span class='ocrx_word' id='word_1_51' title='bbox 525 901 793 972; x_wconf 84' lang='grc' dir='ltr'>στόματος</span> <span class='ocrx_word' id='word_1_52' title='bbox 826 898 1013 972; x_wconf 81' lang='grc' dir='ltr'>αὑτοῦ,</span> <span class='ocrx_word' id='word_1_53' title='bbox 1068 896 1204 951; x_wconf 83' lang='grc' dir='ltr'>ἀλλὰ</span> <span class='ocrx_word' id='word_1_54' title='bbox 1257 895 1344 947; x_wconf 84' lang='grc' dir='ltr'><strong>διά</strong></span> <span class='ocrx_word' id='word_1_55' title='bbox 1383 894 1480 965; x_wconf 76' lang='grc' dir='ltr'><strong>τὴν</strong></span> <span class='ocrx_word' id='word_1_56' title='bbox 1526 893 1684 965; x_wconf 83' lang='grc' dir='ltr'><strong>χάριν</strong></span> <span class='ocrx_word' id='word_1_57' title='bbox 1727 894 1826 963; x_wconf 82' lang='grc' dir='ltr'><strong>τῆς</strong></span> <span class='ocrx_word' id='word_1_58' title='bbox 1875 892 1984 944; x_wconf 87' lang='grc' dir='ltr'><strong>τῶν</strong></span> 
     </span>
    </p>
   </div>
   <div class='ocr_carea' id='block_1_10' title="bbox 408 983 1984 1062">
    <p class='ocr_par' dir='ltr' id='par_1_10' title="bbox 408 983 1984 1062">
     <span class='ocr_line' id='line_1_10' title="bbox 408 983 1984 1062; baseline -0.006 -18"><span class='ocrx_word' id='word_1_59' title='bbox 408 991 691 1062; x_wconf 85' lang='grc' dir='ltr'>ἁμαρτιῶν</span> <span class='ocrx_word' id='word_1_60' title='bbox 725 990 994 1060; x_wconf 79' lang='grc' dir='ltr'><strong>ἀφέσεως,</strong></span> <span class='ocrx_word' id='word_1_61' title='bbox 1015 988 1262 1056; x_wconf 88' lang='grc' dir='ltr'>λέγοντος</span> <span class='ocrx_word' id='word_1_62' title='bbox 1289 985 1454 1038; x_wconf 82' lang='grc' dir='ltr'>αὑτοῦ</span> <span class='ocrx_word' id='word_1_63' title='bbox 1473 1001 1485 1014; x_wconf 89' lang='grc'><strong>·</strong></span> <span class='ocrx_word' id='word_1_64' title='bbox 1524 1003 1542 1036; x_wconf 78' lang='grc' dir='ltr'><strong>ι</strong></span> <span class='ocrx_word' id='word_1_65' title='bbox 1569 983 1865 1053; x_wconf 80' lang='grc' dir='ltr'><strong>Ἀφέωνταί</strong></span> <span class='ocrx_word' id='word_1_66' title='bbox 1901 1000 1984 1036; x_wconf 92' lang='grc' dir='ltr'><strong>σοι</strong></span> 
     </span>
    </p>
   </div>
   <div class='ocr_carea' id='block_1_11' title="bbox 408 1082 962 1155">
    <p class='ocr_par' dir='ltr' id='par_1_11' title="bbox 408 1082 962 1155">
     <span class='ocr_line' id='line_1_11' title="bbox 408 1082 962 1155; baseline -0.004 -19"><span class='ocrx_word' id='word_1_67' title='bbox 408 1085 464 1136; x_wconf 79' lang='grc' dir='ltr'>αἱ</span> <span class='ocrx_word' id='word_1_68' title='bbox 498 1082 761 1155; x_wconf 80' lang='grc' dir='ltr'><strong>ἁμαρτίαι</strong></span> <span class='ocrx_word' id='word_1_69' title='bbox 791 1099 905 1135; x_wconf 84' lang='grc' dir='ltr'>σου.</span> <span class='ocrx_word' id='word_1_70' title='bbox 943 1100 962 1134; x_wconf 73' lang='grc' dir='ltr'><strong>ι</strong></span> 
     </span>
    </p>
   </div>
   <div class='ocr_carea' id='block_1_12' title="bbox 485 1167 1985 1243">
    <p class='ocr_par' dir='ltr' id='par_1_12' title="bbox 485 1167 1985 1243">
     <span class='ocr_line' id='line_1_12' title="bbox 485 1167 1985 1243; baseline -0.005 -16"><span class='ocrx_word' id='word_1_71' title='bbox 485 1175 593 1228; x_wconf 86' lang='grc' dir='ltr'><strong>Τοῦ</strong></span> <span class='ocrx_word' id='word_1_72' title='bbox 624 1173 828 1227; x_wconf 81' lang='grc' dir='ltr'>αὑτοῦ.</span> <span class='ocrx_word' id='word_1_73' title='bbox 860 1173 970 1243; x_wconf 80' lang='grc' dir='ltr'><strong>Τὴν</strong></span> <span class='ocrx_word' id='word_1_74' title='bbox 1004 1170 1193 1240; x_wconf 88' lang='grc' dir='ltr'>σοφίαν</span> <span class='ocrx_word' id='word_1_75' title='bbox 1227 1169 1336 1239; x_wconf 75' lang='grc'>(55)</span> <span class='ocrx_word' id='word_1_76' title='bbox 1357 1168 1455 1239; x_wconf 81' lang='grc' dir='ltr'><strong>τὴν</strong></span> <span class='ocrx_word' id='word_1_77' title='bbox 1489 1167 1862 1238; x_wconf 83' lang='grc' dir='ltr'>πνευματικὴν</span> <span class='ocrx_word' id='word_1_78' title='bbox 1890 1167 1985 1221; x_wconf 80' lang='grc' dir='ltr'><strong>καὶ</strong></span> 
     </span>
    </p>
   </div>
   <div class='ocr_carea' id='block_1_13' title="bbox 408 1259 1983 1334">
    <p class='ocr_par' dir='ltr' id='par_1_13' title="bbox 408 1259 1983 1334">
     <span class='ocr_line' id='line_1_13' title="bbox 408 1259 1983 1334; baseline -0.004 -16"><span class='ocrx_word' id='word_1_79' title='bbox 408 1266 562 1334; x_wconf 84' lang='grc' dir='ltr'>λόγον</span> <span class='ocrx_word' id='word_1_80' title='bbox 585 1265 676 1318; x_wconf 89' lang='grc' dir='ltr'><strong>τοῦ</strong></span> <span class='ocrx_word' id='word_1_81' title='bbox 702 1263 834 1316; x_wconf 87' lang='grc' dir='ltr'>Θεοῦ</span> <span class='ocrx_word' id='word_1_82' title='bbox 884 1262 1166 1333; x_wconf 77' lang='grc' dir='ltr'>συγκρίνει</span> <span class='ocrx_word' id='word_1_83' title='bbox 1229 1260 1389 1331; x_wconf 76' lang='grc' dir='ltr'>σοφίᾳ</span> <span class='ocrx_word' id='word_1_84' title='bbox 1445 1262 1678 1329; x_wconf 82' lang='grc' dir='ltr'>κοσμικῇ</span> <span class='ocrx_word' id='word_1_85' title='bbox 1713 1260 1805 1312; x_wconf 76' lang='grc' dir='ltr'><strong>καὶ</strong></span> <span class='ocrx_word' id='word_1_86' title='bbox 1843 1259 1983 1329; x_wconf 86' lang='grc' dir='ltr'>λόγῳ</span> 
     </span>
    </p>
   </div>
   <div class='ocr_carea' id='block_1_14' title="bbox 405 1357 747 1428">
    <p class='ocr_par' dir='ltr' id='par_1_14' title="bbox 405 1357 747 1428">
     <span class='ocr_line' id='line_1_14' title="bbox 405 1357 747 1428; baseline -0.009 -18"><span class='ocrx_word' id='word_1_87' title='bbox 405 1357 747 1428; x_wconf 74' lang='grc' dir='ltr'><strong>ἀνθρωπίνῳ.</strong></span> 
     </span>
    </p>
   </div>
   <div class='ocr_carea' id='block_1_15' title="bbox 481 1441 1984 1515">
    <p class='ocr_par' dir='ltr' id='par_1_15' title="bbox 481 1441 1984 1515">
     <span class='ocr_line' id='line_1_15' title="bbox 481 1441 1984 1515; baseline -0.003 -15"><span class='ocrx_word' id='word_1_88' title='bbox 481 1446 800 1515; x_wconf 81' lang='grc' dir='ltr'>Περίζωσαι</span> <span class='ocrx_word' id='word_1_89' title='bbox 839 1445 954 1514; x_wconf 81' lang='grc' dir='ltr'>τὴν</span> <span class='ocrx_word' id='word_1_90' title='bbox 1002 1445 1300 1514; x_wconf 68' lang='grc' dir='ltr'>ῥομφαίαν</span> <span class='ocrx_word' id='word_1_91' title='bbox 1336 1457 1453 1497; x_wconf 88' lang='grc' dir='ltr'>σου</span> <span class='ocrx_word' id='word_1_92' title='bbox 1493 1441 1592 1494; x_wconf 74' lang='grc' dir='ltr'><strong>ἐπὶ</strong></span> <span class='ocrx_word' id='word_1_93' title='bbox 1625 1441 1732 1495; x_wconf 86' lang='grc' dir='ltr'>τὸν</span> <span class='ocrx_word' id='word_1_94' title='bbox 1786 1443 1984 1512; x_wconf 82' lang='grc' dir='ltr'>μηρόν</span> 
     </span>
    </p>
   </div>
   <div class='ocr_carea' id='block_1_16' title="bbox 406 1533 1982 1606">
    <p class='ocr_par' dir='ltr' id='par_1_16' title="bbox 406 1533 1982 1606">
     <span class='ocr_line' id='line_1_16' title="bbox 406 1533 1982 1606; baseline -0.003 -15"><span class='ocrx_word' id='word_1_95' title='bbox 406 1553 544 1603; x_wconf 78' lang='grc' dir='ltr'>σου,</span> <span class='ocrx_word' id='word_1_96' title='bbox 575 1535 818 1601; x_wconf 78' lang='grc' dir='ltr'>δυνατὲ,</span> <span class='ocrx_word' id='word_1_97' title='bbox 851 1555 904 1590; x_wconf 90' lang='grc' dir='ltr'><strong>κ.</strong></span> <span class='ocrx_word' id='word_1_98' title='bbox 939 1554 989 1590; x_wconf 88' lang='grc' dir='ltr'><strong>τ.</strong></span> <span class='ocrx_word' id='word_1_99' title='bbox 1015 1537 1061 1588; x_wconf 84' lang='grc' dir='ltr'><strong>ἑ.</strong></span> <span class='ocrx_word' id='word_1_100' title='bbox 1081 1535 1229 1606; x_wconf 73' lang='grc' dir='ltr'>Αὕτη</span> <span class='ocrx_word' id='word_1_101' title='bbox 1268 1537 1300 1606; x_wconf 81' lang='grc' dir='ltr'><strong>ἡ</strong></span> <span class='ocrx_word' id='word_1_102' title='bbox 1331 1534 1574 1605; x_wconf 83' lang='grc' dir='ltr'>ῥομφαία</span> <span class='ocrx_word' id='word_1_103' title='bbox 1606 1533 1718 1603; x_wconf 71' lang='grc'>(54)</span> <span class='ocrx_word' id='word_1_104' title='bbox 1759 1534 1982 1606; x_wconf 82' lang='grc' dir='ltr'><strong>χωρίζει</strong></span> 
     </span>
    </p>
   </div>
   <div class='ocr_carea' id='block_1_17' title="bbox 403 1624 1984 1701">
    <p class='ocr_par' dir='ltr' id='par_1_17' title="bbox 403 1624 1984 1701">
     <span class='ocr_line' id='line_1_17' title="bbox 403 1624 1984 1701; baseline -0.003 -18"><span class='ocrx_word' id='word_1_105' title='bbox 403 1630 579 1701; x_wconf 70' lang='grc' dir='ltr'>ψυχὴν</span> <span class='ocrx_word' id='word_1_106' title='bbox 613 1629 830 1692; x_wconf 84' lang='grc' dir='ltr'>κακίας,</span> <span class='ocrx_word' id='word_1_107' title='bbox 861 1629 954 1681; x_wconf 77' lang='grc' dir='ltr'><strong>καὶ</strong></span> <span class='ocrx_word' id='word_1_108' title='bbox 979 1628 1104 1681; x_wconf 92' lang='grc' dir='ltr'>νοῦν</span> <span class='ocrx_word' id='word_1_109' title='bbox 1135 1627 1428 1696; x_wconf 80' lang='grc' dir='ltr'>ἀγνωσίας,</span> <span class='ocrx_word' id='word_1_110' title='bbox 1459 1626 1550 1679; x_wconf 83' lang='grc' dir='ltr'><strong>τὸν</strong></span> <span class='ocrx_word' id='word_1_111' title='bbox 1566 1624 1853 1695; x_wconf 88' lang='grc' dir='ltr'>λεγόμενον</span> <span class='ocrx_word' id='word_1_112' title='bbox 1880 1643 1984 1679; x_wconf 88' lang='grc' dir='ltr'>πα-</span> 
     </span>
    </p>
   </div>
   <div class='ocr_carea' id='block_1_18' title="bbox 403 1717 1980 1792">
    <p class='ocr_par' dir='ltr' id='par_1_18' title="bbox 403 1717 1980 1792">
     <span class='ocr_line' id='line_1_18' title="bbox 403 1717 1980 1792; baseline -0.001 -17"><span class='ocrx_word' id='word_1_113' title='bbox 403 1722 550 1776; x_wconf 70' lang='grc' dir='ltr'>λαιὸν</span> <span class='ocrx_word' id='word_1_114' title='bbox 584 1722 868 1792; x_wconf 77' lang='grc' dir='ltr'>ἄνθρωπον</span> <span class='ocrx_word' id='word_1_115' title='bbox 915 1719 1332 1790; x_wconf 87' lang='grc' dir='ltr'>διαφθείρουσα,</span> <span class='ocrx_word' id='word_1_116' title='bbox 1373 1719 1468 1772; x_wconf 76' lang='grc' dir='ltr'>καὶ</span> <span class='ocrx_word' id='word_1_117' title='bbox 1514 1717 1740 1772; x_wconf 88' lang='grc' dir='ltr'>ποιοῦσα</span> <span class='ocrx_word' id='word_1_118' title='bbox 1797 1719 1980 1773; x_wconf 79' lang='grc' dir='ltr'>καινὸν</span> 
     </span>
    </p>
   </div>
   <div class='ocr_carea' id='block_1_19' title="bbox 403 1811 1542 1884">
    <p class='ocr_par' dir='ltr' id='par_1_19' title="bbox 403 1811 1542 1884">
     <span class='ocr_line' id='line_1_19' title="bbox 403 1811 1542 1884; baseline -0.003 -18"><span class='ocrx_word' id='word_1_119' title='bbox 403 1815 461 1867; x_wconf 80' lang='grc' dir='ltr'>ἐν</span> <span class='ocrx_word' id='word_1_120' title='bbox 495 1812 714 1884; x_wconf 81' lang='grc' dir='ltr'>Χριστῷ</span> <span class='ocrx_word' id='word_1_121' title='bbox 749 1814 868 1866; x_wconf 83' lang='grc' dir='ltr'>κατ’</span> <span class='ocrx_word' id='word_1_122' title='bbox 899 1813 1082 1865; x_wconf 81' lang='grc' dir='ltr'>εἰκόνα</span> <span class='ocrx_word' id='word_1_123' title='bbox 1107 1811 1201 1864; x_wconf 91' lang='grc' dir='ltr'><strong>τοῦ</strong></span> <span class='ocrx_word' id='word_1_124' title='bbox 1237 1811 1542 1873; x_wconf 77' lang='grc' dir='ltr'>κτίσαντος.</span> 
     </span>
    </p>
   </div>
   <div class='ocr_carea' id='block_1_20' title="bbox 2088 617 3696 686">
    <p class='ocr_par' dir='ltr' id='par_1_20' title="bbox 2088 617 3696 686">
     <span class='ocr_line' id='line_1_20' title="bbox 2088 617 3696 686; baseline -0.001 -15"><span class='ocrx_word' id='word_1_125' title='bbox 2088 627 2169 671; x_wconf 89' lang='lat' dir='ltr'><strong>est</strong></span> <span class='ocrx_word' id='word_1_126' title='bbox 2195 631 2376 672; x_wconf 88' lang='lat' dir='ltr'><strong>autem</strong></span> <span class='ocrx_word' id='word_1_127' title='bbox 2417 618 2590 686; x_wconf 86' lang='lat' dir='ltr'><strong>gratia</strong></span> <span class='ocrx_word' id='word_1_128' title='bbox 2637 619 2688 671; x_wconf 92' lang='lat' dir='ltr'><strong>in</strong></span> <span class='ocrx_word' id='word_1_129' title='bbox 2737 618 2894 672; x_wconf 80' lang='lat' dir='ltr'><strong>labiis</strong></span> <span class='ocrx_word' id='word_1_130' title='bbox 2929 618 3045 684; x_wconf 89' lang='lat' dir='ltr'><strong>ejus</strong></span> <span class='ocrx_word' id='word_1_131' title='bbox 3090 617 3181 685; x_wconf 84' lang='lat' dir='ltr'><strong>qui</strong></span> <span class='ocrx_word' id='word_1_132' title='bbox 3229 617 3476 672; x_wconf 75' lang='lat' dir='ltr'><strong>imitatur</strong></span> <span class='ocrx_word' id='word_1_133' title='bbox 3503 621 3696 672; x_wconf 43' lang='lat' dir='ltr'><strong>Chrir</strong></span> 
     </span>
    </p>
   </div>
   <div class='ocr_carea' id='block_1_21' title="bbox 2086 709 3696 779">
    <p class='ocr_par' dir='ltr' id='par_1_21' title="bbox 2086 709 3696 779">
     <span class='ocr_line' id='line_1_21' title="bbox 2086 709 3696 779; baseline -0.001 -15"><span class='ocrx_word' id='word_1_134' title='bbox 2086 719 2248 775; x_wconf 87' lang='lat' dir='ltr'><strong>stum,</strong></span> <span class='ocrx_word' id='word_1_135' title='bbox 2281 722 2334 764; x_wconf 91' lang='lat' dir='ltr'><strong>et</strong></span> <span class='ocrx_word' id='word_1_136' title='bbox 2377 711 2659 778; x_wconf 87' lang='lat' dir='ltr'><strong>ipsiusmet</strong></span> <span class='ocrx_word' id='word_1_137' title='bbox 2688 710 2913 771; x_wconf 81' lang='lat' dir='ltr'><strong>Christi,</strong></span> <span class='ocrx_word' id='word_1_138' title='bbox 2945 725 3048 761; x_wconf 89' lang='lat' dir='ltr'><strong>non</strong></span> <span class='ocrx_word' id='word_1_139' title='bbox 3079 709 3253 763; x_wconf 86' lang='lat' dir='ltr'><strong>solum</strong></span> <span class='ocrx_word' id='word_1_140' title='bbox 3295 722 3514 779; x_wconf 84' lang='lat' dir='ltr'><strong>propter</strong></span> <span class='ocrx_word' id='word_1_141' title='bbox 3542 729 3660 766; x_wconf 65' lang='grc' dir='ltr'>ενι·-</span> <span class='ocrx_word' id='word_1_142' title='bbox 3689 745 3696 750; x_wconf 92' lang='grc'><strong>-</strong></span> 
     </span>
    </p>
   </div>
   <div class='ocr_carea' id='block_1_22' title="bbox 2089 801 3702 873">
    <p class='ocr_par' dir='ltr' id='par_1_22' title="bbox 2089 801 3702 873">
     <span class='ocr_line' id='line_1_22' title="bbox 2089 801 3702 873; baseline -0.001 -20"><span class='ocrx_word' id='word_1_143' title='bbox 2089 816 2274 855; x_wconf 85' lang='lat' dir='ltr'><strong>mones</strong></span> <span class='ocrx_word' id='word_1_144' title='bbox 2323 802 2512 871; x_wconf 71' lang='lat' dir='ltr'><strong>gratia:</strong></span> <span class='ocrx_word' id='word_1_145' title='bbox 2557 801 2650 870; x_wconf 96' lang='lat' dir='ltr'><strong>qui</strong></span> <span class='ocrx_word' id='word_1_146' title='bbox 2695 804 3064 869; x_wconf 81' lang='lat' dir='ltr'><strong>procedebant</strong></span> <span class='ocrx_word' id='word_1_147' title='bbox 3105 803 3172 856; x_wconf 90' lang='lat' dir='ltr'><strong>de</strong></span> <span class='ocrx_word' id='word_1_148' title='bbox 3229 818 3324 856; x_wconf 86' lang='lat' dir='ltr'><strong>ore</strong></span> <span class='ocrx_word' id='word_1_149' title='bbox 3375 804 3513 873; x_wconf 87' lang='lat' dir='ltr'><strong>ejus,</strong></span> <span class='ocrx_word' id='word_1_150' title='bbox 3565 806 3658 858; x_wconf 89' lang='lat' dir='ltr'><strong>sed</strong></span> <span class='ocrx_word' id='word_1_151' title='bbox 3696 843 3702 851; x_wconf 98' lang='lat'><strong>.</strong></span> 
     </span>
    </p>
   </div>
   <div class='ocr_carea' id='block_1_23' title="bbox 2090 893 3698 963">
    <p class='ocr_par' dir='ltr' id='par_1_23' title="bbox 2090 893 3698 963">
     <span class='ocr_line' id='line_1_23' title="bbox 2090 893 3698 963; baseline -0.001 -15"><span class='ocrx_word' id='word_1_152' title='bbox 2090 894 2253 948; x_wconf 90' lang='lat' dir='ltr'><strong>etiam</strong></span> <span class='ocrx_word' id='word_1_153' title='bbox 2313 903 2534 961; x_wconf 83' lang='lat' dir='ltr'><strong>propter</strong></span> <span class='ocrx_word' id='word_1_154' title='bbox 2598 894 2828 962; x_wconf 77' lang='lat' dir='ltr'><strong>gratiam</strong></span> <span class='ocrx_word' id='word_1_155' title='bbox 2875 893 3176 949; x_wconf 80' lang='lat' dir='ltr'><strong>dimittendi</strong></span> <span class='ocrx_word' id='word_1_156' title='bbox 3236 902 3478 963; x_wconf 86' lang='lat' dir='ltr'><strong>peccata,</strong></span> <span class='ocrx_word' id='word_1_157' title='bbox 3531 895 3698 948; x_wconf 86' lang='lat' dir='ltr'><strong>dum-</strong></span> 
     </span>
    </p>
   </div>
   <div class='ocr_carea' id='block_1_24' title="bbox 2085 984 3401 1057">
    <p class='ocr_par' dir='ltr' id='par_1_24' title="bbox 2085 984 3401 1057">
     <span class='ocr_line' id='line_1_24' title="bbox 2085 984 3401 1057; baseline 0 -17"><span class='ocrx_word' id='word_1_158' title='bbox 2085 985 2218 1042; x_wconf 91' lang='lat' dir='ltr'><strong>dicit</strong></span> <span class='ocrx_word' id='word_1_159' title='bbox 2247 987 2290 1017; x_wconf 74' lang='lat'><strong>9°</strong></span> <span class='ocrx_word' id='word_1_160' title='bbox 2326 999 2341 1038; x_wconf 90' lang='lat'><strong>:</strong></span> <span class='ocrx_word' id='word_1_161' title='bbox 2385 1002 2402 1036; x_wconf 83' lang='lat' dir='ltr'><strong>t</strong></span> <span class='ocrx_word' id='word_1_162' title='bbox 2442 984 2801 1038; x_wconf 83' lang='lat' dir='ltr'><strong>Dimittuntur</strong></span> <span class='ocrx_word' id='word_1_163' title='bbox 2837 987 2933 1040; x_wconf 85' lang='lat' dir='ltr'><strong>tibi</strong></span> <span class='ocrx_word' id='word_1_164' title='bbox 2973 996 3192 1057; x_wconf 88' lang='lat' dir='ltr'><strong>peccata</strong></span> <span class='ocrx_word' id='word_1_165' title='bbox 3234 997 3341 1041; x_wconf 85' lang='lat' dir='ltr'><strong>tua.</strong></span> <span class='ocrx_word' id='word_1_166' title='bbox 3379 1003 3401 1041; x_wconf 73' lang='grc' dir='ltr'><strong>ι</strong></span> 
     </span>
    </p>
   </div>
   <div class='ocr_carea' id='block_1_25' title="bbox 2157 1165 3691 1237">
    <p class='ocr_par' dir='ltr' id='par_1_25' title="bbox 2157 1165 3691 1237">
     <span class='ocr_line' id='line_1_25' title="bbox 2157 1165 3691 1237; baseline 0.005 -20"><span class='ocrx_word' id='word_1_167' title='bbox 2157 1168 2312 1237; x_wconf 77' lang='lat'><strong>711</strong></span> <span class='ocrx_word' id='word_1_168' title='bbox 2341 1165 2611 1235; x_wconf 78' lang='lat' dir='ltr'><strong>Ejusdem.</strong></span> <span class='ocrx_word' id='word_1_169' title='bbox 2645 1165 2973 1237; x_wconf 73' lang='lat' dir='ltr'><strong>Sapientiam</strong></span> <span class='ocrx_word' id='word_1_170' title='bbox 3016 1169 3314 1236; x_wconf 85' lang='lat' dir='ltr'><strong>spiritalem</strong></span> <span class='ocrx_word' id='word_1_171' title='bbox 3351 1181 3404 1225; x_wconf 88' lang='lat' dir='ltr'><strong>et</strong></span> <span class='ocrx_word' id='word_1_172' title='bbox 3433 1173 3691 1226; x_wconf 55' lang='lat' dir='ltr'><strong>verbum~</strong></span> 
     </span>
    </p>
   </div>
   <div class='ocr_carea' id='block_1_26' title="bbox 2084 1260 3656 1330">
    <p class='ocr_par' dir='ltr' id='par_1_26' title="bbox 2084 1260 3656 1330">
     <span class='ocr_line' id='line_1_26' title="bbox 2084 1260 3656 1330; baseline 0.003 -16"><span class='ocrx_word' id='word_1_173' title='bbox 2084 1260 2175 1314; x_wconf 93' lang='lat' dir='ltr'><strong>Dei</strong></span> <span class='ocrx_word' id='word_1_174' title='bbox 2205 1271 2480 1327; x_wconf 87' lang='lat' dir='ltr'><strong>comparat</strong></span> <span class='ocrx_word' id='word_1_175' title='bbox 2521 1275 2641 1314; x_wconf 92' lang='lat' dir='ltr'><strong>cum</strong></span> <span class='ocrx_word' id='word_1_176' title='bbox 2678 1262 2942 1330; x_wconf 87' lang='lat' dir='ltr'><strong>sapientia</strong></span> <span class='ocrx_word' id='word_1_177' title='bbox 2983 1264 3247 1317; x_wconf 88' lang='lat' dir='ltr'><strong>mundana</strong></span> <span class='ocrx_word' id='word_1_178' title='bbox 3279 1273 3332 1318; x_wconf 91' lang='lat' dir='ltr'><strong>et</strong></span> <span class='ocrx_word' id='word_1_179' title='bbox 3366 1265 3528 1318; x_wconf 89' lang='lat' dir='ltr'><strong>verbo</strong></span> <span class='ocrx_word' id='word_1_180' title='bbox 3554 1267 3656 1318; x_wconf 71' lang='lat' dir='ltr'><strong>ltu-</strong></span> 
     </span>
    </p>
   </div>
   <div class='ocr_carea' id='block_1_27' title="bbox 2084 1366 3499 1404">
    <p class='ocr_par' dir='ltr' id='par_1_27' title="bbox 2084 1366 3499 1404">
     <span class='ocr_line' id='line_1_27' title="bbox 2084 1366 3499 1404; baseline 0.002 -1"><span class='ocrx_word' id='word_1_181' title='bbox 2084 1366 2262 1404; x_wconf 84' lang='lat' dir='ltr'><strong>mann.</strong></span> <span class='ocrx_word' id='word_1_182' title='bbox 3496 1368 3499 1371; x_wconf 76' lang='grc'><strong>’</strong></span> 
     </span>
    </p>
   </div>
   <div class='ocr_carea' id='block_1_28' title="bbox 2154 1441 3656 1516">
    <p class='ocr_par' dir='ltr' id='par_1_28' title="bbox 2154 1441 3656 1516">
     <span class='ocr_line' id='line_1_28' title="bbox 2154 1441 3656 1516; baseline 0.002 -21"><span class='ocrx_word' id='word_1_183' title='bbox 2154 1441 2318 1496; x_wconf 71' lang='lat' dir='ltr'><strong>Vens.</strong></span> <span class='ocrx_word' id='word_1_184' title='bbox 2361 1442 2416 1500; x_wconf 75' lang='grc'>4.</span> <span class='ocrx_word' id='word_1_185' title='bbox 2456 1443 2739 1514; x_wconf 82' lang='lat' dir='ltr'><strong>Accmgere</strong></span> <span class='ocrx_word' id='word_1_186' title='bbox 2761 1444 2940 1514; x_wconf 76' lang='lat' dir='ltr'><strong>gladio</strong></span> <span class='ocrx_word' id='word_1_187' title='bbox 2972 1455 3062 1499; x_wconf 88' lang='lat' dir='ltr'><strong>tuo</strong></span> <span class='ocrx_word' id='word_1_188' title='bbox 3091 1461 3249 1514; x_wconf 74' lang='lat' dir='ltr'><strong>super</strong></span> <span class='ocrx_word' id='word_1_189' title='bbox 3290 1449 3460 1516; x_wconf 76' lang='lat' dir='ltr'><strong>femur</strong></span> <span class='ocrx_word' id='word_1_190' title='bbox 3485 1459 3656 1510; x_wconf 83' lang='lat' dir='ltr'><strong>tuum,</strong></span> 
     </span>
    </p>
   </div>
   <div class='ocr_carea' id='block_1_29' title="bbox 2082 1532 3657 1607">
    <p class='ocr_par' dir='ltr' id='par_1_29' title="bbox 2082 1532 3657 1607">
     <span class='ocr_line' id='line_1_29' title="bbox 2082 1532 3657 1607; baseline 0.002 -21"><span class='ocrx_word' id='word_1_191' title='bbox 2082 1545 2282 1602; x_wconf 79' lang='lat' dir='ltr'><strong>potens.</strong></span> <span class='ocrx_word' id='word_1_192' title='bbox 2315 1543 2421 1590; x_wconf 89' lang='lat' dir='ltr'><strong>etc.</strong></span> <span class='ocrx_word' id='word_1_193' title='bbox 2447 1532 2568 1588; x_wconf 63' lang='lat' dir='ltr'><strong>~llic</strong></span> <span class='ocrx_word' id='word_1_194' title='bbox 2611 1537 2824 1604; x_wconf 80' lang='lat' dir='ltr'><strong>gladius</strong></span> <span class='ocrx_word' id='word_1_195' title='bbox 2858 1539 3096 1590; x_wconf 88' lang='lat' dir='ltr'><strong>animam</strong></span> <span class='ocrx_word' id='word_1_196' title='bbox 3127 1549 3342 1607; x_wconf 86' lang='lat' dir='ltr'><strong>separat</strong></span> <span class='ocrx_word' id='word_1_197' title='bbox 3369 1553 3402 1592; x_wconf 83' lang='lat' dir='ltr'><strong>a</strong></span> <span class='ocrx_word' id='word_1_198' title='bbox 3433 1539 3657 1600; x_wconf 81' lang='lat' dir='ltr'><strong>malitia,</strong></span> 
     </span>
    </p>
   </div>
   <div class='ocr_carea' id='block_1_30' title="bbox 2081 1626 3662 1696">
    <p class='ocr_par' dir='ltr' id='par_1_30' title="bbox 2081 1626 3662 1696">
     <span class='ocr_line' id='line_1_30' title="bbox 2081 1626 3662 1696; baseline 0.001 -16"><span class='ocrx_word' id='word_1_199' title='bbox 2081 1634 2134 1680; x_wconf 86' lang='lat' dir='ltr'><strong>et</strong></span> <span class='ocrx_word' id='word_1_200' title='bbox 2169 1635 2406 1680; x_wconf 87' lang='lat' dir='ltr'><strong>mentem</strong></span> <span class='ocrx_word' id='word_1_201' title='bbox 2440 1627 2506 1679; x_wconf 85' lang='lat' dir='ltr'><strong>ab</strong></span> <span class='ocrx_word' id='word_1_202' title='bbox 2531 1626 2852 1696; x_wconf 78' lang='lat' dir='ltr'><strong>ignorantia,</strong></span> <span class='ocrx_word' id='word_1_203' title='bbox 2883 1643 3006 1682; x_wconf 86' lang='lat' dir='ltr'><strong>eum</strong></span> <span class='ocrx_word' id='word_1_204' title='bbox 3029 1630 3116 1696; x_wconf 89' lang='lat' dir='ltr'><strong>qui</strong></span> <span class='ocrx_word' id='word_1_205' title='bbox 3148 1639 3299 1683; x_wconf 84' lang='lat' dir='ltr'><strong>vetus</strong></span> <span class='ocrx_word' id='word_1_206' title='bbox 3327 1630 3542 1693; x_wconf 83' lang='lat' dir='ltr'><strong>dicitur,</strong></span> <span class='ocrx_word' id='word_1_207' title='bbox 3566 1631 3662 1682; x_wconf 82' lang='lat' dir='ltr'><strong>ltu-</strong></span> 
     </span>
    </p>
   </div>
   <div class='ocr_carea' id='block_1_31' title="bbox 2083 1717 3658 1779">
    <p class='ocr_par' dir='ltr' id='par_1_31' title="bbox 2083 1717 3658 1779">
     <span class='ocr_line' id='line_1_31' title="bbox 2083 1717 3658 1779; baseline 0.004 -11"><span class='ocrx_word' id='word_1_208' title='bbox 2083 1717 2284 1769; x_wconf 67' lang='lat' dir='ltr'><strong>tninem</strong></span> <span class='ocrx_word' id='word_1_209' title='bbox 2319 1718 2620 1779; x_wconf 85' lang='lat' dir='ltr'><strong>tlestruens,</strong></span> <span class='ocrx_word' id='word_1_210' title='bbox 2650 1729 2703 1771; x_wconf 92' lang='lat' dir='ltr'><strong>et</strong></span> <span class='ocrx_word' id='word_1_211' title='bbox 2749 1719 2951 1774; x_wconf 76' lang='lat' dir='ltr'><strong>faciens</strong></span> <span class='ocrx_word' id='word_1_212' title='bbox 2988 1736 3184 1773; x_wconf 87' lang='lat' dir='ltr'><strong>novum</strong></span> <span class='ocrx_word' id='word_1_213' title='bbox 3218 1723 3270 1774; x_wconf 89' lang='lat' dir='ltr'><strong>in</strong></span> <span class='ocrx_word' id='word_1_214' title='bbox 3312 1721 3530 1775; x_wconf 79' lang='lat' dir='ltr'><strong>Christo</strong></span> <span class='ocrx_word' id='word_1_215' title='bbox 3569 1735 3658 1775; x_wconf 83' lang='lat' dir='ltr'><strong>se-</strong></span> 
     </span>
    </p>
   </div>
   <div class='ocr_carea' id='block_1_32' title="bbox 2081 1808 2961 1876">
    <p class='ocr_par' dir='ltr' id='par_1_32' title="bbox 2081 1808 2961 1876">
     <span class='ocr_line' id='line_1_32' title="bbox 2081 1808 2961 1876; baseline 0.007 -17"><span class='ocrx_word' id='word_1_216' title='bbox 2081 1809 2314 1860; x_wconf 89' lang='lat' dir='ltr'><strong>cumlum</strong></span> <span class='ocrx_word' id='word_1_217' title='bbox 2356 1808 2641 1876; x_wconf 76' lang='lat' dir='ltr'><strong>imaginem</strong></span> <span class='ocrx_word' id='word_1_218' title='bbox 2674 1811 2961 1865; x_wconf 87' lang='lat' dir='ltr'><strong>creatoris.</strong></span> 
     </span>
    </p>
   </div>
   <div class='ocr_carea' id='block_1_33' title="bbox 481 1877 1975 1976">
    <p class='ocr_par' dir='ltr' id='par_1_33' title="bbox 481 1877 1975 1976">
     <span class='ocr_line' id='line_1_33' title="bbox 481 1877 1975 1976; baseline -0.004 -16"><span class='ocrx_word' id='word_1_219' title='bbox 481 1877 590 1960; x_wconf 65' lang='lat' dir='ltr'><strong>Tot)</strong></span> <span class='ocrx_word' id='word_1_220' title='bbox 624 1877 830 1960; x_wconf 61' lang='lat' dir='ltr'><strong>aeros.</strong></span> <span class='ocrx_word' id='word_1_221' title='bbox 855 1906 1081 1976; x_wconf 82' lang='grc' dir='ltr'>Μήποτε</span> <span class='ocrx_word' id='word_1_222' title='bbox 1132 1923 1148 1955; x_wconf 80' lang='grc' dir='ltr'><strong>ι</strong></span> <span class='ocrx_word' id='word_1_223' title='bbox 1183 1903 1211 1955; x_wconf 90' lang='grc' dir='ltr'><strong>ό</strong></span> <span class='ocrx_word' id='word_1_224' title='bbox 1265 1902 1436 1974; x_wconf 81' lang='grc' dir='ltr'>μηρὸς</span> <span class='ocrx_word' id='word_1_225' title='bbox 1482 1903 1595 1972; x_wconf 79' lang='lat'><strong>(55)</strong></span> <span class='ocrx_word' id='word_1_226' title='bbox 1636 1920 1658 1954; x_wconf 72' lang='grc' dir='ltr'><strong>ι</strong></span> <span class='ocrx_word' id='word_1_227' title='bbox 1715 1901 1975 1972; x_wconf 77' lang='grc' dir='ltr'>σύμϐολόν</span> 
     </span>
    </p>
   </div>
   <div class='ocr_carea' id='block_1_34' title="bbox 2079 1877 3661 1976">
    <p class='ocr_par' dir='ltr' id='par_1_34' title="bbox 2154 1895 3661 1972">
     <span class='ocr_line' id='line_1_34' title="bbox 2154 1895 3661 1972; baseline 0.005 -24"><span class='ocrx_word' id='word_1_228' title='bbox 2154 1895 2429 1964; x_wconf 84' lang='lat' dir='ltr'><strong>Ejusdem.</strong></span> <span class='ocrx_word' id='word_1_229' title='bbox 2460 1898 2716 1955; x_wconf 79' lang='lat' dir='ltr'><strong>Fortasse</strong></span> <span class='ocrx_word' id='word_1_230' title='bbox 2744 1919 2763 1953; x_wconf 79' lang='grc' dir='ltr'><strong>ι</strong></span> <span class='ocrx_word' id='word_1_231' title='bbox 2803 1901 2981 1954; x_wconf 90' lang='lat' dir='ltr'><strong>femur</strong></span> <span class='ocrx_word' id='word_1_232' title='bbox 3021 1919 3040 1953; x_wconf 70' lang='grc' dir='ltr'><strong>ι</strong></span> <span class='ocrx_word' id='word_1_233' title='bbox 3084 1902 3388 1972; x_wconf 85' lang='lat' dir='ltr'><strong>symbolum</strong></span> <span class='ocrx_word' id='word_1_234' title='bbox 3423 1913 3504 1960; x_wconf 86' lang='lat' dir='ltr'><strong>est</strong></span> <span class='ocrx_word' id='word_1_235' title='bbox 3528 1905 3661 1958; x_wconf 83' lang='lat' dir='ltr'><strong>nati-</strong></span> 
     </span>
    </p>
   </div>
   <div class='ocr_carea' id='block_1_35' title="bbox 401 1988 1972 2064">
    <p class='ocr_par' dir='ltr' id='par_1_35' title="bbox 401 1988 1972 2064">
     <span class='ocr_line' id='line_1_35' title="bbox 401 1988 1972 2064; baseline -0.002 -17"><span class='ocrx_word' id='word_1_236' title='bbox 401 1997 518 2049; x_wconf 80' lang='grc' dir='ltr'>ἐστι</span> <span class='ocrx_word' id='word_1_237' title='bbox 555 1996 837 2064; x_wconf 78' lang='grc' dir='ltr'>γενέσεως.</span> <span class='ocrx_word' id='word_1_238' title='bbox 865 1993 1037 2047; x_wconf 77' lang='grc' dir='ltr'>Οίονεὶ</span> <span class='ocrx_word' id='word_1_239' title='bbox 1060 1988 1151 2046; x_wconf 81' lang='grc' dir='ltr'><strong>οὖν</strong></span> <span class='ocrx_word' id='word_1_240' title='bbox 1173 1991 1233 2044; x_wconf 82' lang='grc' dir='ltr'><strong>τὸ</strong></span> <span class='ocrx_word' id='word_1_241' title='bbox 1249 1991 1538 2061; x_wconf 87' lang='grc' dir='ltr'>λεγόμενον</span> <span class='ocrx_word' id='word_1_242' title='bbox 1569 1991 1805 2044; x_wconf 81' lang='grc' dir='ltr'>τοιοῦτόν</span> <span class='ocrx_word' id='word_1_243' title='bbox 1828 1994 1941 2044; x_wconf 76' lang='grc' dir='ltr'>ἐστι</span> <span class='ocrx_word' id='word_1_244' title='bbox 1959 2008 1972 2021; x_wconf 85' lang='grc'><strong>·</strong></span> 
     </span>
    </p>
   </div>
   <div class='ocr_carea' id='block_1_36' title="bbox 401 2082 1975 2157">
    <p class='ocr_par' dir='ltr' id='par_1_36' title="bbox 401 2082 1975 2157">
     <span class='ocr_line' id='line_1_36' title="bbox 401 2082 1975 2157; baseline -0.002 -19"><span class='ocrx_word' id='word_1_245' title='bbox 401 2086 644 2155; x_wconf 75' lang='grc' dir='ltr'>Σύναψον</span> <span class='ocrx_word' id='word_1_246' title='bbox 675 2089 738 2157; x_wconf 85' lang='grc' dir='ltr'>τῇ</span> <span class='ocrx_word' id='word_1_247' title='bbox 772 2084 982 2154; x_wconf 80' lang='grc' dir='ltr'>γενέσει</span> <span class='ocrx_word' id='word_1_248' title='bbox 1027 2101 1118 2136; x_wconf 86' lang='grc' dir='ltr'><strong>σου</strong></span> <span class='ocrx_word' id='word_1_249' title='bbox 1152 2085 1212 2136; x_wconf 81' lang='grc' dir='ltr'><strong>τὸ</strong></span> <span class='ocrx_word' id='word_1_250' title='bbox 1243 2082 1518 2152; x_wconf 82' lang='grc' dir='ltr'>αἱρετικὸν</span> <span class='ocrx_word' id='word_1_251' title='bbox 1543 2083 1650 2136; x_wconf 91' lang='grc' dir='ltr'><strong>τῶν</strong></span> <span class='ocrx_word' id='word_1_252' title='bbox 1682 2083 1975 2152; x_wconf 75' lang='grc' dir='ltr'>πολεμίων.</span> 
     </span>
    </p>
   </div>
   <div class='ocr_carea' id='block_1_37' title="bbox 401 2173 1976 2247">
    <p class='ocr_par' dir='ltr' id='par_1_37' title="bbox 401 2173 1976 2247">
     <span class='ocr_line' id='line_1_37' title="bbox 401 2173 1976 2247; baseline -0.002 -18"><span class='ocrx_word' id='word_1_253' title='bbox 401 2178 511 2230; x_wconf 67' lang='grc' dir='ltr'>Καὶ</span> <span class='ocrx_word' id='word_1_254' title='bbox 542 2176 710 2246; x_wconf 82' lang='grc' dir='ltr'>σαφὲς</span> <span class='ocrx_word' id='word_1_255' title='bbox 749 2177 846 2247; x_wconf 81' lang='grc' dir='ltr'>μὲν</span> <span class='ocrx_word' id='word_1_256' title='bbox 869 2178 902 2246; x_wconf 81' lang='grc' dir='ltr'>ὴ</span> <span class='ocrx_word' id='word_1_257' title='bbox 926 2177 1137 2245; x_wconf 81' lang='grc' dir='ltr'>γένεσις</span> <span class='ocrx_word' id='word_1_258' title='bbox 1185 2175 1362 2245; x_wconf 85' lang='grc' dir='ltr'>Ἰησοῦ</span> <span class='ocrx_word' id='word_1_259' title='bbox 1386 2175 1537 2241; x_wconf 82' lang='grc' dir='ltr'>ξίφος</span> <span class='ocrx_word' id='word_1_260' title='bbox 1571 2173 1785 2242; x_wconf 75' lang='grc' dir='ltr'>ἐγένετο</span> <span class='ocrx_word' id='word_1_261' title='bbox 1837 2174 1976 2226; x_wconf 79' lang='grc' dir='ltr'>κατὰ</span> 
     </span>
    </p>
   </div>
   <div class='ocr_carea' id='block_1_38' title="bbox 399 2266 1978 2339">
    <p class='ocr_par' dir='ltr' id='par_1_38' title="bbox 399 2266 1978 2339">
     <span class='ocr_line' id='line_1_38' title="bbox 399 2266 1978 2339; baseline 0.001 -20"><span class='ocrx_word' id='word_1_262' title='bbox 399 2268 508 2320; x_wconf 78' lang='grc' dir='ltr'><strong>τῶν</strong></span> <span class='ocrx_word' id='word_1_263' title='bbox 538 2268 746 2339; x_wconf 78' lang='grc' dir='ltr'>ἐχθρῶν</span> <span class='ocrx_word' id='word_1_264' title='bbox 780 2268 965 2322; x_wconf 79' lang='grc' dir='ltr'>αὐτοῦ.</span> <span class='ocrx_word' id='word_1_265' title='bbox 997 2270 1063 2320; x_wconf 84' lang='grc' dir='ltr'><strong>Ἦ</strong></span> <span class='ocrx_word' id='word_1_266' title='bbox 1092 2271 1118 2320; x_wconf 90' lang='grc' dir='ltr'>ὁ</span> <span class='ocrx_word' id='word_1_267' title='bbox 1147 2269 1202 2319; x_wconf 78' lang='grc' dir='ltr'>ἐν</span> <span class='ocrx_word' id='word_1_268' title='bbox 1225 2267 1415 2338; x_wconf 73' lang='grc' dir='ltr'>ἁγνείᾳ</span> <span class='ocrx_word' id='word_1_269' title='bbox 1445 2266 1558 2337; x_wconf 85' lang='grc' dir='ltr'>βίου</span> <span class='ocrx_word' id='word_1_270' title='bbox 1612 2267 1786 2334; x_wconf 86' lang='grc' dir='ltr'>λόγος,</span> <span class='ocrx_word' id='word_1_271' title='bbox 1826 2269 1978 2321; x_wconf 84' lang='grc' dir='ltr'>ἀναι-</span> 
     </span>
    </p>
   </div>
   <div class='ocr_carea' id='block_1_39' title="bbox 403 2357 1977 2431">
    <p class='ocr_par' dir='ltr' id='par_1_39' title="bbox 403 2357 1977 2431">
     <span class='ocr_line' id='line_1_39' title="bbox 403 2357 1977 2431; baseline -0.001 -20"><span class='ocrx_word' id='word_1_272' title='bbox 403 2359 510 2431; x_wconf 90' lang='grc' dir='ltr'><strong>ρῶν</strong></span> <span class='ocrx_word' id='word_1_273' title='bbox 547 2360 615 2412; x_wconf 76' lang='grc' dir='ltr'><strong>τά</strong></span> <span class='ocrx_word' id='word_1_274' title='bbox 648 2360 817 2431; x_wconf 86' lang='grc' dir='ltr'>πάθη,</span> <span class='ocrx_word' id='word_1_275' title='bbox 853 2357 1188 2431; x_wconf 81' lang='grc' dir='ltr'>περιζῶσθαι</span> <span class='ocrx_word' id='word_1_276' title='bbox 1215 2359 1488 2430; x_wconf 77' lang='grc' dir='ltr'>ῥομφαίαν</span> <span class='ocrx_word' id='word_1_277' title='bbox 1509 2358 1724 2426; x_wconf 81' lang='grc' dir='ltr'>λέγεται</span> <span class='ocrx_word' id='word_1_278' title='bbox 1761 2361 1852 2411; x_wconf 76' lang='grc' dir='ltr'>ἐπὶ</span> <span class='ocrx_word' id='word_1_279' title='bbox 1888 2360 1977 2411; x_wconf 87' lang='grc' dir='ltr'>τὸν</span> 
     </span>
    </p>
   </div>
   <div class='ocr_carea' id='block_1_40' title="bbox 402 2453 1976 2525">
    <p class='ocr_par' dir='ltr' id='par_1_40' title="bbox 402 2453 1976 2525">
     <span class='ocr_line' id='line_1_40' title="bbox 402 2453 1976 2525; baseline 0.001 -20"><span class='ocrx_word' id='word_1_280' title='bbox 402 2454 574 2524; x_wconf 83' lang='grc' dir='ltr'>μηρὸν</span> <span class='ocrx_word' id='word_1_281' title='bbox 619 2454 804 2507; x_wconf 80' lang='grc' dir='ltr'>αὐτοῦ.</span> <span class='ocrx_word' id='word_1_282' title='bbox 845 2454 1065 2525; x_wconf 86' lang='grc' dir='ltr'>Πρῶτος</span> <span class='ocrx_word' id='word_1_283' title='bbox 1118 2454 1174 2507; x_wconf 78' lang='grc' dir='ltr'>δὲ</span> <span class='ocrx_word' id='word_1_284' title='bbox 1233 2453 1439 2524; x_wconf 85' lang='grc' dir='ltr'>Ἰησοῦς</span> <span class='ocrx_word' id='word_1_285' title='bbox 1497 2453 1656 2506; x_wconf 88' lang='grc' dir='ltr'>τοῦτο</span> <span class='ocrx_word' id='word_1_286' title='bbox 1699 2454 1976 2524; x_wconf 78' lang='grc' dir='ltr'>ἐποίησεν,</span> 
     </span>
    </p>
   </div>
   <div class='ocr_carea' id='block_1_41' title="bbox 400 2545 1973 2616">
    <p class='ocr_par' dir='ltr' id='par_1_41' title="bbox 400 2545 1973 2616">
     <span class='ocr_line' id='line_1_41' title="bbox 400 2545 1973 2616; baseline 0.003 -19"><span class='ocrx_word' id='word_1_287' title='bbox 400 2546 522 2598; x_wconf 75' lang='grc' dir='ltr'>ἐπεὶ</span> <span class='ocrx_word' id='word_1_288' title='bbox 539 2546 689 2599; x_wconf 77' lang='grc' dir='ltr'>οὐδὲν</span> <span class='ocrx_word' id='word_1_289' title='bbox 728 2547 1008 2616; x_wconf 80' lang='grc' dir='ltr'>ἀνειμένον</span> <span class='ocrx_word' id='word_1_290' title='bbox 1039 2548 1133 2600; x_wconf 73' lang='grc' dir='ltr'><strong>καὶ</strong></span> <span class='ocrx_word' id='word_1_291' title='bbox 1193 2545 1550 2616; x_wconf 74' lang='grc' dir='ltr'>ἐκλελυμένον</span> <span class='ocrx_word' id='word_1_292' title='bbox 1615 2549 1671 2598; x_wconf 83' lang='grc' dir='ltr'><strong>ὲν</strong></span> <span class='ocrx_word' id='word_1_293' title='bbox 1735 2545 1973 2616; x_wconf 82' lang='grc' dir='ltr'>Χριστῷ.</span> 
     </span>
    </p>
   </div>
   <div class='ocr_carea' id='block_1_42' title="bbox 398 2635 1978 2707">
    <p class='ocr_par' dir='ltr' id='par_1_42' title="bbox 398 2635 1978 2707">
     <span class='ocr_line' id='line_1_42' title="bbox 398 2635 1978 2707; baseline 0.001 -20"><span class='ocrx_word' id='word_1_294' title='bbox 398 2637 554 2688; x_wconf 79' lang='grc' dir='ltr'>Κατὰ</span> <span class='ocrx_word' id='word_1_295' title='bbox 585 2636 743 2689; x_wconf 88' lang='grc' dir='ltr'>τοῦτο</span> <span class='ocrx_word' id='word_1_296' title='bbox 767 2639 978 2707; x_wconf 81' lang='grc' dir='ltr'>νοήσεις</span> <span class='ocrx_word' id='word_1_297' title='bbox 1006 2637 1111 2706; x_wconf 76' lang='grc' dir='ltr'>τὺ,ι</span> <span class='ocrx_word' id='word_1_298' title='bbox 1142 2636 1394 2692; x_wconf 75' lang='grc' dir='ltr'>ἓντεινον.</span> <span class='ocrx_word' id='word_1_299' title='bbox 1431 2655 1447 2686; x_wconf 72' lang='grc' dir='ltr'><strong>ι</strong></span> <span class='ocrx_word' id='word_1_300' title='bbox 1487 2637 1596 2689; x_wconf 77' lang='lat' dir='ltr'><strong>Kal.</strong></span> <span class='ocrx_word' id='word_1_301' title='bbox 1623 2635 1714 2688; x_wconf 79' lang='grc' dir='ltr'><strong>τὸν</strong></span> <span class='ocrx_word' id='word_1_302' title='bbox 1741 2637 1838 2706; x_wconf 81' lang='grc' dir='ltr'>μὲν</span> <span class='ocrx_word' id='word_1_303' title='bbox 1866 2637 1978 2689; x_wconf 86' lang='grc' dir='ltr'>Σω-</span> 
     </span>
    </p>
   </div>
   <div class='ocr_carea' id='block_1_43' title="bbox 396 2725 1976 2796">
    <p class='ocr_par' dir='ltr' id='par_1_43' title="bbox 396 2725 1976 2796">
     <span class='ocr_line' id='line_1_43' title="bbox 396 2725 1976 2796; baseline 0 -19"><span class='ocrx_word' id='word_1_304' title='bbox 396 2726 540 2796; x_wconf 79' lang='grc' dir='ltr'>τῆρα</span> <span class='ocrx_word' id='word_1_305' title='bbox 571 2727 663 2778; x_wconf 79' lang='grc' dir='ltr'>καὶ</span> <span class='ocrx_word' id='word_1_306' title='bbox 719 2729 844 2790; x_wconf 78' lang='grc' dir='ltr'>τοὺς</span> <span class='ocrx_word' id='word_1_307' title='bbox 899 2727 1085 2795; x_wconf 81' lang='grc' dir='ltr'>ἁγίους</span> <span class='ocrx_word' id='word_1_308' title='bbox 1143 2727 1308 2780; x_wconf 81' lang='grc' dir='ltr'>αὐτοῦ</span> <span class='ocrx_word' id='word_1_309' title='bbox 1358 2729 1392 2780; x_wconf 72' lang='grc' dir='ltr'>ἦ</span> <span class='ocrx_word' id='word_1_310' title='bbox 1433 2726 1579 2792; x_wconf 82' lang='grc' dir='ltr'>δεξιά</span> <span class='ocrx_word' id='word_1_311' title='bbox 1626 2726 1790 2780; x_wconf 79' lang='grc' dir='ltr'>αὐτοῦ</span> <span class='ocrx_word' id='word_1_312' title='bbox 1850 2725 1976 2796; x_wconf 85' lang='grc' dir='ltr'>ὁδη-</span> 
     </span>
    </p>
   </div>
   <div class='ocr_carea' id='block_1_44' title="bbox 397 2837 504 2888">
    <p class='ocr_par' dir='ltr' id='par_1_44' title="bbox 397 2837 504 2888">
     <span class='ocr_line' id='line_1_44' title="bbox 397 2837 504 2888; baseline 0.037 -18"><span class='ocrx_word' id='word_1_313' title='bbox 397 2837 504 2888; x_wconf 88' lang='grc' dir='ltr'>γει.</span> 
     </span>
    </p>
   </div>
   <div class='ocr_carea' id='block_1_45' title="bbox 472 2910 1974 2978">
    <p class='ocr_par' dir='ltr' id='par_1_45' title="bbox 472 2910 1974 2978">
     <span class='ocr_line' id='line_1_45' title="bbox 472 2910 1974 2978; baseline 0.001 -16"><span class='ocrx_word' id='word_1_314' title='bbox 472 2912 719 2964; x_wconf 83' lang='grc' dir='ltr'>Ἕνεκεν</span> <span class='ocrx_word' id='word_1_315' title='bbox 740 2911 1027 2978; x_wconf 73' lang='grc' dir='ltr'>ἀληθείης</span> <span class='ocrx_word' id='word_1_316' title='bbox 1055 2911 1151 2964; x_wconf 81' lang='grc' dir='ltr'>καὶ</span> <span class='ocrx_word' id='word_1_317' title='bbox 1172 2911 1506 2978; x_wconf 79' lang='grc' dir='ltr'>πραότητος</span> <span class='ocrx_word' id='word_1_318' title='bbox 1539 2910 1638 2963; x_wconf 73' lang='grc' dir='ltr'><strong>καί</strong></span> <span class='ocrx_word' id='word_1_319' title='bbox 1671 2911 1974 2964; x_wconf 81' lang='grc' dir='ltr'>δικαιοσύ-</span> 
     </span>
    </p>
   </div>
   <div class='ocr_carea' id='block_1_46' title="bbox 395 3000 1974 3071">
    <p class='ocr_par' dir='ltr' id='par_1_46' title="bbox 395 3000 1974 3071">
     <span class='ocr_line' id='line_1_46' title="bbox 395 3000 1974 3071; baseline 0 -18"><span class='ocrx_word' id='word_1_320' title='bbox 395 3017 529 3064; x_wconf 84' lang='grc' dir='ltr'>νης,</span> <span class='ocrx_word' id='word_1_321' title='bbox 565 3017 616 3053; x_wconf 91' lang='grc' dir='ltr'><strong>κ.</strong></span> <span class='ocrx_word' id='word_1_322' title='bbox 641 3019 692 3053; x_wconf 90' lang='grc' dir='ltr'>τ.</span> <span class='ocrx_word' id='word_1_323' title='bbox 723 3002 766 3053; x_wconf 79' lang='grc' dir='ltr'><strong>ἑ.</strong></span> <span class='ocrx_word' id='word_1_324' title='bbox 804 3002 868 3052; x_wconf 81' lang='lat' dir='ltr'><strong>Ol</strong></span> <span class='ocrx_word' id='word_1_325' title='bbox 897 3000 1115 3070; x_wconf 85' lang='grc' dir='ltr'>ἀληθεῖς</span> <span class='ocrx_word' id='word_1_326' title='bbox 1134 3001 1267 3068; x_wconf 83' lang='grc'>(56),</span> <span class='ocrx_word' id='word_1_327' title='bbox 1302 3001 1396 3053; x_wconf 79' lang='grc' dir='ltr'>καὶ</span> <span class='ocrx_word' id='word_1_328' title='bbox 1419 3002 1632 3071; x_wconf 85' lang='grc' dir='ltr'>πραεῖς,</span> <span class='ocrx_word' id='word_1_329' title='bbox 1661 3001 1755 3052; x_wconf 77' lang='grc' dir='ltr'><strong>καὶ</strong></span> <span class='ocrx_word' id='word_1_330' title='bbox 1778 3000 1974 3054; x_wconf 87' lang='grc' dir='ltr'>δίκαιοι</span> 
     </span>
    </p>
   </div>
   <div class='ocr_carea' id='block_1_47' title="bbox 398 3091 1974 3164">
    <p class='ocr_par' dir='ltr' id='par_1_47' title="bbox 398 3091 1974 3164">
     <span class='ocr_line' id='line_1_47' title="bbox 398 3091 1974 3164; baseline 0.001 -19"><span class='ocrx_word' id='word_1_331' title='bbox 398 3092 770 3159; x_wconf 79' lang='grc' dir='ltr'>βασιλεύονται</span> <span class='ocrx_word' id='word_1_332' title='bbox 811 3093 914 3144; x_wconf 79' lang='grc' dir='ltr'>ὑπὸ</span> <span class='ocrx_word' id='word_1_333' title='bbox 948 3091 1039 3145; x_wconf 84' lang='grc' dir='ltr'><strong>τοῦ</strong></span> <span class='ocrx_word' id='word_1_334' title='bbox 1076 3092 1334 3162; x_wconf 77' lang='grc' dir='ltr'>Χριστοῦ.</span> <span class='ocrx_word' id='word_1_335' title='bbox 1392 3111 1410 3143; x_wconf 81' lang='grc' dir='ltr'><strong>ι</strong></span> <span class='ocrx_word' id='word_1_336' title='bbox 1469 3093 1578 3146; x_wconf 75' lang='grc' dir='ltr'>Καὶ</span> <span class='ocrx_word' id='word_1_337' title='bbox 1618 3093 1872 3164; x_wconf 82' lang='grc' dir='ltr'>ὁδηγήσει</span> <span class='ocrx_word' id='word_1_338' title='bbox 1914 3111 1974 3146; x_wconf 90' lang='grc' dir='ltr'><strong>σε</strong></span> 
     </span>
    </p>
   </div>
   <div class='ocr_carea' id='block_1_48' title="bbox 396 3184 1972 3255">
    <p class='ocr_par' dir='ltr' id='par_1_48' title="bbox 396 3184 1972 3255">
     <span class='ocr_line' id='line_1_48' title="bbox 396 3184 1972 3255; baseline 0.001 -17"><span class='ocrx_word' id='word_1_339' title='bbox 396 3184 725 3254; x_wconf 80' lang='grc' dir='ltr'>θαυμαστῶς</span> <span class='ocrx_word' id='word_1_340' title='bbox 758 3187 789 3255; x_wconf 85' lang='grc' dir='ltr'>ἡ</span> <span class='ocrx_word' id='word_1_341' title='bbox 815 3185 963 3252; x_wconf 80' lang='grc' dir='ltr'>δεξιά</span> <span class='ocrx_word' id='word_1_342' title='bbox 986 3204 1100 3242; x_wconf 89' lang='grc' dir='ltr'>σου.</span> <span class='ocrx_word' id='word_1_343' title='bbox 1140 3206 1158 3238; x_wconf 78' lang='grc' dir='ltr'><strong>ι</strong></span> <span class='ocrx_word' id='word_1_344' title='bbox 1188 3185 1347 3251; x_wconf 79' lang='grc' dir='ltr'>Δεξιά</span> <span class='ocrx_word' id='word_1_345' title='bbox 1375 3185 1470 3239; x_wconf 91' lang='grc' dir='ltr'><strong>τοῦ</strong></span> <span class='ocrx_word' id='word_1_346' title='bbox 1509 3184 1643 3239; x_wconf 84' lang='grc' dir='ltr'>Θεοῦ</span> <span class='ocrx_word' id='word_1_347' title='bbox 1671 3187 1818 3239; x_wconf 79' lang='grc' dir='ltr'>ἐστιν</span> <span class='ocrx_word' id='word_1_348' title='bbox 1853 3188 1884 3240; x_wconf 88' lang='grc' dir='ltr'><strong>ό</strong></span> <span class='ocrx_word' id='word_1_349' title='bbox 1915 3188 1972 3239; x_wconf 80' lang='grc' dir='ltr'><strong>ὲν</strong></span> 
     </span>
    </p>
   </div>
   <div class='ocr_carea' id='block_1_49' title="bbox 394 3275 919 3345">
    <p class='ocr_par' dir='ltr' id='par_1_49' title="bbox 394 3275 919 3345">
     <span class='ocr_line' id='line_1_49' title="bbox 394 3275 919 3345; baseline 0.008 -19"><span class='ocrx_word' id='word_1_350' title='bbox 394 3275 542 3345; x_wconf 83' lang='grc' dir='ltr'>αὐτῷ</span> <span class='ocrx_word' id='word_1_351' title='bbox 575 3276 705 3338; x_wconf 81' lang='grc' dir='ltr'>Θεὸς</span> <span class='ocrx_word' id='word_1_352' title='bbox 729 3277 919 3344; x_wconf 81' lang='grc' dir='ltr'>Λόγος.</span> 
     </span>
    </p>
   </div>
   <div class='ocr_carea' id='block_1_50' title="bbox 473 3365 1978 3436">
    <p class='ocr_par' dir='ltr' id='par_1_50' title="bbox 473 3365 1978 3436">
     <span class='ocr_line' id='line_1_50' title="bbox 473 3365 1978 3436; baseline 0.005 -18"><span class='ocrx_word' id='word_1_353' title='bbox 473 3365 549 3419; x_wconf 86' lang='grc' dir='ltr'><em>Τὰ</em></span> <span class='ocrx_word' id='word_1_354' title='bbox 570 3365 730 3434; x_wconf 78' lang='grc' dir='ltr'>,ϐέλη</span> <span class='ocrx_word' id='word_1_355' title='bbox 769 3382 885 3420; x_wconf 85' lang='grc' dir='ltr'>σου</span> <span class='ocrx_word' id='word_1_356' title='bbox 934 3366 1296 3436; x_wconf 75' lang='grc' dir='ltr'><strong>ἠκονημένα,</strong></span> <span class='ocrx_word' id='word_1_357' title='bbox 1339 3368 1582 3423; x_wconf 75' lang='grc' dir='ltr'>δυνατέο</span> <span class='ocrx_word' id='word_1_358' title='bbox 1636 3370 1776 3424; x_wconf 72' lang='grc' dir='ltr'>λαοὶ</span> <span class='ocrx_word' id='word_1_359' title='bbox 1830 3373 1978 3425; x_wconf 83' lang='grc' dir='ltr'>ὐπο-</span> 
     </span>
    </p>
   </div>
   <div class='ocr_carea' id='block_1_51' title="bbox 395 3455 1976 3528">
    <p class='ocr_par' dir='ltr' id='par_1_51' title="bbox 395 3455 1976 3528">
     <span class='ocr_line' id='line_1_51' title="bbox 395 3455 1976 3528; baseline 0.007 -23"><span class='ocrx_word' id='word_1_360' title='bbox 395 3456 551 3506; x_wconf 76' lang='grc' dir='ltr'>κιὶτω</span> <span class='ocrx_word' id='word_1_361' title='bbox 583 3469 699 3507; x_wconf 89' lang='grc' dir='ltr'><strong>σου</strong></span> <span class='ocrx_word' id='word_1_362' title='bbox 730 3455 1075 3520; x_wconf 79' lang='grc' dir='ltr'>πεσοῦνται,</span> <span class='ocrx_word' id='word_1_363' title='bbox 1107 3458 1177 3509; x_wconf 83' lang='grc' dir='ltr'>ἐν</span> <span class='ocrx_word' id='word_1_364' title='bbox 1199 3457 1410 3524; x_wconf 80' lang='grc' dir='ltr'>καρδίᾳ</span> <span class='ocrx_word' id='word_1_365' title='bbox 1447 3459 1566 3513; x_wconf 83' lang='grc' dir='ltr'><strong>τῶν</strong></span> <span class='ocrx_word' id='word_1_366' title='bbox 1600 3459 1828 3528; x_wconf 84' lang='grc' dir='ltr'><strong>ἐχθρῶν</strong></span> <span class='ocrx_word' id='word_1_367' title='bbox 1868 3462 1976 3516; x_wconf 82' lang='grc' dir='ltr'><strong>τοῦ</strong></span> 
     </span>
    </p>
   </div>
   <div class='ocr_carea' id='block_1_52' title="bbox 391 3545 1978 3623">
    <p class='ocr_par' dir='ltr' id='par_1_52' title="bbox 391 3545 1978 3623">
     <span class='ocr_line' id='line_1_52' title="bbox 391 3545 1978 3623; baseline 0.007 -28"><span class='ocrx_word' id='word_1_368' title='bbox 391 3545 716 3612; x_wconf 76' lang='grc' dir='ltr'>βασιλέως,</span> <span class='ocrx_word' id='word_1_369' title='bbox 745 3565 797 3599; x_wconf 91' lang='grc' dir='ltr'><strong>κ.</strong></span> <span class='ocrx_word' id='word_1_370' title='bbox 835 3565 886 3599; x_wconf 89' lang='grc' dir='ltr'><strong>τ.</strong></span> <span class='ocrx_word' id='word_1_371' title='bbox 920 3550 962 3600; x_wconf 82' lang='grc' dir='ltr'><strong>ὲ.</strong></span> <span class='ocrx_word' id='word_1_372' title='bbox 993 3548 1130 3617; x_wconf 75' lang='grc' dir='ltr'>Βὲλη</span> <span class='ocrx_word' id='word_1_373' title='bbox 1169 3548 1406 3620; x_wconf 83' lang='grc' dir='ltr'>Χριστοῦ</span> <span class='ocrx_word' id='word_1_374' title='bbox 1442 3548 1554 3617; x_wconf 75' lang='grc'>(57)</span> <span class='ocrx_word' id='word_1_375' title='bbox 1590 3552 1645 3604; x_wconf 91' lang='grc' dir='ltr'>αἱ</span> <span class='ocrx_word' id='word_1_376' title='bbox 1676 3553 1978 3623; x_wconf 76' lang='grc' dir='ltr'>πρακτικαὶ</span> 
     </span>
    </p>
   </div>
   <div class='ocr_carea' id='block_1_53' title="bbox 395 3636 1974 3713">
    <p class='ocr_par' dir='ltr' id='par_1_53' title="bbox 395 3636 1974 3713">
     <span class='ocr_line' id='line_1_53' title="bbox 395 3636 1974 3713; baseline 0.004 -25"><span class='ocrx_word' id='word_1_377' title='bbox 395 3636 609 3706; x_wconf 73' lang='grc' dir='ltr'>ἀρεταὶ,</span> <span class='ocrx_word' id='word_1_378' title='bbox 645 3638 738 3690; x_wconf 74' lang='grc' dir='ltr'><strong>καὶ</strong></span> <span class='ocrx_word' id='word_1_379' title='bbox 771 3641 835 3707; x_wconf 80' lang='grc' dir='ltr'>τῇ</span> <span class='ocrx_word' id='word_1_380' title='bbox 869 3639 966 3708; x_wconf 81' lang='grc' dir='ltr'>μὲν</span> <span class='ocrx_word' id='word_1_381' title='bbox 989 3638 1300 3710; x_wconf 82' lang='grc' dir='ltr'>δικαιοσύνῃ</span> <span class='ocrx_word' id='word_1_382' title='bbox 1335 3639 1540 3706; x_wconf 81' lang='grc' dir='ltr'>τοξεύει</span> <span class='ocrx_word' id='word_1_383' title='bbox 1570 3639 1658 3694; x_wconf 81' lang='grc' dir='ltr'>τὸν</span> <span class='ocrx_word' id='word_1_384' title='bbox 1682 3641 1884 3707; x_wconf 84' lang='grc' dir='ltr'>ἄδικον,</span> <span class='ocrx_word' id='word_1_385' title='bbox 1909 3645 1974 3713; x_wconf 83' lang='grc' dir='ltr'>τῇ</span> 
     </span>
    </p>
   </div>
   <div class='ocr_carea' id='block_1_54' title="bbox 395 3728 1975 3806">
    <p class='ocr_par' dir='ltr' id='par_1_54' title="bbox 395 3728 1975 3806">
     <span class='ocr_line' id='line_1_54' title="bbox 395 3728 1975 3806; baseline 0.004 -26"><span class='ocrx_word' id='word_1_386' title='bbox 395 3728 449 3781; x_wconf 71' lang='grc' dir='ltr'>δὲ</span> <span class='ocrx_word' id='word_1_387' title='bbox 485 3731 742 3800; x_wconf 76' lang='grc' dir='ltr'>φρονήσει</span> <span class='ocrx_word' id='word_1_388' title='bbox 773 3731 865 3783; x_wconf 85' lang='grc' dir='ltr'><strong>τὸν</strong></span> <span class='ocrx_word' id='word_1_389' title='bbox 909 3732 1136 3802; x_wconf 83' lang='grc' dir='ltr'>ἄφρονα,</span> <span class='ocrx_word' id='word_1_390' title='bbox 1192 3731 1282 3784; x_wconf 83' lang='grc' dir='ltr'><strong>τὸν</strong></span> <span class='ocrx_word' id='word_1_391' title='bbox 1323 3732 1494 3786; x_wconf 82' lang='grc' dir='ltr'>δειλὸν</span> <span class='ocrx_word' id='word_1_392' title='bbox 1517 3735 1580 3803; x_wconf 87' lang='grc' dir='ltr'>τῇ</span> <span class='ocrx_word' id='word_1_393' title='bbox 1615 3735 1870 3806; x_wconf 74' lang='grc' dir='ltr'>ἀνδρείᾳ,</span> <span class='ocrx_word' id='word_1_394' title='bbox 1909 3738 1975 3806; x_wconf 79' lang='grc' dir='ltr'>τῇ</span> 
     </span>
    </p>
   </div>
   <div class='ocr_carea' id='block_1_55' title="bbox 397 3820 1976 3898">
    <p class='ocr_par' dir='ltr' id='par_1_55' title="bbox 397 3820 1976 3898">
     <span class='ocr_line' id='line_1_55' title="bbox 397 3820 1976 3898; baseline 0.008 -30"><span class='ocrx_word' id='word_1_395' title='bbox 397 3820 693 3891; x_wconf 69' lang='grc' dir='ltr'>ἐγκρατείᾳ.</span> <span class='ocrx_word' id='word_1_396' title='bbox 725 3821 816 3874; x_wconf 81' lang='grc' dir='ltr'>τὸν</span> <span class='ocrx_word' id='word_1_397' title='bbox 849 3822 1169 3886; x_wconf 82' lang='grc' dir='ltr'>ἀκόλαστον,</span> <span class='ocrx_word' id='word_1_398' title='bbox 1194 3825 1258 3892; x_wconf 82' lang='grc' dir='ltr'>τῇ</span> <span class='ocrx_word' id='word_1_399' title='bbox 1282 3824 1635 3895; x_wconf 82' lang='grc' dir='ltr'>μακροθυμίᾳ</span> <span class='ocrx_word' id='word_1_400' title='bbox 1689 3826 1780 3878; x_wconf 76' lang='grc' dir='ltr'><strong>τὸν</strong></span> <span class='ocrx_word' id='word_1_401' title='bbox 1823 3828 1976 3898; x_wconf 76' lang='grc' dir='ltr'>ὀργί-</span> 
     </span>
    </p>
   </div>
   <div class='ocr_carea' id='block_1_56' title="bbox 395 3909 1976 3988">
    <p class='ocr_par' dir='ltr' id='par_1_56' title="bbox 395 3909 1976 3988">
     <span class='ocr_line' id='line_1_56' title="bbox 395 3909 1976 3988; baseline 0.005 -26"><span class='ocrx_word' id='word_1_402' title='bbox 395 3909 506 3972; x_wconf 85' lang='grc' dir='ltr'>λον,</span> <span class='ocrx_word' id='word_1_403' title='bbox 533 3913 625 3964; x_wconf 73' lang='grc' dir='ltr'><strong>καὶ</strong></span> <span class='ocrx_word' id='word_1_404' title='bbox 653 3915 718 3982; x_wconf 83' lang='grc' dir='ltr'>τῇ</span> <span class='ocrx_word' id='word_1_405' title='bbox 754 3913 933 3964; x_wconf 88' lang='grc' dir='ltr'>πίστει</span> <span class='ocrx_word' id='word_1_406' title='bbox 955 3913 1045 3965; x_wconf 81' lang='grc' dir='ltr'><strong>τὸν</strong></span> <span class='ocrx_word' id='word_1_407' title='bbox 1076 3913 1321 3966; x_wconf 80' lang='grc' dir='ltr'>ἄπιστον.</span> <span class='ocrx_word' id='word_1_408' title='bbox 1360 3916 1431 3968; x_wconf 82' lang='grc' dir='ltr'><strong>1Ιέ</strong></span> <span class='ocrx_word' id='word_1_409' title='bbox 1441 3933 1640 3985; x_wconf 86' lang='grc' dir='ltr'>μπεται</span> <span class='ocrx_word' id='word_1_410' title='bbox 1665 3917 1721 3970; x_wconf 86' lang='grc' dir='ltr'>δὲ</span> <span class='ocrx_word' id='word_1_411' title='bbox 1746 3918 1851 3988; x_wconf 81' lang='grc' dir='ltr'><strong>πρὸ</strong></span> <span class='ocrx_word' id='word_1_412' title='bbox 1870 3919 1976 3970; x_wconf 88' lang='grc' dir='ltr'><strong>τῶν</strong></span> 
     </span>
    </p>
   </div>
   <div class='ocr_carea' id='block_1_57' title="bbox 396 4000 1977 4077">
    <p class='ocr_par' dir='ltr' id='par_1_57' title="bbox 396 4000 1977 4077">
     <span class='ocr_line' id='line_1_57' title="bbox 396 4000 1977 4077; baseline 0.005 -24"><span class='ocrx_word' id='word_1_413' title='bbox 396 4000 570 4055; x_wconf 81' lang='grc' dir='ltr'>ἄλλων</span> <span class='ocrx_word' id='word_1_414' title='bbox 598 4001 658 4054; x_wconf 83' lang='grc' dir='ltr'>τὸ</span> <span class='ocrx_word' id='word_1_415' title='bbox 681 4001 833 4071; x_wconf 81' lang='grc' dir='ltr'>βέλος</span> <span class='ocrx_word' id='word_1_416' title='bbox 861 4002 962 4072; x_wconf 80' lang='grc' dir='ltr'>τῆς</span> <span class='ocrx_word' id='word_1_417' title='bbox 995 4003 1248 4069; x_wconf 84' lang='grc' dir='ltr'>πίστεως.</span> <span class='ocrx_word' id='word_1_418' title='bbox 1265 4008 1356 4058; x_wconf 89' lang='grc' dir='ltr'><strong>Δεῖ</strong></span> <span class='ocrx_word' id='word_1_419' title='bbox 1387 4007 1494 4077; x_wconf 78' lang='grc' dir='ltr'><strong>γάρ</strong></span> <span class='ocrx_word' id='word_1_420' title='bbox 1521 4007 1738 4077; x_wconf 88' lang='grc' dir='ltr'>πρῶτον</span> <span class='ocrx_word' id='word_1_421' title='bbox 1764 4008 1977 4061; x_wconf 84' lang='grc' dir='ltr'>πιστεῦ-</span> 
     </span>
    </p>
   </div>
   <div class='ocr_carea' id='block_1_58' title="bbox 334 4093 926 4160">
    <p class='ocr_par' dir='ltr' id='par_1_58' title="bbox 334 4093 926 4160">
     <span class='ocr_line' id='line_1_58' title="bbox 334 4093 926 4160; baseline 0.008 -16"><span class='ocrx_word' id='word_1_422' title='bbox 334 4158 337 4160; x_wconf 21' lang='grc' dir='ltr'><strong>η</strong></span> <span class='ocrx_word' id='word_1_423' title='bbox 397 4109 485 4145; x_wconf 88' lang='grc' dir='ltr'><strong>σαι</strong></span> <span class='ocrx_word' id='word_1_424' title='bbox 511 4093 592 4144; x_wconf 82' lang='grc' dir='ltr'><strong>ὅτι</strong></span> <span class='ocrx_word' id='word_1_425' title='bbox 631 4095 742 4147; x_wconf 75' lang='grc' dir='ltr'>ἐστι</span> <span class='ocrx_word' id='word_1_426' title='bbox 775 4093 926 4158; x_wconf 88' lang='grc' dir='ltr'>Θεός.</span> 
     </span>
    </p>
   </div>
   <div class='ocr_carea' id='block_1_59' title="bbox 472 4206 1972 4286">
    <p class='ocr_par' dir='ltr' id='par_1_59' title="bbox 472 4206 1972 4286">
     <span class='ocr_line' id='line_1_59' title="bbox 472 4206 1972 4286; baseline 0.005 -26"><span class='ocrx_word' id='word_1_427' title='bbox 472 4206 581 4260; x_wconf 87' lang='grc' dir='ltr'><strong>Τοῦ</strong></span> <span class='ocrx_word' id='word_1_428' title='bbox 611 4207 818 4262; x_wconf 85' lang='grc' dir='ltr'>αὐτοῦ.</span> <span class='ocrx_word' id='word_1_429' title='bbox 856 4207 962 4260; x_wconf 90' lang='grc' dir='ltr'>Τοῦ</span> <span class='ocrx_word' id='word_1_430' title='bbox 1001 4209 1198 4273; x_wconf 84' lang='grc' dir='ltr'>ἱκανῶς</span> <span class='ocrx_word' id='word_1_431' title='bbox 1236 4210 1626 4280; x_wconf 79' lang='grc' dir='ltr'>πρεσϐεύοντος</span> <span class='ocrx_word' id='word_1_432' title='bbox 1668 4212 1777 4283; x_wconf 89' lang='grc'>(58)</span> <span class='ocrx_word' id='word_1_433' title='bbox 1833 4213 1972 4286; x_wconf 79' lang='grc' dir='ltr'>ὑπὲρ</span> 
     </span>
    </p>
   </div>
   <div class='ocr_carea' id='block_1_60' title="bbox 395 4297 1975 4372">
    <p class='ocr_par' dir='ltr' id='par_1_60' title="bbox 395 4297 1975 4372">
     <span class='ocr_line' id='line_1_60' title="bbox 395 4297 1975 4372; baseline 0.004 -22"><span class='ocrx_word' id='word_1_434' title='bbox 395 4297 670 4367; x_wconf 80' lang='grc' dir='ltr'>ἀληθείας,</span> <span class='ocrx_word' id='word_1_435' title='bbox 720 4298 812 4349; x_wconf 82' lang='grc' dir='ltr'><strong>καὶ</strong></span> <span class='ocrx_word' id='word_1_436' title='bbox 855 4297 1095 4361; x_wconf 89' lang='grc' dir='ltr'>δυνατῶς</span> <span class='ocrx_word' id='word_1_437' title='bbox 1122 4299 1182 4352; x_wconf 82' lang='grc' dir='ltr'><strong>τὸ</strong></span> <span class='ocrx_word' id='word_1_438' title='bbox 1214 4299 1406 4368; x_wconf 74' lang='grc' dir='ltr'>ψεῦδος</span> <span class='ocrx_word' id='word_1_439' title='bbox 1464 4301 1871 4372; x_wconf 85' lang='grc' dir='ltr'>καθαιροῦντος,</span> <span class='ocrx_word' id='word_1_440' title='bbox 1908 4305 1975 4357; x_wconf 84' lang='grc' dir='ltr'>τὰ</span> 
     </span>
    </p>
   </div>
   <div class='ocr_carea' id='block_1_61' title="bbox 393 4388 1970 4467">
    <p class='ocr_par' dir='ltr' id='par_1_61' title="bbox 393 4388 1970 4467">
     <span class='ocr_line' id='line_1_61' title="bbox 393 4388 1970 4467; baseline 0.005 -26"><span class='ocrx_word' id='word_1_441' title='bbox 393 4388 588 4458; x_wconf 78' lang='grc' dir='ltr'>λογικά</span> <span class='ocrx_word' id='word_1_442' title='bbox 615 4391 872 4460; x_wconf 79' lang='grc' dir='ltr'>ἡκόνηται</span> <span class='ocrx_word' id='word_1_443' title='bbox 908 4391 1058 4461; x_wconf 79' lang='grc' dir='ltr'>βέλη.</span> <span class='ocrx_word' id='word_1_444' title='bbox 1097 4392 1207 4444; x_wconf 71' lang='grc' dir='ltr'>Καὶ</span> <span class='ocrx_word' id='word_1_445' title='bbox 1242 4395 1288 4444; x_wconf 86' lang='grc' dir='ltr'>οἱ</span> <span class='ocrx_word' id='word_1_446' title='bbox 1319 4393 1575 4447; x_wconf 81' lang='grc' dir='ltr'>ὑποκάτω</span> <span class='ocrx_word' id='word_1_447' title='bbox 1602 4394 1696 4448; x_wconf 88' lang='grc' dir='ltr'><strong>τοῦ</strong></span> <span class='ocrx_word' id='word_1_448' title='bbox 1736 4397 1970 4467; x_wconf 87' lang='grc' dir='ltr'>Χριστοῦ</span> 
     </span>
    </p>
   </div>
   <div class='ocr_carea' id='block_1_62' title="bbox 389 4479 1971 4555">
    <p class='ocr_par' dir='ltr' id='par_1_62' title="bbox 389 4479 1971 4555">
     <span class='ocr_line' id='line_1_62' title="bbox 389 4479 1971 4555; baseline 0.005 -24"><span class='ocrx_word' id='word_1_449' title='bbox 389 4479 682 4544; x_wconf 85' lang='grc' dir='ltr'>πίπτοντες</span> <span class='ocrx_word' id='word_1_450' title='bbox 709 4482 766 4534; x_wconf 82' lang='grc' dir='ltr'><strong>ὲν</strong></span> <span class='ocrx_word' id='word_1_451' title='bbox 789 4485 853 4553; x_wconf 84' lang='grc' dir='ltr'>τῇ</span> <span class='ocrx_word' id='word_1_452' title='bbox 885 4483 1080 4553; x_wconf 68' lang='grc' dir='ltr'>καρδίᾳ</span> <span class='ocrx_word' id='word_1_453' title='bbox 1133 4482 1225 4535; x_wconf 79' lang='grc' dir='ltr'><strong>καὶ</strong></span> <span class='ocrx_word' id='word_1_454' title='bbox 1256 4485 1368 4546; x_wconf 89' lang='grc' dir='ltr'>τοῖς</span> <span class='ocrx_word' id='word_1_455' title='bbox 1415 4485 1678 4555; x_wconf 81' lang='grc' dir='ltr'>νοήμασίν</span> <span class='ocrx_word' id='word_1_456' title='bbox 1715 4488 1816 4538; x_wconf 89' lang='grc' dir='ltr'>είσι</span> <span class='ocrx_word' id='word_1_457' title='bbox 1864 4486 1971 4539; x_wconf 88' lang='grc' dir='ltr'><strong>τῶν</strong></span> 
     </span>
    </p>
   </div>
   <div class='ocr_carea' id='block_1_63' title="bbox 2079 1989 3661 2062">
    <p class='ocr_par' dir='ltr' id='par_1_63' title="bbox 2079 1989 3661 2062">
     <span class='ocr_line' id='line_1_63' title="bbox 2079 1989 3661 2062; baseline 0.004 -21"><span class='ocrx_word' id='word_1_458' title='bbox 2079 1989 2278 2044; x_wconf 81' lang='lat' dir='ltr'><strong>vitatis.</strong></span> <span class='ocrx_word' id='word_1_459' title='bbox 2299 1990 2448 2057; x_wconf 87' lang='lat' dir='ltr'><strong>Quod</strong></span> <span class='ocrx_word' id='word_1_460' title='bbox 2471 2008 2601 2058; x_wconf 65' lang='lat' dir='ltr'><strong>ergo</strong></span> <span class='ocrx_word' id='word_1_461' title='bbox 2631 1993 2781 2056; x_wconf 87' lang='lat' dir='ltr'><strong>dicit,</strong></span> <span class='ocrx_word' id='word_1_462' title='bbox 2809 1995 2960 2062; x_wconf 89' lang='lat' dir='ltr'><strong>quasi</strong></span> <span class='ocrx_word' id='word_1_463' title='bbox 2986 1993 3245 2061; x_wconf 86' lang='lat' dir='ltr'><strong>ejusmodi</strong></span> <span class='ocrx_word' id='word_1_464' title='bbox 3273 2007 3352 2049; x_wconf 87' lang='lat' dir='ltr'><strong>est</strong></span> <span class='ocrx_word' id='word_1_465' title='bbox 3385 2014 3399 2049; x_wconf 88' lang='lat'>:</span> <span class='ocrx_word' id='word_1_466' title='bbox 3424 1997 3661 2049; x_wconf 81' lang='lat' dir='ltr'><strong>Accam-</strong></span> 
     </span>
    </p>
   </div>
   <div class='ocr_carea' id='block_1_64' title="bbox 2080 2083 3659 2154">
    <p class='ocr_par' dir='ltr' id='par_1_64' title="bbox 2080 2083 3659 2154">
     <span class='ocr_line' id='line_1_64' title="bbox 2080 2083 3659 2154; baseline 0.005 -20"><span class='ocrx_word' id='word_1_467' title='bbox 2080 2083 2238 2135; x_wconf 81' lang='lat' dir='ltr'><strong>moda</strong></span> <span class='ocrx_word' id='word_1_468' title='bbox 2294 2084 2560 2137; x_wconf 80' lang='lat' dir='ltr'><strong>nativitati</strong></span> <span class='ocrx_word' id='word_1_469' title='bbox 2627 2095 2730 2137; x_wconf 76' lang='lat' dir='ltr'><strong>tua:</strong></span> <span class='ocrx_word' id='word_1_470' title='bbox 2775 2085 2880 2138; x_wconf 83' lang='lat' dir='ltr'><strong>vim</strong></span> <span class='ocrx_word' id='word_1_471' title='bbox 2929 2087 3217 2154; x_wconf 75' lang='lat' dir='ltr'><strong>quamdam</strong></span> <span class='ocrx_word' id='word_1_472' title='bbox 3273 2087 3496 2141; x_wconf 84' lang='lat' dir='ltr'><strong>tollendi</strong></span> <span class='ocrx_word' id='word_1_473' title='bbox 3555 2089 3659 2141; x_wconf 86' lang='lat' dir='ltr'><strong>ini-</strong></span> 
     </span>
    </p>
   </div>
   <div class='ocr_carea' id='block_1_65' title="bbox 2079 2171 3656 2244">
    <p class='ocr_par' dir='ltr' id='par_1_65' title="bbox 2079 2171 3656 2244">
     <span class='ocr_line' id='line_1_65' title="bbox 2079 2171 3656 2244; baseline 0.006 -23"><span class='ocrx_word' id='word_1_474' title='bbox 2079 2172 2266 2225; x_wconf 88' lang='lat' dir='ltr'><strong>micos.</strong></span> <span class='ocrx_word' id='word_1_475' title='bbox 2325 2171 2535 2226; x_wconf 79' lang='lat' dir='ltr'><strong>Etenim</strong></span> <span class='ocrx_word' id='word_1_476' title='bbox 2594 2175 2853 2230; x_wconf 84' lang='lat' dir='ltr'><strong>nativitas</strong></span> <span class='ocrx_word' id='word_1_477' title='bbox 2913 2173 3042 2228; x_wconf 81' lang='lat' dir='ltr'><strong>Jesu</strong></span> <span class='ocrx_word' id='word_1_478' title='bbox 3106 2177 3424 2230; x_wconf 85' lang='lat' dir='ltr'><strong>manifestus</strong></span> <span class='ocrx_word' id='word_1_479' title='bbox 3474 2178 3656 2244; x_wconf 83' lang='lat' dir='ltr'><strong>utique</strong></span> 
     </span>
    </p>
   </div>
   <div class='ocr_carea' id='block_1_66' title="bbox 2078 2262 3656 2336">
    <p class='ocr_par' dir='ltr' id='par_1_66' title="bbox 2078 2262 3656 2336">
     <span class='ocr_line' id='line_1_66' title="bbox 2078 2262 3656 2336; baseline 0.006 -24"><span class='ocrx_word' id='word_1_480' title='bbox 2078 2262 2288 2330; x_wconf 67' lang='lat' dir='ltr'><strong>gladius</strong></span> <span class='ocrx_word' id='word_1_481' title='bbox 2318 2265 2532 2318; x_wconf 68' lang='lat' dir='ltr'><strong>exstitit</strong></span> <span class='ocrx_word' id='word_1_482' title='bbox 2585 2267 2851 2319; x_wconf 81' lang='lat' dir='ltr'><strong>adversus</strong></span> <span class='ocrx_word' id='word_1_483' title='bbox 2897 2267 3146 2321; x_wconf 86' lang='lat' dir='ltr'><strong>inimicos</strong></span> <span class='ocrx_word' id='word_1_484' title='bbox 3189 2267 3327 2336; x_wconf 88' lang='lat' dir='ltr'><strong>ejus.</strong></span> <span class='ocrx_word' id='word_1_485' title='bbox 3360 2267 3456 2320; x_wconf 84' lang='lat' dir='ltr'><strong>Vel</strong></span> <span class='ocrx_word' id='word_1_486' title='bbox 3509 2279 3656 2322; x_wconf 85' lang='lat' dir='ltr'><strong>easta</strong></span> 
     </span>
    </p>
   </div>
   <div class='ocr_carea' id='block_1_67' title="bbox 2081 2355 3658 2425">
    <p class='ocr_par' dir='ltr' id='par_1_67' title="bbox 2081 2355 3658 2425">
     <span class='ocr_line' id='line_1_67' title="bbox 2081 2355 3658 2425; baseline 0.006 -20"><span class='ocrx_word' id='word_1_487' title='bbox 2081 2355 2291 2409; x_wconf 72' lang='lat' dir='ltr'><strong>vivendi</strong></span> <span class='ocrx_word' id='word_1_488' title='bbox 2337 2357 2494 2419; x_wconf 86' lang='lat' dir='ltr'><strong>ratio,</strong></span> <span class='ocrx_word' id='word_1_489' title='bbox 2541 2373 2660 2425; x_wconf 71' lang='lat' dir='ltr'><strong>quae</strong></span> <span class='ocrx_word' id='word_1_490' title='bbox 2705 2357 2879 2411; x_wconf 86' lang='lat' dir='ltr'><strong>malos</strong></span> <span class='ocrx_word' id='word_1_491' title='bbox 2925 2356 3164 2412; x_wconf 82' lang='lat' dir='ltr'><strong>affectus-</strong></span> <span class='ocrx_word' id='word_1_492' title='bbox 3191 2375 3221 2412; x_wconf 90' lang='lat' dir='ltr'><strong>e</strong></span> <span class='ocrx_word' id='word_1_493' title='bbox 3273 2360 3451 2414; x_wconf 86' lang='lat' dir='ltr'><strong>medio</strong></span> <span class='ocrx_word' id='word_1_494' title='bbox 3497 2361 3658 2415; x_wconf 84' lang='lat' dir='ltr'><strong>tollit.</strong></span> 
     </span>
    </p>
   </div>
   <div class='ocr_carea' id='block_1_68' title="bbox 2078 2443 3657 2516">
    <p class='ocr_par' dir='ltr' id='par_1_68' title="bbox 2078 2443 3657 2516">
     <span class='ocr_line' id='line_1_68' title="bbox 2078 2443 3657 2516; baseline 0.006 -22"><span class='ocrx_word' id='word_1_495' title='bbox 2078 2443 2314 2512; x_wconf 76' lang='lat' dir='ltr'><strong>gladium</strong></span> <span class='ocrx_word' id='word_1_496' title='bbox 2360 2446 2642 2516; x_wconf 80' lang='lat' dir='ltr'><strong>accingere</strong></span> <span class='ocrx_word' id='word_1_497' title='bbox 2676 2447 2876 2500; x_wconf 89' lang='lat' dir='ltr'><strong>dicitur</strong></span> <span class='ocrx_word' id='word_1_498' title='bbox 2913 2461 3078 2516; x_wconf 83' lang='lat' dir='ltr'><strong>Super</strong></span> <span class='ocrx_word' id='word_1_499' title='bbox 3124 2448 3300 2503; x_wconf 85' lang='lat' dir='ltr'><strong>femur</strong></span> <span class='ocrx_word' id='word_1_500' title='bbox 3331 2467 3506 2503; x_wconf 85' lang='lat' dir='ltr'><strong>suum.</strong></span> <span class='ocrx_word' id='word_1_501' title='bbox 3542 2450 3657 2504; x_wconf 78' lang='lat' dir='ltr'><strong>Pri—</strong></span> 
     </span>
    </p>
   </div>
   <div class='ocr_carea' id='block_1_69' title="bbox 2081 2538 3657 2606">
    <p class='ocr_par' dir='ltr' id='par_1_69' title="bbox 2081 2538 3657 2606">
     <span class='ocr_line' id='line_1_69' title="bbox 2081 2538 3657 2606; baseline 0.004 -18"><span class='ocrx_word' id='word_1_502' title='bbox 2081 2552 2200 2588; x_wconf 80' lang='lat' dir='ltr'><strong>mus</strong></span> <span class='ocrx_word' id='word_1_503' title='bbox 2227 2547 2404 2590; x_wconf 87' lang='lat' dir='ltr'><strong>autent</strong></span> <span class='ocrx_word' id='word_1_504' title='bbox 2443 2538 2544 2592; x_wconf 90' lang='lat' dir='ltr'><strong>hoc</strong></span> <span class='ocrx_word' id='word_1_505' title='bbox 2577 2539 2710 2593; x_wconf 84' lang='lat' dir='ltr'><strong>fecit</strong></span> <span class='ocrx_word' id='word_1_506' title='bbox 2739 2538 2917 2603; x_wconf 77' lang='lat' dir='ltr'><strong>Jesus,</strong></span> <span class='ocrx_word' id='word_1_507' title='bbox 2957 2541 3214 2606; x_wconf 87' lang='lat' dir='ltr'><strong>quoniam</strong></span> <span class='ocrx_word' id='word_1_508' title='bbox 3249 2542 3379 2594; x_wconf 86' lang='lat' dir='ltr'><strong>nihil</strong></span> <span class='ocrx_word' id='word_1_509' title='bbox 3410 2542 3463 2594; x_wconf 91' lang='lat' dir='ltr'><strong>in</strong></span> <span class='ocrx_word' id='word_1_510' title='bbox 3499 2543 3657 2594; x_wconf 81' lang='lat' dir='ltr'><strong>Chr.-</strong></span> 
     </span>
    </p>
   </div>
   <div class='ocr_carea' id='block_1_70' title="bbox 2078 2627 3659 2686">
    <p class='ocr_par' dir='ltr' id='par_1_70' title="bbox 2078 2627 3659 2686">
     <span class='ocr_line' id='line_1_70' title="bbox 2078 2627 3659 2686; baseline 0.003 -4"><span class='ocrx_word' id='word_1_511' title='bbox 2078 2640 2164 2682; x_wconf 90' lang='lat' dir='ltr'><strong>sto</strong></span> <span class='ocrx_word' id='word_1_512' title='bbox 2195 2627 2294 2681; x_wconf 89' lang='lat' dir='ltr'><strong>fuit</strong></span> <span class='ocrx_word' id='word_1_513' title='bbox 2343 2630 2627 2683; x_wconf 86' lang='lat' dir='ltr'><strong>remissum</strong></span> <span class='ocrx_word' id='word_1_514' title='bbox 2663 2640 2755 2683; x_wconf 89' lang='lat' dir='ltr'><strong>aut</strong></span> <span class='ocrx_word' id='word_1_515' title='bbox 2807 2631 3152 2685; x_wconf 85' lang='lat' dir='ltr'><strong>dissolutum.</strong></span> <span class='ocrx_word' id='word_1_516' title='bbox 3203 2633 3510 2685; x_wconf 88' lang='lat' dir='ltr'><strong>Secundum</strong></span> <span class='ocrx_word' id='word_1_517' title='bbox 3557 2634 3659 2686; x_wconf 82' lang='lat' dir='ltr'><strong>hoc</strong></span> 
     </span>
    </p>
   </div>
   <div class='ocr_carea' id='block_1_71' title="bbox 2079 2718 3656 2787">
    <p class='ocr_par' dir='ltr' id='par_1_71' title="bbox 2079 2718 3656 2787">
     <span class='ocr_line' id='line_1_71' title="bbox 2079 2718 3656 2787; baseline 0.001 -15"><span class='ocrx_word' id='word_1_518' title='bbox 2079 2718 2348 2787; x_wconf 81' lang='lat' dir='ltr'><strong>intelliges</strong></span> <span class='ocrx_word' id='word_1_519' title='bbox 2403 2719 2580 2772; x_wconf 61' lang='lat' dir='ltr'><strong>illudi</strong></span> <span class='ocrx_word' id='word_1_520' title='bbox 2631 2720 2950 2773; x_wconf 63' lang='lat' dir='ltr'><strong>intendes.»</strong></span> <span class='ocrx_word' id='word_1_521' title='bbox 3001 2722 3266 2774; x_wconf 67' lang='lat' dir='ltr'><strong>Caeterum</strong></span> <span class='ocrx_word' id='word_1_522' title='bbox 3318 2720 3656 2776; x_wconf 83' lang='lat' dir='ltr'><strong>Salvatorcm</strong></span> 
     </span>
    </p>
   </div>
   <div class='ocr_carea' id='block_1_72' title="bbox 2080 2812 3266 2881">
    <p class='ocr_par' dir='ltr' id='par_1_72' title="bbox 2080 2812 3266 2881">
     <span class='ocr_line' id='line_1_72' title="bbox 2080 2812 3266 2881; baseline 0 -17"><span class='ocrx_word' id='word_1_523' title='bbox 2080 2821 2141 2864; x_wconf 83' lang='lat' dir='ltr'><strong>ac</strong></span> <span class='ocrx_word' id='word_1_524' title='bbox 2173 2823 2394 2866; x_wconf 83' lang='lat' dir='ltr'><strong>sanctos</strong></span> <span class='ocrx_word' id='word_1_525' title='bbox 2421 2813 2539 2880; x_wconf 86' lang='lat' dir='ltr'><strong>ejus</strong></span> <span class='ocrx_word' id='word_1_526' title='bbox 2563 2812 2783 2866; x_wconf 73' lang='lat' dir='ltr'><strong>dextera</strong></span> <span class='ocrx_word' id='word_1_527' title='bbox 2822 2814 2990 2881; x_wconf 88' lang='lat' dir='ltr'><strong>ipsius</strong></span> <span class='ocrx_word' id='word_1_528' title='bbox 3027 2815 3266 2867; x_wconf 76' lang='lat' dir='ltr'><strong>deducit.</strong></span> 
     </span>
    </p>
   </div>
   <div class='ocr_carea' id='block_1_73' title="bbox 2154 2902 3744 2972">
    <p class='ocr_par' dir='ltr' id='par_1_73' title="bbox 2154 2902 3744 2972">
     <span class='ocr_line' id='line_1_73' title="bbox 2154 2902 3744 2972; baseline 0.004 -17"><span class='ocrx_word' id='word_1_529' title='bbox 2154 2903 2312 2957; x_wconf 70' lang='lat' dir='ltr'><strong>Vens.</strong></span> <span class='ocrx_word' id='word_1_530' title='bbox 2358 2903 2413 2956; x_wconf 85' lang='lat'><strong>5.</strong></span> <span class='ocrx_word' id='word_1_531' title='bbox 2456 2902 2688 2971; x_wconf 79' lang='lat' dir='ltr'><strong>Propter</strong></span> <span class='ocrx_word' id='word_1_532' title='bbox 2739 2908 3002 2957; x_wconf 71' lang='lat' dir='ltr'><strong>raritatem</strong></span> <span class='ocrx_word' id='word_1_533' title='bbox 3027 2947 3042 2971; x_wconf 93' lang='lat'><strong>,</strong></span> <span class='ocrx_word' id='word_1_534' title='bbox 3078 2919 3122 2959; x_wconf 86' lang='lat' dir='ltr'><strong>et</strong></span> <span class='ocrx_word' id='word_1_535' title='bbox 3157 2909 3614 2960; x_wconf 73' lang='lat' dir='ltr'><strong>mansuetudinem</strong></span> <span class='ocrx_word' id='word_1_536' title='bbox 3639 2950 3654 2972; x_wconf 93' lang='lat'><strong>,</strong></span> <span class='ocrx_word' id='word_1_537' title='bbox 3742 2921 3744 2923; x_wconf 73' lang='lat'><strong><em>&#39;</em></strong></span> 
     </span>
    </p>
   </div>
   <div class='ocr_carea' id='block_1_74' title="bbox 2075 2993 3656 3068">
    <p class='ocr_par' dir='ltr' id='par_1_74' title="bbox 2075 2993 3656 3068">
     <span class='ocr_line' id='line_1_74' title="bbox 2075 2993 3656 3068; baseline 0.004 -21"><span class='ocrx_word' id='word_1_538' title='bbox 2075 3005 2123 3048; x_wconf 77' lang='lat' dir='ltr'><strong>et</strong></span> <span class='ocrx_word' id='word_1_539' title='bbox 2146 2994 2434 3063; x_wconf 76' lang='lat' dir='ltr'><strong>justitiam,</strong></span> <span class='ocrx_word' id='word_1_540' title='bbox 2465 3005 2571 3048; x_wconf 88' lang='lat' dir='ltr'><strong>etc.</strong></span> <span class='ocrx_word' id='word_1_541' title='bbox 2625 2993 2852 3050; x_wconf 82' lang='lat' dir='ltr'><strong>Veraces</strong></span> <span class='ocrx_word' id='word_1_542' title='bbox 2874 3038 2888 3059; x_wconf 88' lang='lat'><strong>,</strong></span> <span class='ocrx_word' id='word_1_543' title='bbox 2922 2997 3082 3050; x_wconf 88' lang='lat' dir='ltr'><strong>mites</strong></span> <span class='ocrx_word' id='word_1_544' title='bbox 3124 3009 3180 3052; x_wconf 91' lang='lat' dir='ltr'><strong>et</strong></span> <span class='ocrx_word' id='word_1_545' title='bbox 3215 2999 3343 3066; x_wconf 82' lang='lat' dir='ltr'><strong>justi</strong></span> <span class='ocrx_word' id='word_1_546' title='bbox 3394 3011 3656 3068; x_wconf 80' lang='lat' dir='ltr'><strong>reguntur</strong></span> 
     </span>
    </p>
   </div>
   <div class='ocr_carea' id='block_1_75' title="bbox 2076 3083 3648 3145">
    <p class='ocr_par' dir='ltr' id='par_1_75' title="bbox 2076 3083 3648 3145">
     <span class='ocr_line' id='line_1_75' title="bbox 2076 3083 3648 3145; baseline 0.005 -10"><span class='ocrx_word' id='word_1_547' title='bbox 2076 3099 2104 3135; x_wconf 93' lang='lat' dir='ltr'><strong>a</strong></span> <span class='ocrx_word' id='word_1_548' title='bbox 2135 3084 2373 3138; x_wconf 84' lang='lat' dir='ltr'><strong>Christo.</strong></span> <span class='ocrx_word' id='word_1_549' title='bbox 2413 3101 2430 3133; x_wconf 82' lang='grc' dir='ltr'><strong>ι</strong></span> <span class='ocrx_word' id='word_1_550' title='bbox 2464 3083 2529 3136; x_wconf 86' lang='lat' dir='ltr'><strong>Et</strong></span> <span class='ocrx_word' id='word_1_551' title='bbox 2554 3085 2777 3136; x_wconf 88' lang='lat' dir='ltr'><strong>deducet</strong></span> <span class='ocrx_word' id='word_1_552' title='bbox 2806 3094 2858 3139; x_wconf 90' lang='lat' dir='ltr'><strong>te</strong></span> <span class='ocrx_word' id='word_1_553' title='bbox 2884 3086 3203 3141; x_wconf 76' lang='lat' dir='ltr'><strong>mirabiliter</strong></span> <span class='ocrx_word' id='word_1_554' title='bbox 3243 3091 3461 3143; x_wconf 79' lang='lat' dir='ltr'><strong>dextera</strong></span> <span class='ocrx_word' id='word_1_555' title='bbox 3504 3099 3648 3145; x_wconf 59' lang='lat' dir='ltr'><strong>tua.)</strong></span> 
     </span>
    </p>
   </div>
   <div class='ocr_carea' id='block_1_76' title="bbox 2001 3173 3543 3271">
    <p class='ocr_par' dir='ltr' id='par_1_76' title="bbox 2001 3173 3543 3271">
     <span class='ocr_line' id='line_1_76' title="bbox 2001 3173 3543 3271; baseline 0.004 -43"><span class='ocrx_word' id='word_1_556' title='bbox 2001 3211 2046 3271; x_wconf 61' lang='grc' dir='ltr'><em>ς</em></span> <span class='ocrx_word' id='word_1_557' title='bbox 2078 3174 2304 3230; x_wconf 80' lang='lat' dir='ltr'><strong>Dextera</strong></span> <span class='ocrx_word' id='word_1_558' title='bbox 2338 3175 2431 3230; x_wconf 89' lang='lat' dir='ltr'><strong>Dei</strong></span> <span class='ocrx_word' id='word_1_559' title='bbox 2460 3185 2544 3230; x_wconf 89' lang='lat' dir='ltr'><strong>est</strong></span> <span class='ocrx_word' id='word_1_560' title='bbox 2569 3173 2714 3230; x_wconf 86' lang='lat' dir='ltr'><strong>Deus</strong></span> <span class='ocrx_word' id='word_1_561' title='bbox 2745 3175 2973 3232; x_wconf 86' lang='lat' dir='ltr'><strong>Verbum</strong></span> <span class='ocrx_word' id='word_1_562' title='bbox 3011 3180 3152 3247; x_wconf 86' lang='lat' dir='ltr'><strong>quod</strong></span> <span class='ocrx_word' id='word_1_563' title='bbox 3190 3179 3244 3232; x_wconf 91' lang='lat' dir='ltr'><strong>in</strong></span> <span class='ocrx_word' id='word_1_564' title='bbox 3289 3183 3403 3248; x_wconf 88' lang='lat' dir='ltr'><strong>ipso</strong></span> <span class='ocrx_word' id='word_1_565' title='bbox 3438 3192 3543 3236; x_wconf 83' lang='lat' dir='ltr'><strong>est.</strong></span> 
     </span>
    </p>
   </div>
   <div class='ocr_carea' id='block_1_77' title="bbox 2149 3358 3651 3431">
    <p class='ocr_par' dir='ltr' id='par_1_77' title="bbox 2149 3358 3651 3431">
     <span class='ocr_line' id='line_1_77' title="bbox 2149 3358 3651 3431; baseline 0 -17"><span class='ocrx_word' id='word_1_566' title='bbox 2149 3360 2310 3415; x_wconf 69' lang='lat' dir='ltr'><strong>Vens.</strong></span> <span class='ocrx_word' id='word_1_567' title='bbox 2349 3358 2404 3416; x_wconf 75' lang='grc' dir='ltr'>Β.</span> <span class='ocrx_word' id='word_1_568' title='bbox 2446 3359 2674 3430; x_wconf 72' lang='lat' dir='ltr'><strong>Sagitta:</strong></span> <span class='ocrx_word' id='word_1_569' title='bbox 2707 3371 2812 3415; x_wconf 69' lang='lat' dir='ltr'><strong>tua:</strong></span> <span class='ocrx_word' id='word_1_570' title='bbox 2860 3370 3052 3425; x_wconf 72' lang='lat' dir='ltr'><strong>acuta&#39;,</strong></span> <span class='ocrx_word' id='word_1_571' title='bbox 3081 3372 3308 3428; x_wconf 79' lang='lat' dir='ltr'><strong>potens;</strong></span> <span class='ocrx_word' id='word_1_572' title='bbox 3351 3364 3529 3431; x_wconf 84' lang='lat' dir='ltr'><strong>populi</strong></span> <span class='ocrx_word' id='word_1_573' title='bbox 3556 3365 3651 3416; x_wconf 74' lang='lat' dir='ltr'><strong>sub</strong></span> 
     </span>
    </p>
   </div>
   <div class='ocr_carea' id='block_1_78' title="bbox 2075 3454 3652 3525">
    <p class='ocr_par' dir='ltr' id='par_1_78' title="bbox 2075 3454 3652 3525">
     <span class='ocr_line' id='line_1_78' title="bbox 2075 3454 3652 3525; baseline 0.002 -19"><span class='ocrx_word' id='word_1_574' title='bbox 2075 3462 2125 3506; x_wconf 85' lang='lat' dir='ltr'><strong>te</strong></span> <span class='ocrx_word' id='word_1_575' title='bbox 2154 3454 2375 3518; x_wconf 87' lang='lat' dir='ltr'><strong>cadent,</strong></span> <span class='ocrx_word' id='word_1_576' title='bbox 2409 3455 2461 3508; x_wconf 88' lang='lat' dir='ltr'><strong>in</strong></span> <span class='ocrx_word' id='word_1_577' title='bbox 2503 3456 2659 3507; x_wconf 80' lang='lat' dir='ltr'><strong>corde</strong></span> <span class='ocrx_word' id='word_1_578' title='bbox 2704 3454 3034 3507; x_wconf 81' lang='lat' dir='ltr'><strong>inimicorum</strong></span> <span class='ocrx_word' id='word_1_579' title='bbox 3089 3455 3256 3523; x_wconf 76' lang='lat' dir='ltr'><strong>regis,</strong></span> <span class='ocrx_word' id='word_1_580' title='bbox 3292 3465 3398 3510; x_wconf 89' lang='lat' dir='ltr'><strong>etc.</strong></span> <span class='ocrx_word' id='word_1_581' title='bbox 3432 3456 3652 3525; x_wconf 64' lang='lat' dir='ltr'><strong>Sagitta:</strong></span> 
     </span>
    </p>
   </div>
   <div class='ocr_carea' id='block_1_79' title="bbox 2074 3544 3652 3615">
    <p class='ocr_par' dir='ltr' id='par_1_79' title="bbox 2074 3544 3652 3615">
     <span class='ocr_line' id='line_1_79' title="bbox 2074 3544 3652 3615; baseline -0.001 -16"><span class='ocrx_word' id='word_1_582' title='bbox 2074 3544 2274 3599; x_wconf 88' lang='lat' dir='ltr'><strong>Christi</strong></span> <span class='ocrx_word' id='word_1_583' title='bbox 2300 3555 2422 3600; x_wconf 86' lang='lat' dir='ltr'><strong>sunt</strong></span> <span class='ocrx_word' id='word_1_584' title='bbox 2444 3547 2681 3599; x_wconf 85' lang='lat' dir='ltr'><strong>actrices</strong></span> <span class='ocrx_word' id='word_1_585' title='bbox 2711 3546 2961 3607; x_wconf 87' lang='lat' dir='ltr'><strong>virtutes,</strong></span> <span class='ocrx_word' id='word_1_586' title='bbox 2994 3558 3048 3599; x_wconf 91' lang='lat' dir='ltr'><strong>et</strong></span> <span class='ocrx_word' id='word_1_587' title='bbox 3083 3547 3290 3615; x_wconf 86' lang='lat' dir='ltr'><strong>justitia</strong></span> <span class='ocrx_word' id='word_1_588' title='bbox 3325 3547 3539 3614; x_wconf 82' lang='lat' dir='ltr'><strong>quidem</strong></span> <span class='ocrx_word' id='word_1_589' title='bbox 3576 3548 3652 3598; x_wconf 86' lang='lat' dir='ltr'><strong>fe-</strong></span> 
     </span>
    </p>
   </div>
   <div class='ocr_carea' id='block_1_80' title="bbox 2078 3635 3652 3706">
    <p class='ocr_par' dir='ltr' id='par_1_80' title="bbox 2078 3635 3652 3706">
     <span class='ocr_line' id='line_1_80' title="bbox 2078 3635 3652 3706; baseline 0.001 -18"><span class='ocrx_word' id='word_1_590' title='bbox 2078 3635 2148 3689; x_wconf 91' lang='lat' dir='ltr'><strong>rit</strong></span> <span class='ocrx_word' id='word_1_591' title='bbox 2175 3635 2453 3703; x_wconf 86' lang='lat' dir='ltr'><strong>injustutn,</strong></span> <span class='ocrx_word' id='word_1_592' title='bbox 2493 3638 2780 3703; x_wconf 86' lang='lat' dir='ltr'><strong>prudentia</strong></span> <span class='ocrx_word' id='word_1_593' title='bbox 2835 3636 3202 3706; x_wconf 85' lang='lat' dir='ltr'><strong>insipientem,</strong></span> <span class='ocrx_word' id='word_1_594' title='bbox 3241 3637 3559 3692; x_wconf 81' lang='lat' dir='ltr'><strong>fortitudine</strong></span> <span class='ocrx_word' id='word_1_595' title='bbox 3593 3640 3652 3690; x_wconf 84' lang='lat' dir='ltr'><strong>ti-</strong></span> 
     </span>
    </p>
   </div>
   <div class='ocr_carea' id='block_1_81' title="bbox 2077 3730 3655 3800">
    <p class='ocr_par' dir='ltr' id='par_1_81' title="bbox 2077 3730 3655 3800">
     <span class='ocr_line' id='line_1_81' title="bbox 2077 3730 3655 3800; baseline 0.001 -18"><span class='ocrx_word' id='word_1_596' title='bbox 2077 3731 2301 3794; x_wconf 90' lang='lat' dir='ltr'><strong>midum,</strong></span> <span class='ocrx_word' id='word_1_597' title='bbox 2332 3731 2688 3799; x_wconf 90' lang='lat' dir='ltr'><strong>temperantia</strong></span> <span class='ocrx_word' id='word_1_598' title='bbox 2742 3730 3216 3798; x_wconf 86' lang='lat' dir='ltr'><strong>intemperantem,</strong></span> <span class='ocrx_word' id='word_1_599' title='bbox 3250 3732 3509 3800; x_wconf 88' lang='lat' dir='ltr'><strong>patientia</strong></span> <span class='ocrx_word' id='word_1_600' title='bbox 3545 3735 3655 3786; x_wconf 84' lang='lat' dir='ltr'><strong>ira-</strong></span> 
     </span>
    </p>
   </div>
   <div class='ocr_carea' id='block_1_82' title="bbox 2076 3820 3654 3887">
    <p class='ocr_par' dir='ltr' id='par_1_82' title="bbox 2076 3820 3654 3887">
     <span class='ocr_line' id='line_1_82' title="bbox 2076 3820 3654 3887; baseline 0 -11"><span class='ocrx_word' id='word_1_601' title='bbox 2076 3825 2354 3887; x_wconf 85' lang='lat' dir='ltr'><strong>cundum,</strong></span> <span class='ocrx_word' id='word_1_602' title='bbox 2398 3823 2501 3876; x_wconf 87' lang='lat' dir='ltr'><strong>ftde</strong></span> <span class='ocrx_word' id='word_1_603' title='bbox 2553 3820 2914 3877; x_wconf 81' lang='lat' dir='ltr'><strong>iueredulum.</strong></span> <span class='ocrx_word' id='word_1_604' title='bbox 2967 3822 3245 3877; x_wconf 82' lang='lat' dir='ltr'><strong>Emittitur</strong></span> <span class='ocrx_word' id='word_1_605' title='bbox 3301 3835 3479 3878; x_wconf 88' lang='lat' dir='ltr'><strong>autem</strong></span> <span class='ocrx_word' id='word_1_606' title='bbox 3527 3835 3654 3876; x_wconf 86' lang='lat' dir='ltr'><strong>ante</strong></span> 
     </span>
    </p>
   </div>
   <div class='ocr_carea' id='block_1_83' title="bbox 2077 3914 3654 3984">
    <p class='ocr_par' dir='ltr' id='par_1_83' title="bbox 2077 3914 3654 3984">
     <span class='ocr_line' id='line_1_83' title="bbox 2077 3914 3654 3984; baseline 0.001 -16"><span class='ocrx_word' id='word_1_607' title='bbox 2077 3929 2265 3968; x_wconf 87' lang='lat' dir='ltr'><strong>omnes</strong></span> <span class='ocrx_word' id='word_1_608' title='bbox 2313 3915 2433 3967; x_wconf 83' lang='lat' dir='ltr'><strong>ﬁdei</strong></span> <span class='ocrx_word' id='word_1_609' title='bbox 2470 3915 2689 3984; x_wconf 79' lang='lat' dir='ltr'><strong>sagitta.</strong></span> <span class='ocrx_word' id='word_1_610' title='bbox 2723 3914 2946 3984; x_wconf 87' lang='lat' dir='ltr'><strong>Oportet</strong></span> <span class='ocrx_word' id='word_1_611' title='bbox 2980 3915 3124 3969; x_wconf 86' lang='lat' dir='ltr'><strong>enim</strong></span> <span class='ocrx_word' id='word_1_612' title='bbox 3163 3917 3400 3984; x_wconf 89' lang='lat' dir='ltr'><strong>primum</strong></span> <span class='ocrx_word' id='word_1_613' title='bbox 3421 3917 3654 3970; x_wconf 86' lang='lat' dir='ltr'><strong>.credere</strong></span> 
     </span>
    </p>
   </div>
   <div class='ocr_carea' id='block_1_84' title="bbox 2075 4006 2515 4076">
    <p class='ocr_par' dir='ltr' id='par_1_84' title="bbox 2075 4006 2515 4076">
     <span class='ocr_line' id='line_1_84' title="bbox 2075 4006 2515 4076; baseline 0.005 -18"><span class='ocrx_word' id='word_1_614' title='bbox 2075 4007 2216 4076; x_wconf 83' lang='lat' dir='ltr'><strong>quod</strong></span> <span class='ocrx_word' id='word_1_615' title='bbox 2245 4006 2386 4060; x_wconf 90' lang='lat' dir='ltr'><strong>Deus</strong></span> <span class='ocrx_word' id='word_1_616' title='bbox 2414 4016 2515 4060; x_wconf 87' lang='lat' dir='ltr'><strong>est.</strong></span> 
     </span>
    </p>
   </div>
   <div class='ocr_carea' id='block_1_85' title="bbox 2151 4208 3652 4280">
    <p class='ocr_par' dir='ltr' id='par_1_85' title="bbox 2151 4208 3652 4280">
     <span class='ocr_line' id='line_1_85' title="bbox 2151 4208 3652 4280; baseline 0.001 -19"><span class='ocrx_word' id='word_1_617' title='bbox 2151 4208 2422 4278; x_wconf 69' lang='lat' dir='ltr'><strong>Ejusdem.</strong></span> <span class='ocrx_word' id='word_1_618' title='bbox 2458 4208 2586 4276; x_wconf 87' lang='lat' dir='ltr'><strong>Ejus</strong></span> <span class='ocrx_word' id='word_1_619' title='bbox 2617 4209 2708 4278; x_wconf 88' lang='lat' dir='ltr'><strong>qui</strong></span> <span class='ocrx_word' id='word_1_620' title='bbox 2757 4209 3084 4264; x_wconf 77' lang='lat' dir='ltr'><strong>sullicienter</strong></span> <span class='ocrx_word' id='word_1_621' title='bbox 3134 4226 3229 4280; x_wconf 90' lang='lat' dir='ltr'><strong>pro</strong></span> <span class='ocrx_word' id='word_1_622' title='bbox 3261 4213 3484 4265; x_wconf 77' lang='lat' dir='ltr'><strong>veritate</strong></span> <span class='ocrx_word' id='word_1_623' title='bbox 3521 4228 3652 4265; x_wconf 83' lang='lat' dir='ltr'><strong>con-</strong></span> 
     </span>
    </p>
   </div>
   <div class='ocr_carea' id='block_1_86' title="bbox 2075 4299 3648 4372">
    <p class='ocr_par' dir='ltr' id='par_1_86' title="bbox 2075 4299 3648 4372">
     <span class='ocr_line' id='line_1_86' title="bbox 2075 4299 3648 4372; baseline 0 -17"><span class='ocrx_word' id='word_1_624' title='bbox 2075 4299 2342 4364; x_wconf 77' lang='lat' dir='ltr'><strong>cinnatur,</strong></span> <span class='ocrx_word' id='word_1_625' title='bbox 2366 4311 2419 4354; x_wconf 91' lang='lat' dir='ltr'><strong>et</strong></span> <span class='ocrx_word' id='word_1_626' title='bbox 2462 4310 2708 4369; x_wconf 84' lang='lat' dir='ltr'><strong>potenter</strong></span> <span class='ocrx_word' id='word_1_627' title='bbox 2741 4302 3016 4372; x_wconf 81' lang='lat' dir='ltr'><strong>redarguit</strong></span> <span class='ocrx_word' id='word_1_628' title='bbox 3049 4301 3371 4367; x_wconf 87' lang='lat' dir='ltr'><strong>falsitatem,</strong></span> <span class='ocrx_word' id='word_1_629' title='bbox 3412 4305 3648 4356; x_wconf 85' lang='lat' dir='ltr'><strong>rationa-</strong></span> 
     </span>
    </p>
   </div>
   <div class='ocr_carea' id='block_1_87' title="bbox 2075 4393 3651 4465">
    <p class='ocr_par' dir='ltr' id='par_1_87' title="bbox 2075 4393 3651 4465">
     <span class='ocr_line' id='line_1_87' title="bbox 2075 4393 3651 4465; baseline -0.002 -17"><span class='ocrx_word' id='word_1_630' title='bbox 2075 4393 2210 4448; x_wconf 82' lang='lat' dir='ltr'><strong>biles</strong></span> <span class='ocrx_word' id='word_1_631' title='bbox 2248 4403 2489 4448; x_wconf 68' lang='lat' dir='ltr'><strong>exaeutte</strong></span> <span class='ocrx_word' id='word_1_632' title='bbox 2513 4403 2640 4448; x_wconf 90' lang='lat' dir='ltr'><strong>sunt</strong></span> <span class='ocrx_word' id='word_1_633' title='bbox 2665 4395 2895 4465; x_wconf 71' lang='lat' dir='ltr'><strong>sagittte.</strong></span> <span class='ocrx_word' id='word_1_634' title='bbox 2925 4395 2991 4448; x_wconf 76' lang='lat' dir='ltr'><strong>Et</strong></span> <span class='ocrx_word' id='word_1_635' title='bbox 3028 4394 3117 4463; x_wconf 91' lang='lat' dir='ltr'><strong>qui</strong></span> <span class='ocrx_word' id='word_1_636' title='bbox 3167 4393 3267 4448; x_wconf 84' lang='lat' dir='ltr'><strong>sub</strong></span> <span class='ocrx_word' id='word_1_637' title='bbox 3291 4393 3506 4448; x_wconf 87' lang='lat' dir='ltr'><strong>Christo</strong></span> <span class='ocrx_word' id='word_1_638' title='bbox 3553 4410 3651 4447; x_wconf 87' lang='lat' dir='ltr'><strong>ca-</strong></span> 
     </span>
    </p>
   </div>
   <div class='ocr_carea' id='block_1_88' title="bbox 2078 4485 3648 4553">
    <p class='ocr_par' dir='ltr' id='par_1_88' title="bbox 2078 4485 3648 4553">
     <span class='ocr_line' id='line_1_88' title="bbox 2078 4485 3648 4553; baseline 0.001 -15"><span class='ocrx_word' id='word_1_639' title='bbox 2078 4485 2230 4548; x_wconf 86' lang='lat' dir='ltr'><strong>dunt,</strong></span> <span class='ocrx_word' id='word_1_640' title='bbox 2270 4486 2321 4539; x_wconf 91' lang='lat' dir='ltr'><strong>hi</strong></span> <span class='ocrx_word' id='word_1_641' title='bbox 2347 4486 2397 4537; x_wconf 92' lang='lat' dir='ltr'><strong>in</strong></span> <span class='ocrx_word' id='word_1_642' title='bbox 2425 4486 2587 4539; x_wconf 91' lang='lat' dir='ltr'><strong>corde</strong></span> <span class='ocrx_word' id='word_1_643' title='bbox 2619 4493 2676 4538; x_wconf 87' lang='lat' dir='ltr'><strong>et</strong></span> <span class='ocrx_word' id='word_1_644' title='bbox 2713 4485 3126 4553; x_wconf 84' lang='lat' dir='ltr'><strong>cogitationibus</strong></span> <span class='ocrx_word' id='word_1_645' title='bbox 3153 4496 3281 4538; x_wconf 92' lang='lat' dir='ltr'><strong>sunt</strong></span> <span class='ocrx_word' id='word_1_646' title='bbox 3303 4485 3648 4539; x_wconf 85' lang='lat' dir='ltr'><strong>inimicorum</strong></span> 
     </span>
    </p>
   </div>
   <div class='ocr_carea' id='block_1_89' title="bbox 387 4551 1975 4647">
    <p class='ocr_par' dir='ltr' id='par_1_89' title="bbox 387 4551 1971 4647">
     <span class='ocr_line' id='line_1_89' title="bbox 387 4551 1971 4647; baseline 0.006 -26"><span class='ocrx_word' id='word_1_647' title='bbox 387 4569 602 4644; x_wconf 77' lang='grc' dir='ltr'>ἐχθρῶν</span> <span class='ocrx_word' id='word_1_648' title='bbox 649 4573 742 4626; x_wconf 92' lang='grc' dir='ltr'><strong>τοῦ</strong></span> <span class='ocrx_word' id='word_1_649' title='bbox 786 4551 1131 4644; x_wconf 42' lang='lat' dir='ltr'><strong>xum-3,5;</strong></span> <span class='ocrx_word' id='word_1_650' title='bbox 1176 4577 1290 4628; x_wconf 79' lang='grc' dir='ltr'>ἐστι</span> <span class='ocrx_word' id='word_1_651' title='bbox 1345 4551 1616 4645; x_wconf 78' lang='grc' dir='ltr'>βασιλεύς.</span> <span class='ocrx_word' id='word_1_652' title='bbox 1669 4578 1863 4647; x_wconf 86' lang='grc' dir='ltr'>Σαφῶς</span> <span class='ocrx_word' id='word_1_653' title='bbox 1915 4578 1971 4630; x_wconf 87' lang='grc' dir='ltr'>δὲ</span> 
     </span>
    </p>
   </div>
   <div class='ocr_carea' id='block_1_90' title="bbox 2079 4551 3648 4647">
    <p class='ocr_par' dir='ltr' id='par_1_90' title="bbox 2079 4551 3648 4644">
     <span class='ocr_line' id='line_1_90' title="bbox 2079 4551 3648 4644; baseline 0.001 -16"><span class='ocrx_word' id='word_1_654' title='bbox 2079 4575 2299 4635; x_wconf 84' lang='lat' dir='ltr'><strong>Christi,</strong></span> <span class='ocrx_word' id='word_1_655' title='bbox 2337 4576 2426 4644; x_wconf 89' lang='lat' dir='ltr'><strong>qtti</strong></span> <span class='ocrx_word' id='word_1_656' title='bbox 2453 4585 2534 4630; x_wconf 87' lang='lat' dir='ltr'><strong>est</strong></span> <span class='ocrx_word' id='word_1_657' title='bbox 2559 4591 2669 4629; x_wconf 78' lang='lat' dir='ltr'><strong>rex.</strong></span> <span class='ocrx_word' id='word_1_658' title='bbox 2708 4551 2990 4630; x_wconf 76' lang='lat' dir='ltr'><strong>Maiiifeste</strong></span> <span class='ocrx_word' id='word_1_659' title='bbox 3021 4591 3200 4629; x_wconf 82' lang='lat' dir='ltr'><strong>autem</strong></span> <span class='ocrx_word' id='word_1_660' title='bbox 3226 4577 3473 4630; x_wconf 88' lang='lat' dir='ltr'><strong>Christus</strong></span> <span class='ocrx_word' id='word_1_661' title='bbox 3507 4577 3648 4630; x_wconf 88' lang='lat' dir='ltr'><strong>Deus</strong></span> 
     </span>
    </p>
   </div>
   <div class='ocr_carea' id='block_1_91' title="bbox 384 4665 1968 4738">
    <p class='ocr_par' dir='ltr' id='par_1_91' title="bbox 384 4665 1968 4738">
     <span class='ocr_line' id='line_1_91' title="bbox 384 4665 1968 4738; baseline 0.006 -22"><span class='ocrx_word' id='word_1_662' title='bbox 384 4665 517 4728; x_wconf 61' lang='grc' dir='ltr'>θεὸς</span> <span class='ocrx_word' id='word_1_663' title='bbox 556 4667 584 4718; x_wconf 88' lang='grc' dir='ltr'><strong>ό</strong></span> <span class='ocrx_word' id='word_1_664' title='bbox 618 4666 872 4736; x_wconf 85' lang='grc' dir='ltr'>Χριστός.</span> <span class='ocrx_word' id='word_1_665' title='bbox 927 4667 1034 4719; x_wconf 74' lang='grc' dir='ltr'>Καὶ</span> <span class='ocrx_word' id='word_1_666' title='bbox 1064 4667 1204 4738; x_wconf 83' lang='grc' dir='ltr'>τάχα</span> <span class='ocrx_word' id='word_1_667' title='bbox 1236 4673 1347 4726; x_wconf 81' lang='grc' dir='ltr'>ἐστι</span> <span class='ocrx_word' id='word_1_668' title='bbox 1400 4673 1571 4722; x_wconf 84' lang='grc' dir='ltr'>ποιεῖν</span> <span class='ocrx_word' id='word_1_669' title='bbox 1601 4671 1968 4736; x_wconf 82' lang='grc' dir='ltr'>δικαιοσύνην,</span> 
     </span>
    </p>
   </div>
   <div class='ocr_carea' id='block_1_92' title="bbox 385 4755 1971 4837">
    <p class='ocr_par' dir='ltr' id='par_1_92' title="bbox 385 4755 1971 4837">
     <span class='ocr_line' id='line_1_92' title="bbox 385 4755 1971 4837; baseline 0.007 -32"><span class='ocrx_word' id='word_1_670' title='bbox 385 4757 477 4806; x_wconf 70' lang='grc' dir='ltr'>καὶ</span> <span class='ocrx_word' id='word_1_671' title='bbox 514 4755 816 4826; x_wconf 82' lang='grc' dir='ltr'>ἀπέχεσθαι</span> <span class='ocrx_word' id='word_1_672' title='bbox 864 4759 1093 4828; x_wconf 80' lang='grc' dir='ltr'>ἀνομίας</span> <span class='ocrx_word' id='word_1_673' title='bbox 1131 4759 1280 4837; x_wconf 61' lang='grc' dir='ltr'>φόβῳ</span> <span class='ocrx_word' id='word_1_674' title='bbox 1311 4761 1468 4823; x_wconf 85' lang='grc' dir='ltr'>Θεοῦ,</span> <span class='ocrx_word' id='word_1_675' title='bbox 1507 4762 1600 4814; x_wconf 77' lang='grc' dir='ltr'><strong>καὶ</strong></span> <span class='ocrx_word' id='word_1_676' title='bbox 1627 4762 1690 4814; x_wconf 85' lang='grc' dir='ltr'><strong>οὐ</strong></span> <span class='ocrx_word' id='word_1_677' title='bbox 1742 4766 1806 4834; x_wconf 81' lang='grc' dir='ltr'>τῇ</span> <span class='ocrx_word' id='word_1_678' title='bbox 1837 4764 1971 4834; x_wconf 76' lang='grc' dir='ltr'>πρὸς</span> 
     </span>
    </p>
   </div>
   <div class='ocr_carea' id='block_1_93' title="bbox 385 4848 1970 4926">
    <p class='ocr_par' dir='ltr' id='par_1_93' title="bbox 385 4848 1970 4926">
     <span class='ocr_line' id='line_1_93' title="bbox 385 4848 1970 4926; baseline 0.006 -29"><span class='ocrx_word' id='word_1_679' title='bbox 385 4850 516 4902; x_wconf 67' lang='grc' dir='ltr'>Θεὸν</span> <span class='ocrx_word' id='word_1_680' title='bbox 561 4848 705 4920; x_wconf 77' lang='grc' dir='ltr'>παρὰ</span> <span class='ocrx_word' id='word_1_681' title='bbox 739 4851 799 4902; x_wconf 88' lang='grc' dir='ltr'><strong>τὸ</strong></span> <span class='ocrx_word' id='word_1_682' title='bbox 827 4851 1032 4904; x_wconf 87' lang='grc' dir='ltr'>δίκαιον</span> <span class='ocrx_word' id='word_1_683' title='bbox 1083 4853 1293 4924; x_wconf 83' lang='grc' dir='ltr'>ἀγάπῃ,</span> <span class='ocrx_word' id='word_1_684' title='bbox 1339 4853 1462 4906; x_wconf 82' lang='grc' dir='ltr'>οὐδὲ</span> <span class='ocrx_word' id='word_1_685' title='bbox 1517 4853 1594 4924; x_wconf 81' lang='grc' dir='ltr'>τῷ</span> <span class='ocrx_word' id='word_1_686' title='bbox 1645 4857 1822 4924; x_wconf 84' lang='grc' dir='ltr'>μισεῖν</span> <span class='ocrx_word' id='word_1_687' title='bbox 1871 4855 1970 4926; x_wconf 78' lang='grc' dir='ltr'>τὴν</span> 
     </span>
    </p>
   </div>
   <div class='ocr_carea' id='block_1_94' title="bbox 382 4939 1512 5014">
    <p class='ocr_par' dir='ltr' id='par_1_94' title="bbox 382 4939 1512 5014">
     <span class='ocr_line' id='line_1_94' title="bbox 382 4939 1512 5014; baseline 0.009 -24"><span class='ocrx_word' id='word_1_688' title='bbox 382 4939 641 5008; x_wconf 83' lang='grc' dir='ltr'>ἀνομίαν.</span> <span class='ocrx_word' id='word_1_689' title='bbox 680 4940 819 4991; x_wconf 85' lang='grc' dir='ltr'>Ἀλλ’</span> <span class='ocrx_word' id='word_1_690' title='bbox 850 4943 908 4993; x_wconf 83' lang='grc' dir='ltr'><strong>οὐ</strong></span> <span class='ocrx_word' id='word_1_691' title='bbox 935 4942 1175 5007; x_wconf 85' lang='grc' dir='ltr'>τοιοῦτος</span> <span class='ocrx_word' id='word_1_692' title='bbox 1205 4947 1231 4998; x_wconf 83' lang='grc' dir='ltr'>ὁ</span> <span class='ocrx_word' id='word_1_693' title='bbox 1259 4945 1512 5014; x_wconf 86' lang='grc' dir='ltr'>Χριστός.</span> 
     </span>
    </p>
   </div>
   <div class='ocr_carea' id='block_1_95' title="bbox 473 5053 1966 5127">
    <p class='ocr_par' dir='ltr' id='par_1_95' title="bbox 473 5053 1966 5127">
     <span class='ocr_line' id='line_1_95' title="bbox 473 5053 1966 5127; baseline 0.008 -22"><span class='ocrx_word' id='word_1_694' title='bbox 473 5053 708 5119; x_wconf 76' lang='grc' dir='ltr'>Ῥάϐδος</span> <span class='ocrx_word' id='word_1_695' title='bbox 723 5057 1047 5122; x_wconf 78' lang='grc' dir='ltr'>εὐθύτητος</span> <span class='ocrx_word' id='word_1_696' title='bbox 1073 5057 1110 5124; x_wconf 80' lang='grc' dir='ltr'><strong><em>ἠ</em></strong></span> <span class='ocrx_word' id='word_1_697' title='bbox 1132 5058 1349 5124; x_wconf 81' lang='grc' dir='ltr'>ῥάϐδος</span> <span class='ocrx_word' id='word_1_698' title='bbox 1375 5059 1486 5127; x_wconf 82' lang='grc' dir='ltr'>τῆς</span> <span class='ocrx_word' id='word_1_699' title='bbox 1501 5061 1821 5127; x_wconf 72' lang='grc' dir='ltr'>βασιλείας</span> <span class='ocrx_word' id='word_1_700' title='bbox 1832 5080 1966 5127; x_wconf 84' lang='grc' dir='ltr'>σου,</span> 
     </span>
    </p>
   </div>
   <div class='ocr_carea' id='block_1_96' title="bbox 391 5145 1967 5223">
    <p class='ocr_par' dir='ltr' id='par_1_96' title="bbox 391 5145 1967 5223">
     <span class='ocr_line' id='line_1_96' title="bbox 391 5145 1967 5223; baseline 0.007 -27"><span class='ocrx_word' id='word_1_701' title='bbox 391 5161 443 5196; x_wconf 87' lang='grc' dir='ltr'><strong>κ.</strong></span> <span class='ocrx_word' id='word_1_702' title='bbox 475 5163 521 5196; x_wconf 88' lang='grc' dir='ltr'><strong>τ.</strong></span> <span class='ocrx_word' id='word_1_703' title='bbox 563 5147 608 5198; x_wconf 80' lang='grc' dir='ltr'>ὲ.</span> <span class='ocrx_word' id='word_1_704' title='bbox 657 5146 720 5199; x_wconf 86' lang='grc' dir='ltr'><strong>Ἦ</strong></span> <span class='ocrx_word' id='word_1_705' title='bbox 753 5148 947 5218; x_wconf 78' lang='grc' dir='ltr'>ῥάϐδος</span> <span class='ocrx_word' id='word_1_706' title='bbox 987 5147 1222 5218; x_wconf 85' lang='grc' dir='ltr'>Χριστοῦ</span> <span class='ocrx_word' id='word_1_707' title='bbox 1247 5150 1354 5220; x_wconf 84' lang='grc'>(59)</span> <span class='ocrx_word' id='word_1_708' title='bbox 1477 5153 1676 5222; x_wconf 78' lang='grc' dir='ltr'>χρῆται</span> <span class='ocrx_word' id='word_1_709' title='bbox 1726 5153 1967 5218; x_wconf 79' lang='grc' dir='ltr'>κολάζων</span> 
     </span>
    </p>
   </div>
   <div class='ocr_carea' id='block_1_97' title="bbox 391 5236 1966 5316">
    <p class='ocr_par' dir='ltr' id='par_1_97' title="bbox 391 5236 1966 5316">
     <span class='ocr_line' id='line_1_97' title="bbox 391 5236 1966 5316; baseline 0.007 -28"><span class='ocrx_word' id='word_1_710' title='bbox 391 5236 514 5300; x_wconf 65' lang='grc' dir='ltr'>τοὺς</span> <span class='ocrx_word' id='word_1_711' title='bbox 549 5238 957 5308; x_wconf 80' lang='grc' dir='ltr'>ἁμαρτάνοντας</span> <span class='ocrx_word' id='word_1_712' title='bbox 984 5279 996 5302; x_wconf 88' lang='grc'><strong>,</strong></span> <span class='ocrx_word' id='word_1_713' title='bbox 1031 5240 1223 5310; x_wconf 73' lang='grc' dir='ltr'>ῥάϐδος</span> <span class='ocrx_word' id='word_1_714' title='bbox 1253 5241 1544 5312; x_wconf 82' lang='grc' dir='ltr'>εὐθύτητος</span> <span class='ocrx_word' id='word_1_715' title='bbox 1589 5245 1842 5316; x_wconf 80' lang='grc' dir='ltr'>εἴρηται,</span> <span class='ocrx_word' id='word_1_716' title='bbox 1880 5248 1966 5298; x_wconf 80' lang='grc' dir='ltr'>εὐ-</span> 
     </span>
    </p>
   </div>
   <div class='ocr_carea' id='block_1_98' title="bbox 460 5398 906 5468">
    <p class='ocr_par' dir='ltr' id='par_1_98' title="bbox 460 5398 906 5468">
     <span class='ocr_line' id='line_1_98' title="bbox 460 5398 906 5468; baseline 0.004 -16"><span class='ocrx_word' id='word_1_717' title='bbox 460 5398 504 5432; x_wconf 81' lang='lat'><strong>”</strong></span> <span class='ocrx_word' id='word_1_718' title='bbox 531 5400 718 5455; x_wconf 84' lang='lat' dir='ltr'><strong>Matth.</strong></span> <span class='ocrx_word' id='word_1_719' title='bbox 748 5417 825 5468; x_wconf 86' lang='lat' dir='ltr'><strong>tx,</strong></span> <span class='ocrx_word' id='word_1_720' title='bbox 854 5401 906 5456; x_wconf 82' lang='grc'>5.</span> 
     </span>
    </p>
   </div>
   <div class='ocr_carea' id='block_1_99' title="bbox 391 5541 1968 5664">
    <p class='ocr_par' dir='ltr' id='par_1_99' title="bbox 391 5541 1968 5664">
     <span class='ocr_line' id='line_1_99' title="bbox 391 5541 1968 5664; baseline 0.006 -71"><span class='ocrx_word' id='word_1_721' title='bbox 391 5619 410 5664; x_wconf 56' lang='grc' dir='ltr'>ι</span> <span class='ocrx_word' id='word_1_722' title='bbox 461 5541 726 5664; x_wconf 46' lang='grc' dir='ltr'><strong>(ὗόἒῖΤῖτν</strong></span> <span class='ocrx_word' id='word_1_723' title='bbox 750 5543 997 5622; x_wconf 70' lang='grc' dir='ltr'>σοφίαν,</span> <span class='ocrx_word' id='word_1_724' title='bbox 1031 5554 1137 5598; x_wconf 87' lang='lat' dir='ltr'><strong>etc.</strong></span> <span class='ocrx_word' id='word_1_725' title='bbox 1168 5543 1346 5598; x_wconf 79' lang='lat' dir='ltr'><strong>Codex</strong></span> <span class='ocrx_word' id='word_1_726' title='bbox 1386 5544 1756 5600; x_wconf 86' lang='lat' dir='ltr'><strong>Coislinianus</strong></span> <span class='ocrx_word' id='word_1_727' title='bbox 1781 5556 1833 5601; x_wconf 91' lang='lat' dir='ltr'><strong>ct</strong></span> <span class='ocrx_word' id='word_1_728' title='bbox 1878 5563 1968 5601; x_wconf 85' lang='lat' dir='ltr'><strong>ca-</strong></span> 
     </span>
     <span class='ocr_line' id='line_1_100' title="bbox 414 5627 799 5664; baseline 0.003 -1"><span class='ocrx_word' id='word_1_729' title='bbox 414 5627 513 5663; x_wconf 82' lang='lat' dir='ltr'><strong>ena</strong></span> <span class='ocrx_word' id='word_1_730' title='bbox 598 5629 654 5662; x_wconf 75' lang='lat' dir='ltr'><strong>.n-</strong></span> <span class='ocrx_word' id='word_1_731' title='bbox 680 5629 799 5664; x_wconf 72' lang='lat' dir='ltr'><strong>tari.</strong></span> 
     </span>
    </p>
   </div>
   <div class='ocr_carea' id='block_1_100' title="bbox 414 5627 799 5664">
    <p class='ocr_par' dir='ltr' id='par_1_100' title="bbox 414 5627 799 5664">
     <span class='ocr_line' id='line_1_101' title="bbox 414 5627 799 5664; baseline 0.003 -1"><span class='ocrx_word' id='word_1_732' title='bbox 414 5627 513 5663; x_wconf 72' lang='grc' dir='ltr'>ρητι</span> <span class='ocrx_word' id='word_1_733' title='bbox 556 5627 799 5664; x_wconf 69' lang='lat' dir='ltr'><strong>ISJI&#39;INII&#39;I.</strong></span> 
     </span>
    </p>
   </div>
   <div class='ocr_carea' id='block_1_101' title="bbox 463 5679 1788 5751">
    <p class='ocr_par' dir='ltr' id='par_1_101' title="bbox 463 5679 1788 5751">
     <span class='ocr_line' id='line_1_102' title="bbox 463 5679 1788 5751; baseline 0.005 -19"><span class='ocrx_word' id='word_1_734' title='bbox 463 5679 577 5748; x_wconf 63' lang='lat' dir='ltr'><strong>(3i)</strong></span> <span class='ocrx_word' id='word_1_735' title='bbox 606 5681 766 5748; x_wconf 74' lang='grc' dir='ltr'>Αὕτη</span> <span class='ocrx_word' id='word_1_736' title='bbox 798 5683 1145 5751; x_wconf 68' lang='grc' dir='ltr'>ἡρομφαία,</span> <span class='ocrx_word' id='word_1_737' title='bbox 1178 5694 1286 5737; x_wconf 90' lang='lat' dir='ltr'><strong>etc.</strong></span> <span class='ocrx_word' id='word_1_738' title='bbox 1324 5683 1550 5737; x_wconf 74' lang='lat' dir='ltr'><strong>Scltetlte</strong></span> <span class='ocrx_word' id='word_1_739' title='bbox 1581 5683 1788 5739; x_wconf 75' lang='lat' dir='ltr'><strong>Graliii.</strong></span> 
     </span>
    </p>
   </div>
   <div class='ocr_carea' id='block_1_102' title="bbox 461 5752 1798 5822">
    <p class='ocr_par' dir='ltr' id='par_1_102' title="bbox 461 5752 1798 5822">
     <span class='ocr_line' id='line_1_103' title="bbox 461 5752 1798 5822; baseline 0.007 -21"><span class='ocrx_word' id='word_1_740' title='bbox 461 5752 572 5822; x_wconf 68' lang='lat'><strong>(&#39;55)</strong></span> <span class='ocrx_word' id='word_1_741' title='bbox 600 5752 844 5818; x_wconf 73' lang='grc' dir='ltr'>Μήποτε</span> <span class='ocrx_word' id='word_1_742' title='bbox 877 5754 1138 5822; x_wconf 74' lang='grc' dir='ltr'>ὅμηρός,</span> <span class='ocrx_word' id='word_1_743' title='bbox 1171 5767 1274 5807; x_wconf 84' lang='lat' dir='ltr'><strong>etc.</strong></span> <span class='ocrx_word' id='word_1_744' title='bbox 1305 5754 1505 5808; x_wconf 86' lang='lat' dir='ltr'><strong>Catena</strong></span> <span class='ocrx_word' id='word_1_745' title='bbox 1534 5757 1798 5811; x_wconf 86' lang='lat' dir='ltr'><strong>Cordet&#39;ii.</strong></span> 
     </span>
    </p>
   </div>
   <div class='ocr_carea' id='block_1_103' title="bbox 461 5821 1573 5892">
    <p class='ocr_par' dir='ltr' id='par_1_103' title="bbox 461 5821 1573 5892">
     <span class='ocr_line' id='line_1_104' title="bbox 461 5821 1573 5892; baseline 0.004 -18"><span class='ocrx_word' id='word_1_746' title='bbox 461 5821 571 5890; x_wconf 79' lang='grc'>(56)</span> <span class='ocrx_word' id='word_1_747' title='bbox 604 5826 665 5877; x_wconf 76' lang='grc' dir='ltr'><em>Οἱ</em></span> <span class='ocrx_word' id='word_1_748' title='bbox 691 5822 956 5892; x_wconf 71' lang='grc' dir='ltr'>ἀληθεῖς,</span> <span class='ocrx_word' id='word_1_749' title='bbox 988 5839 1093 5880; x_wconf 87' lang='lat' dir='ltr'><strong>etc.</strong></span> <span class='ocrx_word' id='word_1_750' title='bbox 1120 5823 1343 5880; x_wconf 71' lang='lat' dir='ltr'><strong>Schcda:</strong></span> <span class='ocrx_word' id='word_1_751' title='bbox 1364 5823 1573 5880; x_wconf 84' lang='lat' dir='ltr'><strong>Gt&#39;abii.</strong></span> 
     </span>
    </p>
   </div>
   <div class='ocr_carea' id='block_1_104' title="bbox 2078 4667 3654 4737">
    <p class='ocr_par' dir='ltr' id='par_1_104' title="bbox 2078 4667 3654 4737">
     <span class='ocr_line' id='line_1_105' title="bbox 2078 4667 3654 4737; baseline 0.001 -16"><span class='ocrx_word' id='word_1_752' title='bbox 2078 4680 2180 4721; x_wconf 90' lang='lat' dir='ltr'><strong>est.</strong></span> <span class='ocrx_word' id='word_1_753' title='bbox 2211 4669 2274 4722; x_wconf 79' lang='lat' dir='ltr'><strong>Et</strong></span> <span class='ocrx_word' id='word_1_754' title='bbox 2301 4668 2529 4722; x_wconf 80' lang='lat' dir='ltr'><strong>fortasse</strong></span> <span class='ocrx_word' id='word_1_755' title='bbox 2553 4670 2721 4736; x_wconf 87' lang='lat' dir='ltr'><strong>possit</strong></span> <span class='ocrx_word' id='word_1_756' title='bbox 2755 4669 2878 4737; x_wconf 89' lang='lat' dir='ltr'><strong>quis</strong></span> <span class='ocrx_word' id='word_1_757' title='bbox 2909 4668 3087 4722; x_wconf 81' lang='lat' dir='ltr'><strong>facere</strong></span> <span class='ocrx_word' id='word_1_758' title='bbox 3119 4667 3379 4737; x_wconf 88' lang='lat' dir='ltr'><strong>justitiam</strong></span> <span class='ocrx_word' id='word_1_759' title='bbox 3405 4677 3461 4722; x_wconf 91' lang='lat' dir='ltr'><strong>et</strong></span> <span class='ocrx_word' id='word_1_760' title='bbox 3483 4667 3654 4722; x_wconf 88' lang='lat' dir='ltr'><strong>absti-</strong></span> 
     </span>
    </p>
   </div>
   <div class='ocr_carea' id='block_1_105' title="bbox 2080 4761 3651 4830">
    <p class='ocr_par' dir='ltr' id='par_1_105' title="bbox 2080 4761 3651 4830">
     <span class='ocr_line' id='line_1_106' title="bbox 2080 4761 3651 4830; baseline 0 -17"><span class='ocrx_word' id='word_1_761' title='bbox 2080 4777 2208 4816; x_wconf 83' lang='lat' dir='ltr'><strong>nere</strong></span> <span class='ocrx_word' id='word_1_762' title='bbox 2233 4763 2301 4816; x_wconf 86' lang='lat' dir='ltr'><strong>ab</strong></span> <span class='ocrx_word' id='word_1_763' title='bbox 2347 4761 2632 4830; x_wconf 85' lang='lat' dir='ltr'><strong>iniquitate</strong></span> <span class='ocrx_word' id='word_1_764' title='bbox 2685 4762 2878 4815; x_wconf 88' lang='lat' dir='ltr'><strong>timore</strong></span> <span class='ocrx_word' id='word_1_765' title='bbox 2921 4761 3040 4827; x_wconf 90' lang='lat' dir='ltr'><strong>Dei,</strong></span> <span class='ocrx_word' id='word_1_766' title='bbox 3073 4771 3126 4816; x_wconf 85' lang='lat' dir='ltr'><strong>et</strong></span> <span class='ocrx_word' id='word_1_767' title='bbox 3169 4775 3276 4813; x_wconf 93' lang='lat' dir='ltr'><strong>non</strong></span> <span class='ocrx_word' id='word_1_768' title='bbox 3321 4775 3506 4814; x_wconf 86' lang='lat' dir='ltr'><strong>amore</strong></span> <span class='ocrx_word' id='word_1_769' title='bbox 3561 4762 3651 4815; x_wconf 66' lang='lat' dir='ltr'><strong>Dri</strong></span> 
     </span>
    </p>
   </div>
   <div class='ocr_carea' id='block_1_106' title="bbox 2079 4855 3653 4929">
    <p class='ocr_par' dir='ltr' id='par_1_106' title="bbox 2079 4855 3653 4929">
     <span class='ocr_line' id='line_1_107' title="bbox 2079 4855 3653 4929; baseline 0.001 -19"><span class='ocrx_word' id='word_1_770' title='bbox 2079 4868 2299 4927; x_wconf 83' lang='lat' dir='ltr'><strong>propter</strong></span> <span class='ocrx_word' id='word_1_771' title='bbox 2327 4859 2618 4928; x_wconf 80' lang='lat' dir='ltr'><strong>justitiam,</strong></span> <span class='ocrx_word' id='word_1_772' title='bbox 2647 4874 2821 4929; x_wconf 88' lang='lat' dir='ltr'><strong>neque</strong></span> <span class='ocrx_word' id='word_1_773' title='bbox 2850 4859 2974 4912; x_wconf 92' lang='lat' dir='ltr'><strong>odio</strong></span> <span class='ocrx_word' id='word_1_774' title='bbox 3018 4859 3347 4926; x_wconf 82' lang='lat' dir='ltr'><strong>iniquitatis.</strong></span> <span class='ocrx_word' id='word_1_775' title='bbox 3380 4855 3488 4911; x_wconf 86' lang='lat' dir='ltr'><strong>Sed</strong></span> <span class='ocrx_word' id='word_1_776' title='bbox 3547 4875 3653 4912; x_wconf 82' lang='lat' dir='ltr'><strong>non</strong></span> 
     </span>
    </p>
   </div>
   <div class='ocr_carea' id='block_1_107' title="bbox 2078 4950 2682 5005">
    <p class='ocr_par' dir='ltr' id='par_1_107' title="bbox 2078 4950 2682 5005">
     <span class='ocr_line' id='line_1_108' title="bbox 2078 4950 2682 5005; baseline 0.002 -1"><span class='ocrx_word' id='word_1_777' title='bbox 2078 4951 2378 5005; x_wconf 81' lang='lat' dir='ltr'><strong>istiusmodi</strong></span> <span class='ocrx_word' id='word_1_778' title='bbox 2410 4950 2682 5005; x_wconf 82' lang='lat' dir='ltr'><strong>Christus.</strong></span> 
     </span>
    </p>
   </div>
   <div class='ocr_carea' id='block_1_108' title="bbox 2153 5061 3652 5132">
    <p class='ocr_par' dir='ltr' id='par_1_108' title="bbox 2153 5061 3652 5132">
     <span class='ocr_line' id='line_1_109' title="bbox 2153 5061 3652 5132; baseline -0.003 -14"><span class='ocrx_word' id='word_1_779' title='bbox 2153 5066 2313 5118; x_wconf 63' lang='lat' dir='ltr'><strong>Vens.</strong></span> <span class='ocrx_word' id='word_1_780' title='bbox 2357 5064 2410 5116; x_wconf 87' lang='lat'><strong>7.</strong></span> <span class='ocrx_word' id='word_1_781' title='bbox 2468 5061 2629 5132; x_wconf 81' lang='lat' dir='ltr'><strong>Virga</strong></span> <span class='ocrx_word' id='word_1_782' title='bbox 2676 5062 2979 5116; x_wconf 79' lang='lat' dir='ltr'><strong>directionis</strong></span> <span class='ocrx_word' id='word_1_783' title='bbox 3025 5063 3168 5130; x_wconf 76' lang='lat' dir='ltr'><strong>virga</strong></span> <span class='ocrx_word' id='word_1_784' title='bbox 3221 5061 3363 5128; x_wconf 80' lang='lat' dir='ltr'><strong>regni</strong></span> <span class='ocrx_word' id='word_1_785' title='bbox 3400 5061 3513 5122; x_wconf 79' lang='lat' dir='ltr'><strong>tui,</strong></span> <span class='ocrx_word' id='word_1_786' title='bbox 3547 5069 3652 5113; x_wconf 70' lang='lat' dir='ltr'><strong>etc.</strong></span> 
     </span>
    </p>
   </div>
   <div class='ocr_carea' id='block_1_109' title="bbox 2081 5154 3648 5224">
    <p class='ocr_par' dir='ltr' id='par_1_109' title="bbox 2081 5154 3648 5224">
     <span class='ocr_line' id='line_1_110' title="bbox 2081 5154 3648 5224; baseline -0.006 -14"><span class='ocrx_word' id='word_1_787' title='bbox 2081 5158 2238 5224; x_wconf 79' lang='lat' dir='ltr'><strong>Virga</strong></span> <span class='ocrx_word' id='word_1_788' title='bbox 2261 5173 2362 5224; x_wconf 87' lang='lat' dir='ltr'><strong>qna</strong></span> <span class='ocrx_word' id='word_1_789' title='bbox 2389 5157 2638 5210; x_wconf 83' lang='lat' dir='ltr'><strong>Christus</strong></span> <span class='ocrx_word' id='word_1_790' title='bbox 2672 5156 2842 5206; x_wconf 87' lang='lat' dir='ltr'><strong>utitur</strong></span> <span class='ocrx_word' id='word_1_791' title='bbox 2875 5164 2931 5206; x_wconf 90' lang='lat' dir='ltr'><strong>ut</strong></span> <span class='ocrx_word' id='word_1_792' title='bbox 2959 5156 3142 5223; x_wconf 87' lang='lat' dir='ltr'><strong>puniat</strong></span> <span class='ocrx_word' id='word_1_793' title='bbox 3165 5164 3476 5224; x_wconf 88' lang='lat' dir='ltr'><strong>peccatores</strong></span> <span class='ocrx_word' id='word_1_794' title='bbox 3507 5154 3648 5215; x_wconf 62' lang='lat' dir='ltr'><strong>virga</strong></span> 
     </span>
    </p>
   </div>
   <div class='ocr_carea' id='block_1_110' title="bbox 2079 5243 3652 5314">
    <p class='ocr_par' dir='ltr' id='par_1_110' title="bbox 2079 5243 3652 5314">
     <span class='ocr_line' id='line_1_111' title="bbox 2079 5243 3652 5314; baseline -0.007 -13"><span class='ocrx_word' id='word_1_795' title='bbox 2079 5247 2394 5301; x_wconf 85' lang='lat' dir='ltr'><strong>tlirectitmis</strong></span> <span class='ocrx_word' id='word_1_796' title='bbox 2435 5246 2760 5314; x_wconf 88' lang='lat' dir='ltr'><strong>appellatur,</strong></span> <span class='ocrx_word' id='word_1_797' title='bbox 2800 5243 3038 5312; x_wconf 78' lang='lat' dir='ltr'><strong>dirigens</strong></span> <span class='ocrx_word' id='word_1_798' title='bbox 3067 5255 3122 5298; x_wconf 88' lang='lat' dir='ltr'><strong>et</strong></span> <span class='ocrx_word' id='word_1_799' title='bbox 3155 5247 3222 5296; x_wconf 86' lang='lat' dir='ltr'><strong>ab</strong></span> <span class='ocrx_word' id='word_1_800' title='bbox 3250 5243 3394 5296; x_wconf 88' lang='lat' dir='ltr'><strong>omni</strong></span> <span class='ocrx_word' id='word_1_801' title='bbox 3437 5257 3652 5310; x_wconf 69' lang='lat' dir='ltr'><strong>perru-</strong></span> 
     </span>
    </p>
   </div>
   <div class='ocr_carea' id='block_1_111' title="bbox 2143 5536 3640 5624">
    <p class='ocr_par' dir='ltr' id='par_1_111' title="bbox 2143 5536 3640 5624">
     <span class='ocr_line' id='line_1_112' title="bbox 2143 5536 3640 5624; baseline -0.002 -28"><span class='ocrx_word' id='word_1_802' title='bbox 2143 5546 2256 5624; x_wconf 55' lang='grc' dir='ltr'>(ξἿ)</span> <span class='ocrx_word' id='word_1_803' title='bbox 2275 5540 2447 5624; x_wconf 33' lang='grc' dir='ltr'>’Βέτιη</span> <span class='ocrx_word' id='word_1_804' title='bbox 2475 5542 2754 5610; x_wconf 78' lang='grc' dir='ltr'>Χριστοῦ,</span> <span class='ocrx_word' id='word_1_805' title='bbox 2786 5551 2894 5594; x_wconf 88' lang='lat' dir='ltr'><strong>etc.</strong></span> <span class='ocrx_word' id='word_1_806' title='bbox 2934 5538 3148 5592; x_wconf 68' lang='lat' dir='ltr'><strong>Ea‘dem</strong></span> <span class='ocrx_word' id='word_1_807' title='bbox 3178 5536 3391 5592; x_wconf 72' lang='lat' dir='ltr'><strong>schedaa</strong></span> <span class='ocrx_word' id='word_1_808' title='bbox 3419 5547 3472 5591; x_wconf 89' lang='lat' dir='ltr'><strong>et</strong></span> <span class='ocrx_word' id='word_1_809' title='bbox 3497 5551 3640 5593; x_wconf 85' lang='lat' dir='ltr'><strong>cate-</strong></span> 
     </span>
    </p>
   </div>
   <div class='ocr_carea' id='block_1_112' title="bbox 2072 5616 3659 5767">
    <p class='ocr_par' dir='ltr' id='par_1_112' title="bbox 2072 5616 3659 5767">
     <span class='ocr_line' id='line_1_113' title="bbox 2072 5616 3659 5767; baseline -0.007 -27"><span class='ocrx_word' id='word_1_810' title='bbox 2072 5616 2646 5767; x_wconf 72' lang='grc' dir='ltr'>ἱκανῶς</span> <span class='ocrx_word' id='word_1_811' title='bbox 2672 5678 3131 5748; x_wconf 75' lang='grc' dir='ltr'>πρεσϐεύοντος,</span> <span class='ocrx_word' id='word_1_812' title='bbox 3166 5687 3271 5731; x_wconf 89' lang='lat' dir='ltr'><strong>etc.</strong></span> <span class='ocrx_word' id='word_1_813' title='bbox 3305 5676 3506 5730; x_wconf 86' lang='lat' dir='ltr'><strong>Catena</strong></span> <span class='ocrx_word' id='word_1_814' title='bbox 3527 5680 3659 5732; x_wconf 75' lang='lat' dir='ltr'><strong>Cor-</strong></span> 
     </span>
    </p>
   </div>
   <div class='ocr_carea' id='block_1_113' title="bbox 2074 5757 3507 5892">
    <p class='ocr_par' dir='ltr' id='par_1_113' title="bbox 2074 5757 3507 5892">
     <span class='ocr_line' id='line_1_114' title="bbox 2074 5757 3507 5892; baseline -0.006 -10"><span class='ocrx_word' id='word_1_815' title='bbox 2074 5757 2258 5892; x_wconf 52' lang='grc' dir='ltr'><strong>ὠίὲθ)</strong></span> <span class='ocrx_word' id='word_1_816' title='bbox 2297 5825 2365 5878; x_wconf 82' lang='grc'><strong>’11</strong></span> <span class='ocrx_word' id='word_1_817' title='bbox 2383 5821 2602 5892; x_wconf 68' lang='grc' dir='ltr'>ῥάϐδος</span> <span class='ocrx_word' id='word_1_818' title='bbox 2634 5818 2910 5890; x_wconf 76' lang='grc' dir='ltr'>Χριστοῦ,</span> <span class='ocrx_word' id='word_1_819' title='bbox 2934 5830 3036 5873; x_wconf 76' lang='lat' dir='ltr'><strong>etc.</strong></span> <span class='ocrx_word' id='word_1_820' title='bbox 3065 5819 3260 5876; x_wconf 81' lang='lat' dir='ltr'><strong>Eadem</strong></span> <span class='ocrx_word' id='word_1_821' title='bbox 3283 5823 3507 5875; x_wconf 82' lang='lat' dir='ltr'><strong>Catena.</strong></span> 
     </span>
    </p>
   </div>
  </div>
