4110 6426
447 390 582 448 1451

1857 386 1948 442 EX
1987 381 2292 442 ORIGENE

3583 368 3609 421 1
3621 368 3648 419 -1
3656 367 3728 420 5‘2

446 499 614 572 sitate
640 512 880 571 liberans
898 527 994 570 eos
1021 527 1160 585 quos
1191 512 1352 585 regit.
1383 513 1451 568 Et
1473 511 1730 582 quoniam
1767 517 2034 582 potestate

2142 503 2396 566 θύνουσα,
2426 501 2521 554 καὶ
2551 500 2729 569 πάσης
2757 495 3101 565 σκολιότητος
3147 487 3561 546 ἀπαλλάττουσα
3599 482 3731 544 τοὺς

448 604 597 676 regia
625 620 722 674 per
745 605 890 660 illam
924 606 1099 673 punit,
1127 603 1276 675 virga
1306 613 1392 660 est
1423 604 1574 674 regni
1603 603 1797 672 ipsius.

517 787 684 842 Vens.
711 787 799 842 10.
841 785 1004 842 Filia:
1033 803 1214 857 regem
1255 788 1313 840 in
1352 787 1548 840 honore
1589 797 1701 839 tuo.
1743 784 1922 838 Astitit
1962 799 2040 837 re-

448 877 572 945 gina
595 893 629 932 a
645 877 845 933 dextris
875 879 980 933 tuis
1003 881 1058 934 in
1077 881 1262 932 vestitu
1288 879 1566 942 deaurato,
1593 878 1922 932 circumdata
1947 892 2038 930 va-

449 969 660 1036 rietate,
685 979 792 1025 etc.
823 970 1015 1026 Sancti
1051 971 1302 1040 discipuli
1339 986 1566 1038 regnum
1596 970 1857 1026 caelorum
1893 967 2042 1022 acci-

449 1058 662 1126 pientes
689 1061 818 1116 facti
852 1070 984 1116 sunt
1026 1075 1202 1134 reges.
1235 1062 1399 1132 712
1433 1061 1796 1129 Quamobrem
1845 1059 2039 1112 anima:

450 1151 520 1205 ab
551 1151 684 1218 ipsis
713 1152 1014 1208 secundum
1059 1154 1318 1208 virtutem
1365 1163 1661 1224 generatae,
1697 1154 1950 1208 dicuntur
1977 1151 2041 1203 fi-

451 1241 536 1298 lia:
567 1259 773 1314 regum.
806 1245 1008 1302 Omnes
1045 1261 1178 1301 vero
1208 1247 1326 1302 ista:
1369 1249 1562 1301 animm
1609 1247 1715 1302 ﬁde
1757 1255 1813 1302 et
1841 1247 2040 1304 virtute

449 1335 704 1391 adunataa
743 1353 907 1391 unam
948 1338 1188 1394 elﬁciunt
1233 1339 1476 1407 reginam
1507 1353 1628 1407 quae
1662 1347 1802 1392 astat
1835 1353 1866 1392 a
1908 1339 2040 1393 dex-

453 1427 558 1481 tris
577 1427 782 1483 Christi
811 1428 924 1483 Dei.
956 1428 1022 1483 Et
1047 1445 1190 1484 nunc
1225 1430 1443 1498 quidem
1476 1428 1716 1484 Ecclesia
1752 1429 1843 1484 Dei
1875 1445 2039 1484 aurea

455 1513 622 1568 habet
659 1514 996 1584 indumenta,
1035 1531 1101 1572 ex
1147 1529 1296 1586 parte
1339 1533 1676 1588 cognoscens
1711 1525 1766 1574 et
1794 1535 1860 1574 ex
1889 1528 2042 1589 parte

455 1605 792 1674 praphetans
815 1622 969 1672 ;cum
1002 1617 1181 1660 autem
1205 1611 1413 1662 venerit
1441 1609 1583 1678 quod
1616 1610 1916 1680 perfectum
1935 1619 2036 1676 est,

451 1697 862 1746 ctevacuatnm
899 1693 1062 1746 fuerit
1117 1694 1260 1761 quod
1312 1709 1378 1748 ex
1426 1706 1582 1765 parte
1625 1707 1733 1762 est,
1763 1709 1892 1754 tunc
1929 1707 2040 1754 tota

450 1795 618 1836 aurea
648 1782 870 1838 habebit
891 1786 1233 1842 vestimenta.
1260 1787 1480 1844 Naturae
1527 1791 1672 1845 enim
1700 1793 2042 1848 rationabilis

449 1873 833 1929 vestimentum
861 1886 945 1931 est
973 1878 1254 1947 multiplex
1287 1879 1382 1935 Dei
1406 1881 1696 1951 sapientia.

519 2055 684 2112 Vens.
719 2059 810 2112 11.
853 2058 922 2113 Et
961 2061 1164 2120 inclina
1199 2079 1382 2117 aurem
1419 2073 1588 2129 (uani,
1619 2075 1724 2121 etc.
1775 2083 1793 2116 ι
1833 2066 2038 2122 lnclina

447 2164 633 2204 aurem
660 2159 830 2214 tuam,
859 2171 879 2203 ι
917 2152 1050 2209 dicit
1081 2154 1242 2209 Pater
1273 2157 1340 2210 ad
1369 2155 1692 2212 Ecclesiam.
1725 2157 2040 2215 Landabilis

447 2247 632 2292 autem
675 2239 880 2295 oblivio
929 2242 982 2295 in
1035 2257 1200 2298 causa
1242 2253 1328 2298 est
1375 2259 1476 2299 cur
1516 2246 1890 2302 obliviscentis
1924 2249 2042 2318 pul-

448 2328 707 2384 chritudo
755 2347 785 2385 a
837 2346 964 2402 rege
998 2334 1361 2390 desideretur.
1410 2336 1614 2392 Deinde
1647 2353 1811 2392 causa
1855 2340 2039 2408 gloria:

447 2433 612 2488 quam
655 2423 820 2478 habet
864 2423 1130 2493 Ecclesia,
1171 2427 1223 2481 in
1261 2427 1478 2482 occulto
1502 2428 1686 2483 cordis
1719 2439 1824 2496 est,
1849 2439 1898 2484 et
1925 2431 2039 2502 glo-

449 2526 528 2566 r.a
559 2512 680 2582 ejus
710 2515 779 2568 ab
809 2515 954 2571 intus
978 2523 1062 2570 est
1083 2516 1182 2572 sub
1209 2516 1352 2571 veris
1392 2516 1725 2573 indumentis
1753 2535 1874 2589 quae
1913 2530 2040 2575 sunt

448 2603 750 2658 secundum
798 2605 890 2659 Dei
927 2605 1274 2674 sapientiam,
1318 2615 1373 2659 et
1409 2607 1461 2660 in
1503 2609 1837 2663 conscientia
1884 2609 2038 2680 plena

449 2694 815 2749 confidentiae.
849 2695 1118 2763 Quocirca
1146 2695 1213 2750 de
1249 2697 1363 2767 ipsa
1399 2699 1593 2752 dicitur
1624 2717 1638 2752 :
1671 2719 1687 2750 ι
1714 2699 1902 2755 Onmis
1923 2703 2040 2771 glo-

452 2785 532 2840 ria
575 2787 700 2843 lilia!
727 2789 872 2858 regis
896 2788 966 2843 ab
1014 2790 1181 2854 intus,
1209 2809 1227 2842 ι
1261 2800 1456 2860 estque
1503 2793 1671 2861 gloria
1697 2793 1816 2862 ejus
1846 2796 2040 2851 similis

448 2877 638 2950 gloriae
659 2895 822 2948 quam
858 2881 1028 2936 habet
1059 2881 1167 2936 ﬁlia
1199 2883 1359 2951 regis.
1398 2882 1511 2937 Rex
1551 2895 1736 2940 autem
1769 2887 1872 2943 hoc
1923 2888 2039 2943 loco

449 2969 594 3026 Deus
618 2981 984 3042 nuncupatur.
1012 2973 1152 3041 Quin
1183 2983 1237 3028 et
1270 2978 1592 3031 vestimenta
1622 2977 1740 3047 ejus
1768 2991 1897 3034 sunt
1929 2981 2040 3035 vir-

449 3061 660 3116 tutibus
693 3063 996 3132 variegata.

522 3153 689 3209 Vttlts.
727 3154 814 3208 i4.
852 3154 1041 3209 Omnis
1089 3155 1258 3224 gloria
1287 3157 1415 3223 ﬁlia:
1447 3159 1583 3228 regis
1623 3161 1688 3212 ab
1721 3159 1887 3226 intus,
1927 3173 2036 3217 etc.
2069 3197 2111 3252 C

449 3243 642 3300 Omnis
683 3245 858 3314 gloria
907 3245 1164 3300 Ecclesia:
1197 3258 1397 3302 nostra!
1439 3259 1523 3302 est
1561 3250 1612 3302 in
1647 3249 1908 3306 interiore
1946 3253 2040 3308 ho-

451 3336 599 3392 mine
621 3339 920 3410 secundum
949 3338 1210 3394 virtutem
1235 3347 1288 3394 et
1317 3340 1604 3395 scientiam
1629 3351 1892 3410 spectata.

525 3519 686 3574 Vens.
725 3519 814 3575 15.
855 3521 1199 3574 Adducentur
1225 3523 1334 3590 regi
1361 3524 1588 3592 virginea
1611 3532 1724 3588 post
1748 3540 1887 3590 eant,
1921 3541 2040 3594 pro-

452 3624 609 3663 xume
639 3610 754 3677 ejus
789 3609 1080 3677 alferentur
1104 3610 1220 3674 tibi,
1243 3619 1347 3666 etc.
1376 3597 1835 3666 Immaculattc‘ac
1867 3629 2036 3683 pune,

453 3711 508 3754 et
546 3709 768 3769 propter
819 3701 922 3753 hoc
971 3701 1208 3770 virgines
1253 3703 1448 3755 animm
1487 3703 1831 3772 egredientes
1875 3705 2037 3759 addu-

454 3803 650 3846 centur
673 3792 892 3846 Christo
933 3793 985 3845 in
1016 3793 1199 3846 laetitia
1235 3801 1290 3847 et
1327 3795 1708 3849 exsultatione.
1744 3794 2037 3852 Thalamus

456 3892 638 3938 autem
687 3884 863 3952 regis,
917 3884 968 3937 id
1017 3893 1099 3938 est
1153 3885 1390 3952 Christi,
1445 3885 1610 3938 etiam
1656 3887 1910 3955 templum
1954 3897 2038 3943 est

455 3977 627 4046 ipsius
655 3995 668 4042 ;
697 3977 958 4046 quoniam
1006 3977 1170 4030 etiam
1223 3979 1362 4034 Dens
1404 3987 1509 4044 est,
1547 3987 1604 4032 et
1645 3978 1764 4032 loco
1807 3980 2035 4048 patriar-

451 4071 676 4124 charum
709 4070 819 4122 nati
850 4078 976 4123 sunt
1017 4069 1268 4138 illiOblOil.

523 4248 797 4320 Ejusdem.
824 4247 1068 4302 Proximi
1089 4247 1258 4300 nostri
1284 4258 1412 4302 sunt
1437 4259 1528 4301 aut
1555 4263 1743 4303 omnes
1765 4249 2032 4315 homines,

448 4354 540 4397 aut
572 4344 662 4412 qui
691 4357 795 4397 non
825 4342 1046 4394 omnino
1073 4340 1366 4395 secundum
1407 4340 1662 4407 dogmata
1687 4345 2032 4401 conveniunt.

523 4433 688 4488 VEtts.
717 4433 804 4486 17.
839 4432 941 4484 Pro
973 4430 1215 4500 patribus
1247 4432 1350 4484 tuis
1379 4434 1488 4484 nati
1515 4442 1634 4484 sunt
1664 4433 1760 4486 libi
1785 4434 1906 4501 filii,
1932 4445 2036 4491 etc.

2141 593 2610 666 βασιλευομένους.
2641 592 2750 644 Καὶ
2790 589 2912 642 ἐπεὶ
2935 585 3150 655 ἐξουσίᾳ
3177 582 3428 653 βασιλικῇ
3457 579 3522 632 δι’
3557 576 3734 644 αὐτῆς

2139 683 2380 748 κολάζει,
2415 682 2607 753 ῥάϐδος
2633 681 2748 732 ἐστὶ
2775 680 2873 749 τῆς
2900 676 3176 748 βασιλείας
3207 672 3392 728 αὑτοῦ.

2215 775 2547 846 Θυγατέρες
2573 774 2889 839 ,βασιλέων
2925 772 2995 824 ἐν
3024 769 3099 838 τῇ
3123 767 3262 836 τιμῇ
3281 783 3418 820 σου.
3448 759 3734 831 Παρέστη

2139 871 2179 939 ἡ
2209 870 2562 935 βασίλισσα
2608 867 2676 920 ἐκ
2712 861 2930 928 δεξιῶν
2971 878 3110 925 σου,
3142 861 3212 914 ἐν
3253 856 3546 928 ἱματισμῷ
3601 853 3735 905 δια-

2139 964 2350 1032 χρύσφ
2374 959 2844 1029 περιϐεϐλημένη
2867 996 2880 1022 ,
2913 952 3345 1022 πεποικιλμένη
3368 991 3383 1015 ,
3413 968 3468 1004 κ.
3497 966 3547 1001 τ.
3577 948 3626 1000 ὲ.
3667 944 3736 998 Ol

2141 1053 2287 1120 ἆγιοι
2320 1051 2560 1123 μαθηταὶ
2593 1049 2702 1122 (40)
2732 1049 2986 1110 λαϐόντες
3012 1047 3111 1116 τὴν
3153 1043 3428 1115 βασιλείαν
3473 1039 3584 1094 τῶν
3639 1038 3734 1090 οὑ-

2143 1141 2323 1212 ρανῶν
2369 1139 2627 1209 γεγόνασι
2664 1139 2931 1209 βασιλεῖς·
2969 1136 3159 1205 διόπερ
3191 1134 3284 1186 καὶ
3313 1132 3370 1185 αἱ
3425 1131 3516 1183 ὑπ’
3543 1125 3733 1182 αὐτῶν

2141 1230 2480 1300 γεννώμεναι
2506 1230 2625 1281 κατ’
2668 1228 2869 1298 ἀρετὴν
2895 1226 3066 1295 ψυχαὶ
3121 1221 3419 1291 θυγατέρες
3480 1218 3732 1286 λέγονται

2145 1323 2431 1394 βασιλέων.
2457 1324 2639 1376 Πᾶσαι
2659 1321 2716 1373 δὲ
2747 1313 2905 1374 αὗται
2937 1321 2990 1371 at
3010 1317 3200 1388 ψυχαὶ,
3228 1313 3370 1368 κατὰ
3396 1312 3493 1384 τὴν
3545 1311 3734 1363 πίστιν

2143 1417 2239 1470 καὶ
2267 1416 2368 1486 τὴν
2399 1414 2599 1487 ἀρετὴν
2634 1409 2944 1482 ὲνούμεναι,
2979 1410 3106 1482 μίαν
3141 1405 3543 1478 ἀπεργάζονται
3579 1401 3736 1472 βασι-

2141 1509 2262 1561 λίδα
2293 1507 2654 1580 παρεστῶσαν
2689 1507 2752 1557 ὲκ
2781 1503 2968 1569 δεξιῶν
3015 1499 3254 1574 Χριστοῦ
3280 1498 3374 1552 τοῦ
3421 1495 3578 1550 Θεοῦ.
3619 1494 3736 1548 Καὶ

2143 1600 2240 1652 νῦν
2277 1599 2374 1670 μὲν
2401 1600 2434 1669 ἡ
2473 1596 2768 1668 Ἐκκλησία
2793 1594 2887 1646 τοῦ
2912 1593 3046 1647 Θεοῦ
3079 1593 3345 1664 διάχρυσα
3373 1587 3485 1658 ἔχει
3517 1586 3733 1658 ἱμάτια,

2143 1695 2208 1746 ὲκ
2229 1691 2426 1764 μέρους
2455 1689 2818 1760 γινώσκουσα,
2836 1689 2930 1740 καὶ
2961 1688 3026 1739 ὲκ
3049 1685 3247 1756 μέρους
3276 1679 3698 1752 προφητεύουσα
3716 1693 3732 1706 σ

2143 1786 2273 1837 ὅταν
2303 1785 2362 1836 δὲ
2385 1783 2510 1854 έλοῃ
2540 1781 2599 1835 τὸ
2620 1781 2845 1844 τέλειον,
2876 1774 2972 1832 καὶ
2989 1779 3058 1830 τὸ
3072 1779 3138 1830 ὲκ
3163 1776 3362 1846 μέρους
3385 1770 3732 1842 καταργηθῇ,

2071 1848 2114 1902 Β
2145 1877 2268 1928 τότε
2321 1848 2590 1945 όλόχρῦσα
2641 1873 2752 1937 ἔξει
2803 1870 2874 1924 τὰ
2929 1871 3149 1940 ἱμάτια·
3209 1868 3422 1939 ἱμάτιον
3470 1865 3579 1932 γάρ
3615 1863 3740 1914 ἐστι

2144 1966 2362 2036 φύσεως
2391 1965 2615 2034 λογικῆς
2653 1965 2688 2035 ἡ
2722 1961 3098 2024 πολυποίκιλος
3124 1960 3285 2028 σοφία
3315 1956 3408 2010 τοῦ
3431 1953 3587 2007 Θεοῦ.

2212 2058 2324 2112 Καὶ
2357 2056 2570 2110 κλῖνον
2593 2055 2658 2110 τὸ
2691 2050 2801 2120 οὖς
2839 2067 2954 2107 σου
2975 2093 2989 2117 ,
3015 2070 3068 2106 κ.
3095 2069 3142 2105 τ.
3177 2053 3226 2104 ὲ.
3266 2070 3282 2102 ι
3311 2049 3503 2102 Κλίνον
3535 2045 3595 2098 τὸ
3638 2040 3736 2108 οῦς

2141 2166 2236 2202 σου
2266 2147 2402 2218 (JH),
2430 2167 2446 2200 ι
2495 2147 2632 2218 πρὸς
2682 2145 2782 2216 τὴν
2840 2143 3166 2214 Ἐκκλησίαν
3222 2140 3386 2211 φησὶν
3435 2140 3464 2191 ὁ
3517 2135 3734 2206 Πατήρ.

2155 2239 2448 2311 Ἐπαινετὴ
2475 2239 2528 2292 δὲ
2572 2242 2606 2310 ἡ
2646 2237 2808 2308 λήθη,
2860 2237 3008 2289 αἰτία
3057 2233 3151 2287 τοῦ
3210 2229 3615 2302 ὲπιθυμηθῆναι
3673 2225 3738 2279 τὸ

2141 2333 2342 2394 κάλλος
2366 2332 2456 2385 τοῦ
2481 2329 2875 2400 ὲπιλαθομένου
2905 2327 3010 2380 ὑπὸ
3033 2325 3128 2378 τοῦ
3163 2323 3448 2394 βασιλέως.
3499 2319 3740 2372 Ἔπειτα

2143 2422 2294 2476 αἰτία
2317 2421 2418 2492 τῆς
2441 2419 2600 2492 δόξης
2623 2419 2691 2490 ἢν
2721 2417 2834 2488 ἔχει
2870 2419 2903 2488 ή
2949 2414 3263 2484 Ἐκκλησία,
3306 2415 3363 2464 ὲν
3400 2410 3477 2480 τῷ
3508 2407 3740 2479 κρυπτῷ

2141 2514 2245 2584 τῆς
2271 2513 2499 2584 καρδίας
2534 2511 2673 2574 ἐστὶ,
2711 2509 2806 2562 καὶ
2827 2511 2860 2579 ἡ
2886 2507 3013 2572 δόξα
3034 2507 3203 2575 αὐτῆς
3223 2504 3368 2556 ἔνδον
3400 2500 3548 2554 ἐστὶν
3582 2498 3738 2550 ἐνδύ-

2146 2622 2316 2676 μασιν
2341 2602 2565 2674 ἀληθέσι
2586 2605 2701 2666 τοῖς
2736 2599 2877 2654 κατὰ
2906 2597 3097 2667 σοφίαν
3127 2595 3262 2650 Θεοῦ
3284 2636 3298 2660 ,
3333 2594 3428 2647 καὶ
3471 2589 3740 2645 συνειδότι

2145 2698 2350 2768 πλήρει
2393 2693 2728 2766 παρρησίας.
2776 2690 2876 2744 Διὰ
2906 2690 3064 2743 τοῦτο
3107 2688 3321 2756 λέγεται
3370 2683 3498 2756 περὶ
3530 2681 3738 2752 αὐτῆς·

2149 2808 2168 2841 ι
2201 2790 2362 2842 Πᾶσα
2396 2789 2430 2858 ἡ
2460 2785 2586 2850 ὣξκ
2611 2785 2711 2856 τῆς
2743 2781 3014 2852 θυγατρὸς
3040 2779 3133 2834 τοῦ
3161 2777 3426 2849 βασιλέως
3459 2772 3664 2828 ἔσωθεν
3685 2791 3734 2824 ἰ

2143 2881 2242 2934 καὶ
2273 2879 2418 2932 ἔστιν
2451 2881 2488 2949 ἡ
2512 2877 2642 2941 δόξα
2674 2877 2842 2947 αὐτῆς
2871 2873 2998 2938 δόξα
3019 2871 3210 2926 όποίαν
3235 2869 3348 2941 ἔχει
3378 2869 3442 2921 ἂν
3473 2863 3746 2937 βασιλέως

2143 2971 2414 3042 θυγάτηρ.
2447 2969 2710 3032 Βασιλεὺς
2740 2967 2796 3020 δὲ
2818 2965 2912 3020 νῦν
2934 2967 2962 3019 ὁ
2999 2963 3132 3026 Θεὸς
3158 2961 3401 3029 λέγεται.
3446 2957 3612 3012 Ἀλλὰ
3641 2955 3744 3008 καὶ

2141 3064 2212 3117 τὰ
2244 3062 2522 3134 ἐνδύματα
2548 3061 2719 3129 αὐτῆς
2748 3056 2967 3111 ποικίλα
2997 3054 3138 3108 κατὰ
3163 3052 3259 3115 τὰς
3294 3051 3520 3122 ἀρετάς.

2217 3152 2396 3209 Πᾶσα
2449 3154 2488 3220 ὴ
2545 3149 2696 3213 δόξα
2755 3147 2866 3217 τῆς
2931 3143 3220 3216 θυγατρὸς
3269 3143 3375 3196 τοῦ
3427 3138 3744 3205 βασι.1έως

2150 3246 2404 3308 ἔσωθεν,
2439 3261 2493 3295 κ.
2523 3259 2574 3294 τ.
2603 3243 2650 3294 ὲ.
2697 3243 2852 3294 Πᾶσα
2889 3240 2921 3310 ἡ
2957 3238 3084 3303 δόξα
3115 3236 3225 3308 (12)
3267 3234 3368 3303 τῆς
3407 3230 3742 3300 Ἐκκλησίας

2151 3333 2312 3405 ἡμῶν
2343 3336 2399 3386 ὲν
2430 3331 2507 3402 τῷ
2549 3330 2658 3384 ἕσιο
2719 3327 2992 3401 ἀνθρώπῳ
3045 3326 3160 3378 ἐστὶ
3223 3324 3340 3376 κατ’
3395 3321 3598 3391 ἀρετὴν
3643 3319 3746 3372 καὶ

2147 3425 2353 3495 γνῶσιν
2382 3422 2754 3495 θεωρουμένη.

2233 3512 2768 3582 Ἆπενεχθιὶσονται
2812 3509 2889 3574 τῷ
2920 3507 3174 3574 ,βασιλεῖ
3216 3503 3500 3573 παρθένοι
3545 3502 3746 3553 ὀπίσω

2146 3606 2364 3676 αὐτῆς,
2395 3609 2452 3658 ai
2483 3606 2753 3672 πλησίον
2793 3601 2982 3670 αὐτῆς
3033 3594 3556 3668 ἀπενεκθήσσνται
3615 3609 3744 3652 σοι.

2147 3717 2201 3752 κ.
2244 3715 2298 3750 τ.
2334 3699 2380 3750 ὲ.
2411 3697 2476 3748 Δί
2501 3695 2750 3765 ἀμίαντοι
2777 3694 2886 3764 (45)
2925 3695 3018 3746 καὶ
3053 3691 3310 3761 καθαραὶ,
3337 3689 3428 3741 καὶ
3463 3686 3550 3738 διὰ
3579 3685 3748 3738 τοῦτο

2146 3788 2410 3860 παρθένοι
2479 3785 2647 3856 ψυχαὶ
2719 3783 3064 3850 ἐξελθοῦσαι,
3132 3779 3594 3849 ἀπενεχθήσονται
3659 3775 3746 3846 τῷ

2144 3878 2372 3952 Χριστῷ
2397 3881 2454 3932 ὲν
2478 3878 2785 3950 εὐφροσύνῃ
2821 3877 2912 3929 καὶ
2943 3873 3277 3944 ἀγαλλιάσει.
3318 3871 3374 3922 '0
3409 3868 3654 3938 θάλαμος
3684 3869 3748 3920 δὲ

2142 3977 2240 4029 τοῦ
2269 3973 2552 4046 βασιλέως,
2580 3971 2825 4023 τουτέστι
2859 3964 3117 4039 Χριστοῦ,
3153 3963 3247 4016 καὶ
3284 3961 3410 4024 ναός
3453 3961 3602 4012 ἐστιν
3635 3960 3746 4012 αὐ-

2145 4065 2240 4119 τοῦ
2267 4083 2279 4095 ⁸
2318 4065 2440 4116 ἐπεὶ
2465 4062 2558 4115 καὶ
2587 4063 2614 4112 ὁ
2643 4061 2771 4122 Θεός
2797 4061 2932 4120 ἐστι,
2963 4057 3058 4109 καὶ
3087 4055 3206 4107 ἀντὶ
3233 4053 3340 4106 τῶν
3375 4050 3744 4122 πατριαρχῶν

2145 4155 2438 4226 γεγόνασιν
2471 4156 2518 4206 οἱ
2545 4151 2855 4204 ἀπόστολοι.

2225 4247 2337 4302 Τοῦ
2360 4244 2567 4299 αὑτοῦ.
2597 4241 2829 4312 Πλησίον
2862 4238 3018 4310 ἡμῶν
3050 4237 3160 4308 (44)
3204 4239 3337 4288 εἰσιν
3366 4235 3397 4304 ἢ
3429 4233 3634 4296 πάντες
3657 4235 3751 4288 ἄν·

2147 4336 2428 4411 θρωποι,ῆ
2460 4338 2506 4388 οἱ
2535 4334 2610 4406 μὴ
2634 4335 2808 4402 πάντη
2831 4329 2972 4384 κατὰ
2993 4329 3060 4382 τὰ
3087 4329 3330 4398 δόγματα
3351 4328 3744 4394 οἰκειοίμενοι.

2234 4428 2384 4482 Ἀντί
2423 4427 2542 4480 τῶν
2567 4424 2837 4494 πατέρων
2859 4439 2975 4478 σου
3007 4418 3425 4492 ἐγεννήθησαν
3452 4435 3551 4472 σοι
3597 4419 3745 4484 vivi,

449 4523 555 4580 Pro
578 4525 876 4586 Abraham,
903 4535 958 4576 ct
995 4521 1182 4586 lsaac,
1217 4531 1269 4575 et
1308 4519 1495 4584 Jacob,
1531 4531 1584 4573 et
1625 4537 1720 4590 pro
1751 4523 1872 4578 aliis
1910 4527 2034 4580 reli-

2148 4540 2203 4575 κ.
2233 4538 2286 4572 τ.
2315 4522 2360 4572 ἑ.
2410 4519 2555 4571 Ἀντί
2615 4517 2868 4588 Ἀϐραὰμ
2899 4514 3031 4584 (όῦ),
3086 4514 3180 4566 καὶ
3229 4513 3440 4576 Ἰσαὰκ,
3501 4511 3594 4562 καὶ
3632 4511 3746 4562 Ἰα-

450 4623 570 4692 quis
595 4623 684 4692 qui
729 4621 801 4674 illi
849 4622 1176 4690 placuerunt
1209 4622 1259 4674 in
1299 4621 1478 4675 Veteri
1513 4620 1884 4684 Testamento,
1929 4623 2034 4674 nati

452 4723 576 4768 sunt
615 4713 892 4782 discipuli,
942 4723 996 4767 et
1029 4729 1126 4766 nos
1161 4715 1250 4780 qui
1281 4728 1375 4779 per
1407 4713 1551 4780 ipsus
1587 4712 1940 4772 credidimus,
1984 4725 2033 4766 et

451 4820 638 4858 eorum
689 4805 810 4859 ﬁdei
857 4821 920 4858 ac
969 4805 1300 4872 cognitionis
1359 4806 1603 4856 hacrcdcs
1640 4803 1764 4857 facti
1827 4819 2034 4859 sumus.

452 4895 751 4953 llaercditas
803 4899 946 4951 enim
1005 4895 1343 4949 rationabilis
1403 4907 1611 4948 natura:
1663 4905 1743 4949 est
1800 4898 2037 4966 cognitio

450 4987 568 5043 Dei.

879 5178 1043 5250 713
1093 5175 1414 5232 PSALMUS
1459 5177 1622 5232 XLV.

525 5273 686 5328 Vens.
715 5273 771 5324 2.
807 5269 944 5322 Deus
985 5275 1156 5319 uoster
1183 5268 1439 5337 refugium
1471 5281 1519 5322 et
1543 5272 1728 5332 virtus,
1757 5279 1863 5325 etc.
1895 5269 2036 5323 Deus

457 5366 604 5420 solus
629 5361 918 5431 refugium,
945 5365 1273 5428 quapropter
1297 5359 1362 5411 ad
1402 5359 1608 5412 nullum
1649 5361 1818 5413 alium
1842 5359 2032 5412 confu-

521 5478 635 5552 (40)
671 5483 734 5536 Ol
765 5479 918 5550 ἅγιοι
938 5479 1217 5549 μαθηταί,
1241 5488 1349 5534 etc.
1382 5477 1606 5535 Schedte
1627 5473 1816 5530 Grahii
1847 5483 1902 5527 et
1927 5473 2034 5530 Ca-

453 5551 573 5605 tena
603 5551 850 5607 Barbari.

522 5621 638 5685 (4|)
675 5621 901 5674 Κλῖνον
925 5620 992 5674 τὸ
1022 5613 1131 5685 οὖς
1153 5636 1289 5682 σου,
1325 5627 1430 5673 etc.
1459 5617 1661 5672 Catena
1693 5613 1962 5671 Cortlerii.

548 5621 605 5674 4|
675 5621 901 5674 Κλῖνον
925 5621 992 5674 τὸ
1022 5621 1131 5685 οὖς
1153 5636 1289 5682 σου,
1325 5627 1430 5673 etc.
1459 5621 1661 5672 Catena
1693 5621 1962 5671 Cortlerii.

522 5621 640 5763 in;
666 5689 904 5763 Heloria}
934 5690 1104 5754 δόξα,
1153 5702 1258 5744 cte.
1309 5689 1494 5742 Codex
1544 5686 1934 5752 Cuislsnianus,
1984 5697 2036 5742 ct

455 5759 667 5813 schedia
699 5760 912 5814 Grabii.

529 5826 642 5899 (45)
671 5831 738 5882 At
761 5827 1052 5897 ιὶμίαντοι,
1087 5837 1190 5884 etc.
1225 5828 1423 5882 Catena
1445 5825 1711 5882 Cordcrii.

2147 4613 2264 4668 κὼϐ
2296 4611 2390 4665 καὶ
2423 4612 2530 4664 τῶν
2575 4609 2775 4663 λοιπῶν
2801 4609 2910 4662 τῶν
2968 4606 3446 4676 εὑαρεστησόιντων
3479 4601 3629 4670 αὐτῴ
3681 4605 3744 4654 ἐν

2148 4713 2215 4780 τῇ
2255 4707 2490 4776 Παλαιᾷ,
2519 4703 2886 4773 ἐγεννήθησαν
2917 4703 2965 4752 οἱ
2993 4700 3251 4771 μαθηταὶ,
3278 4699 3371 4751 καὶ
3391 4697 3550 4766 ἡμεῖς
3584 4697 3636 4748 οἱ
3671 4697 3748 4750 δι’

2150 4802 2334 4858 αὐτῶν
2362 4800 2771 4860 πιστεύσαντες,
2803 4797 2897 4848 καὶ
2925 4795 3021 4865 τὴν
3061 4794 3278 4862 ἐκείνην
3325 4791 3505 4844 πίστιν
3539 4789 3750 4863 κληρο-

2149 4895 2490 4965 νομήσαντες
2524 4891 2617 4942 καὶ
2679 4888 2898 4956 γνῶσιν.
2956 4885 3302 4956 κληρονομία
3361 4883 3471 4953 γὰρ
3513 4882 3751 4953 λογικῆς

2150 4985 2370 5059 φύσεώς
2412 4987 2527 5036 ἐστι
2562 4983 2762 5049 γνῶσις
2789 4981 2947 5036 Θεοῦ.

2707 5170 2997 5222 ΨΑΛΜΟΣ
3049 5168 3181 5221 ΜΕ’.

2232 5273 2285 5322 '0
2313 5266 2458 5332 Θεὸς
2491 5265 2659 5334 ἡμῶν
2697 5261 3010 5329 καταφυγὴ
3061 5259 3160 5314 καὶ
3197 5258 3483 5326 δύναμις,
3511 5271 3568 5310 κ.
3603 5273 3657 5310 τ.
3693 5258 3742 5309 ὲ.

2146 5361 2281 5423 Θεὸς
2319 5357 2480 5427 μόνος
2531 5351 2643 5424 (46)
2697 5350 3012 5420 καταφυγὴ,
3044 5347 3124 5401 διδ
3173 5347 3264 5399 ἐπὶ
3317 5344 3526 5416 μηδένα
3579 5344 3750 5400 ἄλλον

2215 5473 2329 5550 (Μ)
2367 5471 2641 5550 Ιζλησζρν
2693 5465 2894 5550 mter,
2936 5475 3052 5550 ,ςειοῖ
3112 5463 3292 5544 C_odex
3348 5460 3746 5528 Coislinianns,

2147 5534 2366 5608 schedio
2393 5534 2580 5594 Grahii
2625 5549 2679 5591 et
2707 5534 2898 5608 catena
2934 5534 3179 5608 Barbari.

2213 5603 2328 5690 (45)
2353 5612 2512 5690 ’,Λντὶ
2543 5605 2823 5676 Ἀιῖηιιιὲμ,
2851 5617 2956 5659 etc.
2995 5603 3218 5658 Scheda:
3245 5603 3430 5659 Grabii
3457 5611 3512 5657 ct
3543 5613 3746 5660 catena

2141 5685 2395 5747 Barbari.

2219 5755 2330 5830 (46)
2363 5751 2507 5816 Θεΰς
2535 5751 2742 5818 με’νες,
2780 5756 2881 5802 etc.
2915 5745 3116 5799 Catena
3139 5743 3410 5800 Corderii.
