4110 6426
478 457 614 513 Ηῦὂ

1449 446 1757 503 SELECTA
1793 445 1855 500 IN
1885 443 2216 501 PSALMOS.
2247 473 2317 485 —-
2347 443 2534 499 PSAL.
2569 446 2726 501 XLV.

3599 453 3734 508 1454

477 566 936 638 καταφεύγωμεν.
988 566 1050 618 Εἰ
1106 563 1335 634 δυνάμει
1386 564 1415 615 ὁ
1458 560 1752 631 δυνάμενος
1809 559 2029 612 δύναται

2161 560 2387 629 giamus.
2420 561 2574 626 Quod
2607 561 2649 616 si
2686 572 2878 631 potens
2911 563 3110 619 virtute
3137 573 3330 634 potens
3351 574 3454 630 est,
3481 565 3624 620 Deus
3647 583 3736 620 au-

475 663 607 724 Θεὸς
636 662 693 715 δὲ
713 660 820 712 τῶν
847 660 1018 728 ἁγίων
1048 660 1081 729 ἡ
1111 657 1372 728 δύναμις,
1397 654 1516 724 Θεῷ
1545 656 1574 706 ὁ
1604 653 1756 721 ἆγιος
1810 652 2048 704 δύναται.

489 753 648 808 Ἀλλὰ
679 755 772 806 καὶ
805 753 996 823 βοηθὸς
1015 755 1072 805 ὲν
1101 750 1342 820 θλίψεσιν
1377 749 1405 801 ὁ
1444 746 1596 809 Θεὸς,
1647 745 1734 797 ἵνα
1777 744 1834 795 ὲν
1867 745 2054 806 αὑταῖς

478 843 882 914 καυχησὼμεθα
917 842 1278 914 ὑπομένοντες
1302 838 1492 901 αὑτάς.
1522 835 1844 906 Ἐπίστησον
1872 834 1928 887 δὲ
1969 833 2052 895 τὸ,

481 937 721 989 «Πολλαὶ
763 938 816 990 αί
871 935 1076 1004 θλίψεις
1129 933 1238 986 τῶν
1297 931 1554 984 δικαίων·
1594 948 1612 980 ι
1670 927 1851 999 ὲτέραι
1897 921 2052 978 οὖσαι

476 1027 630 1099 παρὰ
649 1028 749 1091 τὰς
786 1027 1056 1097 μάστιγας
1077 1025 1184 1078 τῶν
1213 1019 1572 1094 ἁμαρτωλῶν.
1596 1018 1706 1071 Καὶ
1735 1017 1822 1071 διὰ
1851 1016 1910 1071 τὸ
1941 1033 2054 1069 στε-

474 1120 570 1191 νὴν
595 1121 688 1174 καὶ
716 1118 1078 1189 τεθλιμμένην
1112 1113 1249 1169 εἶναι
1280 1115 1378 1186 τὴν
1426 1112 1544 1165 ὁδὸν
1593 1111 1692 1180 τὴν
1734 1109 2052 1178 ἀπάγουσαν

475 1216 556 1277 εἰς
588 1213 752 1284 ζωὴν,
788 1215 853 1283 ἣν
887 1212 1056 1279 ὀλίγοι
1082 1210 1393 1279 εὑρίσκουσι
1414 1223 1426 1235 '
1467 1205 1674 1275 μήποτε
1707 1203 2051 1274 εὑρίσκουσιν

478 1308 534 1359 αἱ
558 1304 762 1374 θλίψεις
785 1306 911 1368 τοὺς
938 1304 1200 1366 δικαίους.
1239 1319 1257 1353 ι
1297 1298 1396 1353 Διὰ
1435 1296 1595 1350 τοῦτο
1627 1296 1688 1349 οὺ
1741 1294 2049 1365 φοϐηθησό-

480 1396 638 1467 μεθα,
677 1415 696 1449 ι
732 1396 827 1450 καὶ
856 1394 1001 1465 ἑξῆς.
1038 1396 1125 1448 Ἐν
1156 1395 1222 1463 τῇ
1250 1391 1530 1464 συντελείᾳ
1565 1390 1613 1442 οἱ
1642 1388 1740 1459 μὲν
1791 1387 2052 1456 ἁμαρτω-

471 1490 555 1542 λοὶ
583 1489 734 1552 ὄντες
762 1489 832 1558 γῆ
860 1485 1315 1558 ταραχθήσονται,
1344 1485 1391 1536 οἱ
1429 1483 1486 1536 δὲ
1532 1483 1695 1550 ἅγιοι,
1731 1480 1854 1550 ὅρη,
1889 1493 2050 1547 μετα-

469 1582 788 1652 τεθήσονται
813 1582 910 1652 τὴν
962 1579 1248 1651 μετάθεσιν
1276 1577 1370 1631 τοῦ
1413 1575 1600 1645 Ἑνώχ.
1656 1571 2048 1626 Ἀίετατέθειται

467 1673 523 1726 δὲ
553 1675 647 1727 καὶ
696 1674 869 1745 ὅροςὸ
905 1670 1119 1742 Ἰσραὴλ
1147 1669 1236 1724 διὰ
1277 1669 1342 1722 τὰ
1369 1669 1516 1740 ἔθνη.
1574 1665 1706 1719 Ἀπὸ
1748 1663 1925 1718 κοινοῦ
1965 1662 2044 1727 τὸ,

474 1784 492 1816 ι
535 1767 592 1817 ὲν
619 1768 684 1836 τῇ
714 1764 1065 1834 κραταιότητι
1088 1763 1272 1825 αὐτοῦ,
1313 1780 1331 1813 ι
1373 1761 1440 1814 ἵν’
1467 1757 1501 1832 ᾖ
1529 1778 1542 1791 ·
1589 1778 1607 1810 ι
1641 1759 1738 1810 Διὰ
1769 1755 1927 1809 τοῦτο
1984 1754 2042 1805 οὐ

469 1853 914 1926 φοϐηθησόμεθα,
964 1855 1021 1906 ἐν
1071 1852 1150 1924 τῷ
1205 1852 1575 1924 ταράσσεσθαι
1623 1849 1726 1918 τὴν
1775 1847 1899 1916 γῆν,
1952 1844 2047 1897 καὶ

469 1943 846 2012 μετατίθεσθαι
875 1942 942 1996 τὰ
971 1943 1070 2013 ὅρη
1109 1963 1126 1994 ο
1157 1944 1214 1995 ὲν
1234 1945 1300 2013 τῇ
1337 1941 1688 2012 κραταιότητι
1712 1936 1897 1990 αὐτοῦ.

542 2035 650 2087 Τοῦ
679 2035 884 2088 αὑτοῦ.
920 2034 1214 2102 Φεύγοντες
1243 2034 1343 2105 τὴν
1375 2032 1632 2104 πορνείαν
1665 2029 1798 2101 (47),
1829 2029 1894 2098 τῇ
1940 2045 2044 2080 σω·-

464 2125 706 2199 φροσύνῃ
729 2126 1135 2197 προσφύγομεν,
1162 2125 1255 2178 καὶ
1292 2125 1430 2179 κατὰ
1465 2124 1562 2193 τῆς
1602 2117 2042 2192 γαστριμαργίας

467 2215 784 2286 μαχόμενοι,
831 2217 968 2288 μετὰ
991 2218 1090 2287 τῆς
1126 2215 1454 2287 ἐγκρατείας
1491 2212 1794 2285 μαχόμεθα.
1832 2211 1895 2263 Εἰ
1932 2207 2041 2277 γάρ

463 2307 880 2378 προσφεύγομεν
908 2348 923 2372 ,
981 2307 1271 2379 καταφυγὴ
1318 2305 1678 2378 ὀνομάζεται·
1718 2305 1766 2357 εί
1822 2303 1879 2356 δὲ
1944 2308 2039 2361 σὺν

459 2399 598 2470 αὐτῇ
635 2399 1002 2470 πολεμοῦμεν,
1032 2399 1279 2470 δύναμις.

529 2488 634 2542 Διὰ
661 2490 835 2543 τοῦτο
867 2492 937 2543 οὐ
982 2489 1438 2558 φοϐηθησόμεθα
1497 2487 1568 2540 ἐν
1605 2486 1686 2552 τῷ
1740 2486 2039 2555 ταράσσε-

458 2584 596 2636 σθαι
622 2581 737 2647 τὴν
764 2579 901 2650 γῆν,
935 2597 988 2632 κ.
1020 2597 1070 2631 τ.
1099 2580 1145 2632 ἑ.
1184 2579 1472 2640 Θαλάσσας
1513 2577 1605 2631 καὶ
1649 2577 1750 2647 ὅρη
1784 2577 1895 2646 (48)
1943 2578 2039 2632 νῦν

460 2671 649 2740 φύσεις
698 2670 843 2738 λέγει
891 2669 1112 2738 λογικάς
1159 2668 1467 2738 ὑψουμένας
1519 2668 1611 2720 καὶ
1670 2667 2040 2739 ἐπαιρομένας

456 2760 599 2817 κατὰ
624 2762 722 2832 τῆς
747 2761 998 2829 γνώσεως
1024 2760 1116 2813 τοῦ
1147 2759 1304 2814 Θεοῦ.

532 2854 645 2908 Τοῦ
677 2855 944 2923 ποταμοῦ
991 2854 1062 2907 τὰ
1119 2852 1426 2922 opp-rigata
1481 2853 1875 2921 εὐφραίνουσι
1925 2852 2038 2920 τὴν

453 2946 639 3000 πόλιν
671 2946 776 3000 τοῦ
805 2946 972 3008 Θεοῦ,
997 2963 1050 2997 κ.
1080 2961 1131 2996 τ.
1167 2945 1210 2995 ἑ.
1240 2943 1346 2996 Τοῦ
1373 2943 1614 3012 ποταμοῦ
1641 2944 1750 3014 (149)
1785 2944 1852 2996 τὰ
1873 2946 2040 3014 ὁρμή-

457 3055 606 3106 ματα
628 3037 768 3091 κατὰ
798 3039 897 3100 τάς
925 3037 1211 3108 διαιρέσεις
1241 3037 1348 3088 τῶν
1387 3036 1738 3106 χαρισμάτων
1794 3037 1888 3087 καὶ
1937 3036 2036 3098 τὰς

453 3131 744 3200 διαιρέσεις
793 3129 900 3182 τῶν
941 3129 1244 3182 διακονιῶν.
1306 3128 1588 3198 Βοηθεῖται
1653 3129 1684 3198 ἡ
1738 3128 1891 3190 πόλις
1938 3127 2032 3180 τοῦ

2163 662 2268 706 tetu
2298 665 2606 707 sanctorum
2640 656 2808 708 virtus
2836 665 2936 720 est,
2974 658 3156 725 utique
3186 673 3283 726 per
3319 659 3487 711 Deum
3520 668 3738 712 sanctus

2163 754 2352 810 potens
2379 754 2479 796 est.
2514 745 2652 808 Quin
2683 755 2733 798 et
2765 746 2979 812 adiutor
3011 748 3150 798 Deus
3189 747 3240 798 in
3277 747 3737 804 tribulationibus,

2158 840 2215 885 ιιι
2269 831 2321 884 in
2383 829 2516 898 ipsis
2567 827 2868 897 gloriemur
2930 841 3026 882 eas
3085 826 3438 881 sustinentes.
3494 824 3731 880 Advertc

2154 925 2318 978 etiam
2355 923 2421 977 ad
2455 921 2581 975 illud
2615 921 2670 975 ίι
2709 939 2726 971 ι
2765 918 2950 973 Multa!
2981 916 3356 971 tribulatioues
3378 915 3681 984 iustorum;
3711 938 3726 965 ι

2153 1031 2273 1084 quae
2309 1015 2536 1068 diversa:
2574 1021 2701 1066 sunt
2739 1026 2768 1063 a
2808 1009 3032 1080 ﬂagellis
3079 1019 3449 1078 peccatorum.
3503 1006 3571 1060 Et
3607 1008 3732 1073 quia

2155 1115 2380 1176 angusta
2411 1114 2466 1159 et
2500 1115 2649 1158 arcta
2682 1111 2765 1157 est
2795 1102 2876 1156 via
2908 1116 3029 1171 qua:
3063 1102 3212 1154 ducit
3242 1104 3308 1155 ad
3347 1103 3536 1164 vitam,
3571 1114 3731 1167 quam

2154 1198 2311 1267 pauci
2370 1197 2730 1265 reperiunt”;
2764 1194 2886 1247 vide
2925 1209 2991 1248 ne
3037 1193 3177 1247 forte
3220 1195 3403 1262 justus
3454 1193 3732 1246 inveniant

2156 1288 2537 1344 tribulatioues
2597 1305 2616 1338 ι
2649 1287 2941 1355 Propterea
2974 1301 3080 1338 non
3109 1287 3442 1347 timebimus,
3480 1303 3497 1336 ι
3530 1295 3638 1338 etc.
3675 1283 3729 1334 In

2151 1381 2621 1436 consuuunatione
2666 1383 2871 1444 saeculi,
2934 1391 3247 1449 peccatores
3306 1379 3546 1446 quidem,
3605 1391 3729 1430 cum

2153 1483 2297 1526 terra
2331 1473 2443 1526 siut
2468 1513 2481 1536 ,
2517 1475 3030 1538 conturbabuntur;
3080 1471 3249 1524 sancti
3279 1484 3427 1532 vero,
3468 1483 3590 1521 cum
3622 1467 3732 1520 sint

2151 1575 2387 1629 montes,
2423 1565 2824 1619 transferentur
2856 1565 3209 1617 translatione
3232 1562 3439 1615 Enoch.
3475 1557 3731 1611 Transla-

2151 1668 2236 1710 lus
2262 1657 2427 1712 etiam
2471 1656 2570 1710 fuit
2610 1673 2765 1710 Inous
2802 1655 2964 1709 Israel
3015 1665 3238 1724 propter
3266 1662 3475 1722 gentes.
3513 1650 3729 1705 Subau-

2149 1748 2401 1801 dieuduut
2440 1745 2591 1808 illud,
2624 1762 2642 1795 ι
2670 1745 2720 1797 in
2764 1743 3076 1797 fortitudine
3105 1742 3244 1809 ejus,
3267 1761 3283 1792 ι
3315 1753 3366 1794 ιιι
3398 1758 3588 1794 sensus
3617 1743 3725 1793 sit:

2155 1862 2172 1894 ι
2202 1842 2498 1911 Propterea
2547 1856 2652 1894 non
2690 1839 2998 1894 timebimus
3032 1840 3154 1893 dum
3199 1841 3506 1892 turbabitur
3549 1846 3727 1902 terra,

2147 1943 2202 1989 et
2239 1931 2641 1986 transferentur
2679 1941 2889 1984 montes
2923 1950 2940 1983 ι
2981 1931 3032 1983 ἰιι
3072 1931 3386 1983 fortitudine
3417 1927 3555 1995 ejus.

2219 2022 2498 2092 Ejusdem.
2530 2021 2665 2076 Cum
2712 2021 2976 2074 luxuriam
3013 2020 3271 2091 fugimus,
3309 2023 3376 2074 ad
3417 2031 3727 2090 temperau-

2147 2116 2273 2170 tiam
2304 2117 2670 2186 confugimus,
2699 2127 2754 2169 et
2787 2126 3087 2184 pugnantes
3114 2115 3374 2169 adversus
3409 2113 3724 2178 luxuriam,

2145 2223 2268 2260 cum
2300 2207 2656 2276 lemperanlia
2701 2221 3026 2276 pugnamus.
3074 2207 3131 2260 Si
3164 2207 3308 2260 enim
3341 2206 3686 2273 confugimus
3707 2246 3722 2268 ,

2146 2299 2413 2370 refugium
2454 2300 2808 2364 nominatur;
2845 2299 2887 2353 si
2916 2312 3047 2353 vero
3077 2315 3198 2353 cum
3232 2300 3346 2368 ipsa
3381 2314 3680 2368 pugnamus
3705 2339 3722 2362 ,

2142 2395 2339 2448 virtus.

2221 2484 2383 2539 Vens.
2415 2485 2468 2540 3.
2500 2484 2787 2552 Propterea
2819 2501 2926 2538 non
2964 2484 3262 2538 timebimus
3284 2526 3298 2550 ,
3329 2487 3455 2538 dum
3485 2485 3722 2538 turbabi-

2144 2585 2231 2628 tur
2265 2584 2431 2639 terra,
2479 2584 2586 2631 etc.
2625 2574 2856 2628 Marium
2895 2584 2948 2628 et
2984 2577 3246 2628 montium
3283 2577 3501 2630 nomine
3537 2579 3637 2631 hoc
3671 2576 3724 2629 in

2143 2668 2265 2723 loco
2317 2678 2544 2722 naturas
2595 2667 2852 2738 intelligit
2909 2670 3122 2722 ratione
3158 2669 3411 2737 prtedilas
3445 2685 3564 2738 quae
3603 2685 3727 2724 sese

2142 2760 2372 2818 efferunt
2404 2772 2458 2815 et
2483 2761 2750 2816 extollunt
2780 2763 3047 2815 adversus
3080 2761 3362 2815 scientiam
3396 2760 3509 2818 Dei.

2218 2854 2377 2908 Vens.
2410 2852 2461 2906 5.
2495 2851 2760 2906 Fluminis
2792 2853 3014 2920 impetus
3047 2852 3285 2920 (toti/acut
3315 2855 3572 2906 civitatem
3605 2855 3726 2917 Dei,

2140 2954 2243 2998 etc.
2303 2963 2321 2995 ι
2360 2944 2625 2998 Fluminis
2677 2943 2912 3012 impetus
2958 2961 2976 2994 ι
3032 2953 3157 2996 sunt
3208 2943 3362 3008 juxta
3423 2946 3720 2999 divisiones

2140 3037 2478 3105 gratiarum,
2527 3045 2582 3089 ct
2617 3034 3029 3089 distributiones
3065 3034 3515 3088 ministeriorum.
3555 3037 3720 3106 Adju-

2142 3137 2297 3180 vatur
2326 3130 2522 3182 civitas
2554 3127 2670 3191 Dei,
2699 3128 3164 3195 apprOpinquante
3196 3129 3302 3182 die.
3334 3127 3606 3195 Scriptum
3637 3137 3722 3180 est

453 3223 613 3286 Θεοῦ,
639 3221 964 3291 ὲγγιζούσης
998 3219 1229 3292 ἡμέρας.
1257 3220 1532 3290 Γράφεται
1553 3219 1608 3271 δὲ
1640 3221 1754 3283 καὶ,
1773 3237 1791 3268 ι
1829 3220 2034 3290 Βοηθή-

2144 3220 2297 3272 etiam
2340 3219 2396 3274 ἰ
2453 3238 2471 3270 ι
2507 3218 2801 3287 Adjuvabit
2848 3233 2969 3272 cam
3006 3217 3153 3270 vultu
3208 3235 3325 3274 suo.
3361 3239 3378 3271 ι
3438 3220 3718 3288 Siquidem

454 3331 538 3367 σει
567 3313 739 3383 αὐτῆς
768 3313 845 3384 τῷ
877 3312 1186 3384 προσώπῳ·
1222 3332 1240 3365 ι
1272 3312 1432 3377 σώζει
1454 3312 1560 3384 γὰρ
1596 3313 1764 3382 αὐτῆς
1792 3313 1851 3365 τὸ
1899 3314 2024 3366 κάλ-

447 3404 542 3467 λος
574 3405 837 3473 ἄτρωτον,
869 3401 1032 3473 ἡνίκα
1063 3400 1217 3472 παρὰ
1250 3401 1358 3454 τῶν
1393 3401 1784 3471 ἀντικειμένων
1826 3403 2032 3473 ταράσ-

453 3511 624 3548 σεται.

529 3584 639 3640 Τοῦ
667 3584 872 3639 αὑτοῦ.
915 3583 1078 3646 Πόλις
1109 3581 1242 3636 Θεοῦ
1294 3583 1405 3651 (50)
1450 3584 1567 3651 ἤτοι
1616 3584 1648 3652 ἡ
1714 3583 2029 3655 Ἐκκλησία,

451 3677 590 3748 αὕτη
615 3679 649 3748 ἡ
686 3676 877 3746 λογικὴ
899 3675 1045 3745 ψυχή
1068 3691 1081 3704 ⁸
1118 3675 1364 3746 ποταμοῦ
1395 3675 1450 3727 δὲ
1477 3675 1792 3745 ὁρμήματά,
1818 3675 1884 3727 τὰ
1937 3674 2030 3728 τοῦ

453 3768 770 3838 Πνεὺματος
794 3767 1131 3838 χαρίσματα.

535 3860 986 3928 Ἐταρὰχθησαν
1017 3860 1182 3924 ἔθνη,
1213 3860 1465 3911 ἔκλιναν
1497 3858 1830 3922 ,Θησηίεῖαῃ
1878 3877 1932 3910 κ.
1978 3876 2028 3910 τ.

450 3952 496 4006 ἑ.
518 3951 604 4003 Ἐν
626 3953 691 4020 τῇ
713 3948 949 4020 Χριστοῦ
981 3948 1245 4018 ἐπιδημίᾳ
1269 3948 1379 4018 (51)
1403 3947 1619 4001 ἔκλιναν
1652 3951 1707 4000 αἱ
1743 3949 2027 4017 βασιλεῖαι.

458 4065 477 4096 ι
509 4045 718 4097 Ἔδωκε
743 4041 924 4112 φωνὴν
951 4039 1114 4093 αὐτοῦ
1161 4041 1188 4091 ὁ
1224 4039 1478 4109 Χριστὸς,
1512 4039 1776 4110 ἐσαλεύθη
1806 4043 1839 4110 ἡ
1862 4041 1933 4110 γῆ
1955 4058 1967 4070 ·
2005 4062 2022 4093 ι

447 4134 570 4188 ἀντὶ
605 4132 720 4196 τοῦ,
750 4133 797 4185 οἱ
823 4133 915 4183 ἐπὶ
949 4130 1050 4200 τῆς
1091 4130 1214 4198 γῆς,
1248 4129 1356 4182 τῶν
1393 4129 1666 4199 πανταχοῦ
1693 4129 2028 4200 Ἑκκλησιῶν

449 4224 854 4295 συνισταμένων
864 4261 875 4274 .

526 4315 635 4371 Τοῦ
659 4313 865 4368 αὑτοῦ.
903 4311 1026 4365 Ἐὰν
1045 4310 1252 4382 ἀκούσῃ
1279 4311 1460 4380 φωνῆς
1497 4310 1607 4380 (52)
1642 4310 1848 4382 Κυρίου
1880 4309 2026 4382 ψυχὴ

445 4409 659 4479 λογικὴ,
691 4406 997 4470 σαλεύεται,
1049 4404 1448 4476 μεταϐαίνουσα
1505 4403 1612 4456 ἀπὸ
1660 4403 1858 4466 κακίας
1889 4402 2026 4473 πρὸς

444 4501 666 4574 ἀρετὴν,
712 4501 807 4552 καὶ
859 4498 964 4550 άπὸ
1015 4496 1289 4564 ἀγνωσίας
1345 4496 1424 4558 είς
1471 4494 1669 4563 γνῶσιν
1708 4494 1863 4547 Θεοῦ.
1915 4494 2026 4564 Τῆς

2139 3310 2364 3363 ίιιιιιειιιιι
2399 3321 2580 3365 servat
2611 3310 2726 3377 ejus
2759 3308 3242 3377 pulcltriltulincm,
3276 3314 3493 3379 quando
3521 3312 3590 3365 ab
3626 3314 3720 3364 ad-

2137 3403 2394 3458 versariis
2446 3405 2722 3458 turbatur.

2209 3583 2480 3654 Ejusdem.
2516 3583 2725 3639 Civitas
2760 3584 2873 3649 Dei,
2907 3597 2998 3638 aut
3036 3586 3298 3652 Ecclesia,
3343 3587 3453 3655 ipsa
3482 3597 3563 3641 est
3597 3589 3716 3640 ani-

2138 3694 2221 3731 ma
2261 3678 2584 3744 rationalis;
2630 3679 2868 3733 fluminis
2922 3694 3050 3734 vero
3085 3679 3316 3745 impetus
3367 3687 3484 3733 sunt
3542 3682 3714 3734 sancti

2136 3767 2372 3836 Spiritus
2416 3770 2577 3823 dona.

2209 3859 2369 3913 Vens.
2407 3861 2460 3915 7.
2494 3859 2838 3915 Conturbntm
2877 3873 2998 3916 sunt
3041 3875 3218 3932 gentes
3245 3905 3258 3930 ,
3297 3864 3557 3916 inclinata
3597 3874 3714 3917 sunt

2133 3967 2330 4020 regna,
2363 3961 2466 4006 etc.
2518 3952 2572 4004 lu
2623 3952 2822 4006 Clu-isti
2865 3954 3102 4006 adventu
3155 3956 3410 4009 inclinata
3453 3965 3580 4009 sunt
3630 3971 3715 4010 re-

2132 4058 2257 4111 gna.
2300 4061 2316 4092 ι
2349 4042 2508 4095 Dcdit
2552 4059 2736 4096 vocent
2787 4061 2937 4096 suam
2991 4045 3278 4108 Christus,
3329 4057 3596 4101 commota
3631 4059 3714 4103 est

2132 4141 2298 4198 terra,
2327 4152 2345 4182 ι
2385 4133 2435 4185 id
2466 4144 2550 4186 est
2585 4137 2891 4202 terrigenae,
2925 4152 3044 4189 cum
3084 4137 3277 4205 ubique
3310 4148 3576 4192 tcrrarunt
3611 4143 3713 4196 Ec-

2129 4221 2307 4276 clesiae
2335 4225 2648 4278 constitutae
2683 4235 2827 4279 sunt.

2203 4309 2477 4378 Ejusdem.
2514 4312 2570 4366 Si
2603 4314 2783 4366 anima
2819 4313 3103 4369 rationalis
3138 4317 3370 4370 audierit
3400 4333 3583 4372 vocem
3617 4320 3713 4375 Do-

2130 4401 2285 4466 mini,
2318 4405 2777 4470 conuuovebitur,
2806 4407 3081 4458 transiens
3107 4425 3134 4458 a
3169 4408 3297 4460 vi‘tio
3329 4410 3396 4460 ad
3433 4409 3707 4473 virtutem,

2130 4493 2197 4548 ab
2235 4493 2539 4562 ignorantia
2577 4497 2642 4546 ad
2677 4496 3038 4563 cognitionem
3085 4498 3196 4552 Dei.
3237 4499 3359 4566 Ubi,
3389 4500 3583 4568 inquit,
3624 4503 3709 4554 di-

446 4593 616 4656 θείας,
653 4590 809 4662 φησι,
848 4587 1098 4658 βοηθείας
1132 4585 1508 4655 ἐπιφανείσης,
1542 4584 1691 4640 νῶτα
1728 4583 2024 4638 δεδώκασιν

2144 4586 2315 4639 viuum
2356 4587 2619 4641 auxilium
2655 4586 2820 4658 714
2855 4591 3128 4656 apparuit,
3176 4601 3320 4661 terga
3357 4593 3552 4646 dedere
3607 4594 3711 4647 iui-

443 4689 492 4740 οἱ
524 4685 793 4754 πολέμιοι,
821 4682 914 4736 καὶ
970 4682 1026 4734 αἱ
1074 4680 1335 4733 τάναντία
1387 4679 1554 4731 πάλαι
1590 4677 1883 4747 φρονοῦσαι
1932 4677 2028 4746 βα-

2130 4678 2280 4744 tnici,
2315 4686 2368 4732 et
2401 4679 2748 4733 adversantia
2794 4681 2920 4732 οιίιιι
2963 4697 3127 4750 regna
3173 4683 3356 4735 divino
3380 4695 3436 4736 et
3483 4686 3710 4738 salutari

444 4775 961 4830 σιλεῖαιὺπέκλιναν
1021 4774 1110 4826 τὸν
1144 4771 1346 4842 αὐχένα
1402 4770 1481 4841 τῷ
1540 4771 1670 4841 θείῳ
1729 4769 1877 4839 ζυγῴ
1933 4770 2026 4821 καὶ

2147 4785 2248 4840 ugo
2297 4769 2538 4824 cervices
2571 4771 2905 4825 inclinarunt
2941 4791 2953 4826 :
3005 4790 3126 4825 nam
3165 4771 3304 4829 Deus
3343 4777 3572 4830 veritate
3597 4817 3612 4840 ,
3655 4791 3710 4832 et

445 4867 732 4937 σωτηρίῳ·
765 4868 829 4935 τῇ
878 4865 986 4936 γάρ
1019 4864 1247 4935 ἀληθεία
1299 4863 1393 4916 καὶ
1439 4865 1504 4932 τῇ
1537 4861 1646 4914 τῶν
1684 4860 2026 4932 πραγμάτων

443 4956 720 5028 μαρτυρία
783 4956 876 5008 καὶ
939 4958 1059 5018 ταῖς
1131 4954 1499 5015 παντοδαπαῖς
1559 4951 2024 5022 θαυματουργίαις

439 5043 548 5101 οἷον
604 5049 752 5116 φωνῇ
786 5063 889 5099 τινι
925 5045 1265 5115 χρησάμενος
1298 5046 1325 5096 ὁ
1352 5044 1520 5108 Θεὸς,
1551 5043 1609 5095 τὸ
1655 5045 1852 5096 οἰκεῖον
1889 5041 2020 5111 ὕψος

439 5141 548 5203 τοῖς
582 5138 887 5208 ἀνθρώποις
914 5135 1213 5199 ὑπέδειξεν.

521 5227 908 5295 Ἂνταναιρών
934 5227 1236 5296 πολέμους
1255 5226 1433 5296 μέχρι
1465 5225 1580 5279 τῶν
1618 5225 1888 5292 περάτων·
1910 5224 2014 5292 τῆς

438 5322 770 5397 γῆς-,τόξον
807 5320 1126 5387 συντρίψει
1159 5319 1257 5370 καὶ
1301 5317 1640 5386 συγκλείσει
1671 5316 1884 5380 ὅπλον,
1920 5317 2016 5368 καὶ

510 5443 529 5474 ⁸
574 5440 718 5496 Psal.
764 5437 1078 5502 xxxut,20.
1158 5438 1177 5466 '
1217 5435 1404 5490 Matth.
1451 5452 1549 5494 vn.
1583 5436 1671 5491 Μ.

510 5533 640 5606 (47)-
658 5534 986 5606 (Mdg-ortaq-
1011 5530 1123 5606 τὴν
1152 5530 1458 5598 πορνείαν,
1488 5540 1592 5585 etc.
1627 5529 1849 5584 Schedzc
1875 5529 2016 5585 Gra-

438 5601 586 5661 bii‘et
605 5601 809 5658 Catena
844 5601 882 5652 Β
902 5604 1088 5654 Irbari.

648 5671 974 5746 Θιιλᾲσσιις
1000 5671 1095 5746 καὶ
1127 5671 1390 5746 ὅρηκςξιρ,
1423 5668 1647 5746 Scltcdte
1673 5668 1887 5735 Gt'altii,
1922 5686 2012 5725 co—

437 5740 536 5799 deit
564 5740 927 5798 (Soislinianus
951 5750 1002 5793 cl
1033 5741 1234 5793 Call-na
1268 5740 1512 5791 Barbari.

511 5814 624 5880 (£9)
661 5812 769 5866 Τοῦ
798 5809 1082 5878 ποταμοῦ,
1111 5809 1310 5880 Catena
1335 5809 1603 5880 Corderii.

510 5877 622 5955 (50)
653 5885 835 5948 Πόλις
867 5877 1033 5949 Θεοῦ,
1075 5889 1179 5937 etc.
1215 5879 1437 5936 Scltcda:
1477 5878 1661 5934 Grabii
1706 5887 1759 5932 ct
1805 5877 2011 5936 Catena

2127 4876 2304 4914 rerum
2330 4864 2662 4926 testimonio,
2689 4877 2739 4917 et
2769 4865 3156 4919 miraculorum
3187 4867 3425 4921 cllicacia
3455 4879 3710 4938 tanquam

2124 4965 2257 5006 voce
2313 4955 2546 5019 quadam
2599 4971 2727 5008 usus
2777 4971 2929 5010 suam
2973 4959 3286 5012 heluiuibus
3331 4960 3706 5017 celsitudinem

2127 5044 2384 5097 ostendit.

2203 5223 2360 5277 Vnus.
2407 5224 2492 5275 10.
2538 5227 2794 5290 Auferen:
2830 5226 2965 5280 bella
3006 5243 3167 5294 usque
3212 5229 3280 5280 ιιιι
3309 5228 3468 5292 ﬁnem
3517 5242 3708 5295 teme,

2127 5332 2308 5368 arcum
2337 5329 2562 5369 conteret
2592 5329 2638 5369 et
2678 5319 2968 5386 confringet
3007 5335 3178 5384 arma,
3221 5330 3269 5372 et
3302 5331 3448 5374 scuta
3493 5328 3708 5376 combu-

1748 5437 1768 5467 ³
1795 5435 1938 5490 Psal.
1977 5451 2098 5501 va,
2127 5437 2182 5488 θ.

2123 5531 2295 5584 Barba
2309 5533 2372 5586 ri.

2198 5604 2310 5683 (fit)
2353 5604 2456 5656 Ἐν
2487 5605 2558 5672 τῇ
2583 5604 2837 5672 Χριστοῦ
2871 5604 3171 5673 ἐπιδημίᾳ,
3201 5618 3309 5662 ctc.
3336 5610 3540 5664 (Iatcna
3571 5611 3704 5666 Con-

2122 5672 2279 5725 llt'l'»l.

2189 5742 2300 5812 (5‘2)
2331 5743 2472 5796 Ἐὰν
2506 5746 2600 5797 (tu!
2622 5747 2741 5810 ιπινη
2771 5743 2994 5812 φωνῆς,
3033 5757 3137 5802 εις.
3168 5747 3390 5804 δρίιυιίιυ
3430 5750 3615 5806 Grtthii
3651 5761 3706 5807 et

2120 5811 2323 5867 Catena
2368 5813 2608 5868 Barbari.
