4110 6394
440 421 456 474 i
483 421 574 474 $75

1857 424 1951 480 EX
1990 424 2291 483 ORIGENE

3571 436 3708 492 “36

439 548 511 588 ret
545 537 675 604 igni,
713 547 818 594 etc.
854 538 1036 594 Potest
1070 538 1246 606 istud,
1284 558 1303 591 ι
1337 539 1595 597 auferens
1628 541 1764 598 bella
1792 585 1805 608 ,
1838 563 1857 597 ι
1893 546 2018 609 dici,

2128 548 2379 616 0vpso£vq
2438 548 2807 603 κατακαύσει
2857 549 2926 603 ἐν
2981 550 3144 619 πυρὶ,
3195 569 3246 604 κ.
3287 569 3336 607 τ.
3375 553 3422 604 ὲ.
3479 551 3709 609 Δύναται

439 630 694 695 quoniam
736 641 1026 684 cessarunt
1067 634 1170 687 sub
1211 632 1472 688 Romanis
1505 635 1675 700 hella,
1717 654 1836 707 qua:
1871 642 2020 708 prius

443 722 656 773 l'uerant
686 723 944 777 cantiuua
973 765 988 789 ,
1022 723 1146 778 dum
1191 727 1292 780 sub
1321 743 1484 780 unum
1519 729 1804 798 imperium
1838 734 2018 800 priora

446 811 608 864 multa
639 827 799 874 regna
831 823 951 880 post
978 817 1314 871 nativitatem
1342 818 1643 874 Salvaturis
1672 822 2017 890 redegerunt.

440 902 601 957 Facta
627 916 703 958 est
735 907 878 959 enim
916 925 934 957 ι
966 907 1133 976 gloria
1161 908 1210 961 in
1239 909 1517 965 altissimis
1550 913 1676 977 Deo,
1709 924 1762 966 et
1795 915 1844 967 itt
1877 926 2016 970 terra

441 1009 574 1061 pax,
610 995 660 1048 in
700 997 1009 1051 hominibus
1044 1000 1181 1052 bona
1213 1002 1456 1056 voluntas
1484 1003 1523 1058 ’⁵.
1565 1023 1582 1055 ι
1623 1005 1882 1060 Dominus
1910 1010 2013 1076 igi-

441 1096 528 1139 tur
558 1085 716 1141 Jesus
746 1091 926 1156 posuit
966 1091 1016 1144 in
1065 1101 1206 1146 terra
1241 1095 1479 1164 prodigia
1502 1137 1516 1159 ,
1562 1099 1818 1152 aul'erens
1849 1118 2018 1171 usque

439 1181 503 1232 ad
539 1181 672 1236 lines
703 1193 857 1238 terrae
891 1186 1054 1253 bella,
1089 1203 1210 1256 qum
1242 1191 1504 1255 gerebant
1539 1193 1807 1249 homines.
1855 1197 2020 1252 Aul'e-

441 1274 609 1327 rendo
638 1285 816 1328 autem
869 1277 1028 1340 bella,
1063 1281 1324 1334 contrivit
1359 1299 1570 1349 arcum,
1603 1301 1667 1339 ex
1703 1304 1809 1356 quo
1850 1290 2016 1357 ignita

439 1366 637 1420 diaboli
681 1370 782 1421 tela
817 1373 1242 1439 etuiltehantur;
1291 1386 1338 1429 et
1387 1376 1654 1449 confregit
1684 1395 1834 1433 arma
1877 1383 2017 1450 ejus,

438 1465 488 1508 et
518 1468 664 1511 senta
719 1462 1037 1514 combussit.
1087 1461 1216 1515 Illud
1250 1476 1432 1518 autem
1489 1486 1504 1517 ι
1537 1470 1822 1523 exaltabor
1851 1490 1868 1520 ι
1927 1472 2016 1526 llei

443 1563 542 1600 vox
583 1559 664 1602 est
721 1553 950 1604 dicentis
1003 1554 1140 1620 ha-c,
1191 1566 1475 1626 postquam
1518 1561 1829 1617 sustulisset
1883 1564 2018 1619 bella

439 1654 609 1706 usque
645 1643 711 1693 ad
747 1643 880 1696 lines
909 1653 1088 1710 terrm,
1119 1655 1172 1699 ct
1211 1651 1566 1704 contrivisset
1595 1669 1782 1706 arcum
1803 1696 1816 1722 ,
1847 1665 1901 1710 et
1931 1673 2018 1711 ar-

437 1745 522 1782 tna
556 1732 936 1804 confregisset.
1104 1729 1112 1736 ’

505 2004 782 2073 Ejusdem.
827 2011 1023 2076 Arcus,
1065 2029 1369 2083 armorum,
1405 2027 1458 2072 et
1486 2019 1627 2073 scitti
1661 2024 1882 2076 nomine
1916 2025 2019 2079 ltoc

434 2096 486 2149 iu
520 2096 638 2152 loco
689 2106 984 2170 pessimum
1046 2107 1295 2162 habitum
1329 2119 1382 2165 et
1423 2127 1618 2181 pravas
1660 2117 2020 2185 cogitationes

435 2191 707 2260 intelligit.

512 2285 673 2345 Vens.
708 2289 790 2340 il.
836 2287 1034 2344 l’acnte
1060 2305 1106 2346 et
1130 2295 1293 2348 ridete
1315 2300 1562 2366 quoniam
1586 2317 1677 2369 ego
1706 2318 1821 2354 sum
1856 2301 2015 2367 Deus,

432 2386 537 2431 etc.
574 2379 697 2433 Otio
719 2399 855 2452 opus
891 2397 972 2438 est
1006 2387 1071 2440 ad
1103 2393 1540 2457 cognoscendum
1575 2393 1887 2448 Dominum.

944 2659 1262 2718 PSALMUS
1298 2663 1477 2720 XLVI.

505 2745 672 2803 Vens.
721 2751 775 2804 2.
816 2752 1006 2807 Ouum
1054 2766 1265 2823 gentes,
1312 2757 1552 2825 plaudite
1599 2761 1861 2824 manibus,
1903 2775 2012 2820 etc.

432 2840 598 2903 Quasi
651 2857 835 2896 vocem
893 2847 1146 2900 emittant
1199 2848 1587 2903 exsultatiouis
1638 2852 1705 2905 ah
1764 2855 2018 2922 operibus

436 2933 590 2988 honis
620 2950 808 2988 manus
853 2947 1074 2993 nostrae.
1112 2938 1320 2993 Etenim
1360 2940 1689 3010 jubilautes,
1723 2955 1776 3001 ct
1804 2949 2018 3017 quidvis

435 3026 578 3078 aliud
607 3037 847 3094 agentes,
882 3030 964 3082 vel
1005 3031 1111 3085 Deo
1149 3032 1376 3088 facimus
1402 3074 1417 3099 ,
1453 3039 1674 3105 quanth
1719 3045 2018 3096 secundum

441 3121 606 3174 Deum
649 3131 729 3176 est
755 3163 769 3187 ,
804 3123 886 3175 vel
921 3123 1160 3189 diabolo,
1195 3128 1415 3193 quando
1451 3128 1649 3182 malum
1699 3146 2014 3201 operamur.

2127 643 2356 713 16(55),
2405 662 2424 696 ‹
2478 643 2821 714 ἀνταναιρῶν
2869 643 3159 715 πολέμους,
3188 665 3204 696 ι
3263 645 3535 713 λέγεσθαι,
3587 649 3710 701 ἐπεὶ

2127 729 2432 783 ἐπαύσαντο
2484 731 2590 783 ὑπὸ
2659 731 2946 801 Ῥωμαίων
3003 734 3052 785 oi
3114 733 3380 804 πρότερον
3465 741 3717 806 συνεχεῖς

2126 823 2399 894 γινόμενοι
2443 823 2686 894 πόλεμοι,
2717 824 2821 877 ὑπὸ
2850 825 2980 894 μίαν
3035 827 3376 896 ποιησάντων
3432 828 3719 897 βασιλείαν*

2125 911 2223 974 τὰς
2259 913 2523 982 πρότερον
2555 912 2757 976 πολλὰς
2794 915 2930 984 μετά
2963 915 3062 985 τὴν
3076 915 3288 983 γένεσιν
3315 917 3410 969 τοῦ
3433 918 3718 990 Σωτῆρος.-

2127 1003 2321 1071 Γέγονε
2359 1003 2465 1075 γάρ
2506 1023 2522 1053 ι
2552 1003 2676 1068 δόξα
2703 1005 2760 1056 ἐν
2791 1004 3034 1073 ὑψίστοις
3060 1005 3197 1075 Θεῷ,
3246 1008 3339 1060 κα).
3362 1009 3453 1060 ἐπὶ
3473 1009 3576 1080 γῆς
3634 1012 3704 1063 εἰ·

2132 1096 2288 1166 ρήνη,
2315 1098 2371 1148 ἐν
2403 1096 2709 1168 ἀνθρώποις
2743 1097 2980 1150 εὐδοκία.
3025 1117 3044 1148 ι
3109 1099 3165 1151 Ὀ
3226 1100 3434 1170 Κύριος.
3461 1097 3554 1154 οὖν
3605 1101 3714 1173 ’1ης-

2129 1189 2254 1251 σοῦς
2284 1189 2432 1242 ἔθετο
2465 1189 2530 1242 τὰ
2555 1190 2650 1242 ἐπὶ
2676 1190 2772 1260 γῆς
2801 1191 3024 1260 τέρατα,
3057 1191 3396 1270 ἀνταναιρῶν
3438 1194 3562 1255 τοὺς
3604 1193 3711 1256 ἕως

2125 1281 2233 1333 τῶν
2261 1283 2510 1353 περάτων
2541 1284 2641 1354 τῆς
2669 1284 2772 1353 γῆς
2806 1283 3096 1354 πολέμους,
3127 1283 3218 1348 oili;
3250 1285 3615 1356 ἐπολεμοῦντο
3660 1289 3710 1338 οἱ

2126 1373 2423 1443 ἄνθρωποι.
2474 1375 2838 1444 ’Λνταναιρῶν
2873 1376 2930 1428 δέ
2963 1377 3089 1438 τοὺς
3118 1376 3388 1446 πολέμους
3420 1376 3706 1447 συνέτριψε

2125 1462 2184 1514 τὸ
2214 1463 2494 1534 τόξον,ἀφ’
2527 1459 2586 1518 οῦ
2619 1465 2927 1535 ἐπέμποντο
2958 1465 3024 1519 τά
3051 1467 3420 1537 πεπυρωμένα
3453 1467 3580 1540 βέλη
3612 1468 3710 1521 τοῦ

2125 1553 2392 1620 διαϐόλου,
2424 1555 2516 1608 καὶ
2568 1555 2864 1609 συνέκλασε
2910 1558 2969 1610 τὸ
3007 1558 3169 1611 ὅπλον
3195 1557 3382 1622 αὑτοῦ,
3435 1560 3529 1612 καὶ
3583 1562 3711 1622 τοὺς

2127 1646 2350 1716 θυρεοὺς
2397 1646 2726 1700 κατέκαυσε.
2793 1648 2866 1702 Τὸ
2921 1649 2977 1702 δέ
3031 1669 3048 1700 ι
3085 1650 3444 1722 ὑψωθήσομαι
3497 1672 3516 1703 ι
3574 1652 3710 1706 Θεοῦ

2126 1737 2278 1807 φωνὴ
2315 1736 2566 1805 λέγοντος
2603 1738 2796 1804 ταῦτα,
2830 1741 2968 1810 μετά
2996 1741 3058 1794 τὸ
3099 1742 3554 1814 ἀνταναιρεϐἧναι
3583 1745 3712 1808 τοὺς

2125 1829 2229 1891 ἕως
2252 1829 2360 1882 τῶν
2386 1830 2638 1901 περάτων
2667 1831 2767 1901 τῆς
2799 1834 2902 1904 γῆς
2939 1833 3234 1905 πολέμους,
3271 1836 3366 1888 καὶ
3420 1835 3709 1907 συντριϐἷγ·

2059 1921 2097 1974 Β
2127 1941 2214 1975 ναι
2241 1922 2413 1987 τόξον,
2445 1925 2540 1977 καὶ
2576 1924 2983 1996 συγκλασθῆναι
3012 1927 3196 1982 ὅπλον.

2205 2015 2312 2068 Τοῦ
2339 2016 2544 2070 αὑτοῦ.
2577 2017 2740 2081 Τόξον
2775 2018 2868 2072 νῦν
2897 2019 3007 2088 (54)
3041 2021 3136 2072 καὶ
3167 2019 3329 2073 ὅπλον
3369 2018 3464 2072 καί
3497 2018 3709 2090 θυρεὸν,

2129 2109 2462 2162 κατάστασιν
2517 2111 2796 2182 χειρίστην
2856 2113 2990 2182 φησι
3043 2112 3136 2164 καὶ
3199 2111 3492 2182 λογισμοὺς
3541 2129 3708 2184 πονη-

2128 2200 2274 2270 ρούς.

2196 2293 2568 2360 Σχολιὶσατε,
2615 2293 2717 2348 καί
2770 2295 2974 2363 γνῶτε,
3004 2295 3092 2348 ὅτι
3145 2295 3259 2364 ἐγώ
3303 2299 3418 2364 εἰμι
3461 2300 3494 2350 ό
3545 2299 3710 2362 Θεός,

2125 2403 2180 2438 κ.
2211 2404 2258 2440 τ.
2287 2389 2333 2441 ἐ.
2398 2388 2600 2459 Σχολῆς
2628 2387 2786 2458 χρεία
2817 2387 2929 2456 (55)
2958 2386 3094 2458 πρὸς
3137 2387 3198 2439 τὸ
3238 2387 3442 2456 γνῶναι
3481 2388 3573 2440 τὸν
3603 2388 3715 2441 Κύ-

2125 2495 2260 2550 ριον.

2677 2664 2970 2718 ΨΑΛΜΟΣ
3018 2666 3171 2733 Μαι.

2195 2759 2399 2814 Πάντα
2439 2758 2510 2812 τὰ
2551 2757 2718 2825 ἔθνη,
2747 2757 3094 2825 -κροτήσατε
3156 2757 3359 2827 χεῖρας
3391 2797 3406 2823 ,
3452 2773 3504 2810 κ.
3564 2775 3614 2809 τ.
3663 2757 3714 2812 ἐ.

2125 2852 2302 2907 Οίονεὶ
2331 2849 2512 2920 φωνὴν
2547 2848 2657 2920 (56)
2693 2849 3002 2918 ἀφιέτωσαν
3045 2849 3417 2918 ἀγαλλιάσεως
3468 2849 3575 2902 ἀπὸ
3605 2849 3718 2900 τῶν

2128 2943 2308 2998 καλῶν
2339 2942 2516 3013 ἔργων
2549 2943 2606 2994 αί
2635 2944 2814 3012 χεῖρες
2839 2940 3016 3011 ἡμῶν.
3051 2942 3159 2995 Καὶ
3193 2941 3302 3012 γὰρ
3333 2941 3714 3006 ἀλαλάζοντες,

2128 3031 2224 3085 καὶ
2251 3030 2345 3082 ὅτι
2374 3030 2491 3082 ποτ’
2519 3025 2612 3082 οὖν
2641 3029 2993 3101 πράττοντες,
3019 3031 3139 3102 ἦτοι
3156 3030 3234 3102 τῷ
3273 3030 3392 3101 Θεῷ
3430 3030 3716 3101 ποιοῦμεν,

2128 3125 2254 3178 ὅταν
2287 3121 2431 3176 κατὰ
2462 3122 2594 3176 Θεὸν
2617 3118 2672 3194 ᾗ,
2701 3123 2734 3193 ἢ
2763 3122 2840 3192 τῷ
2866 3123 3098 3193 διαϐόλῳ
3120 3165 3134 3183 ,
3159 3124 3288 3177 ὅταν
3333 3124 3533 3177 κακίαν
3565 3123 3720 3192 ἐνερ-

438 3209 530 3264 Sic
579 3220 756 3266 autem
792 3214 957 3267 etiam
995 3213 1105 3269 Deo
1139 3215 1416 3284 psallimus
1447 3258 1463 3282 ,
1510 3230 1564 3273 et
1613 3221 1722 3289 regi
1766 3223 2018 3289 Christo,

2128 3216 2356 3288 γοῦμεν.
2395 3215 2552 3269 Οὕτω
2576 3216 2633 3269 δέ
2658 3215 2754 3270 κα).
2783 3215 2861 3287 τῷ
2887 3215 3007 3288 Θεῷ
3053 3217 3348 3287 ψάλλομεν,
3380 3218 3477 3270 καὶ
3505 3215 3583 3286 τῷ
3623 3214 3720 3284 βα·-

435 3302 810 3358 subaudiendo
844 3305 895 3357 itt
948 3319 1078 3359 voce
1108 3306 1528 3375 exsultationis;
1581 3322 1640 3364 ttt
1688 3327 1881 3368 sensus
1912 3316 2016 3370 sit:

434 3392 680 3450 Plaudite
735 3397 984 3452 manibus
1023 3398 1130 3453 Deo
1169 3400 1219 3452 in
1273 3417 1408 3456 voce
1458 3405 1858 3462 exsultationis.
1905 3408 2020 3465 Vox

436 3488 550 3543 lucc
594 3491 769 3545 omnis
797 3506 918 3545 esse
949 3493 1120 3560 possit
1150 3495 1448 3548 secundum
1492 3497 1658 3550 Deum
1686 3539 1701 3563 ,
1745 3517 1906 3570 quam
1936 3517 2021 3557 se-

439 3575 627 3642 quitur
650 3579 945 3631 exsultatio
972 3595 985 3643 ;
1014 3583 1286 3634 contraria
1317 3599 1444 3636 vero
1468 3593 1554 3638 eet
1577 3586 1821 3655 ejulatio.
1845 3592 2021 3660 Atque

434 3670 561 3722 olim
595 3671 815 3740 quidem
853 3689 956 3726 non
989 3685 1108 3727 erat
1159 3673 1422 3731 Dominus
1453 3696 1615 3747 super
1657 3698 1872 3736 omnem
1911 3695 2024 3738 ter-

437 3779 584 3826 ram,
616 3775 662 3815 et
697 3763 948 3818 excelsos
977 3777 1094 3819 erat
1130 3767 1350 3834 paucis,
1390 3779 1444 3822 et
1475 3771 1736 3825 terribilis
1771 3774 1896 3840 piis,
1929 3775 2020 3845 qui

437 3869 604 3922 parvo
630 3866 789 3908 erant
827 3871 1086 3921 numero;
1115 3867 1171 3911 et
1201 3873 1291 3912 rex
1333 3874 1438 3914 non
1472 3861 1676 3924 multis,
1707 3874 1761 3916 et
1794 3879 2022 3932 magnus

437 3946 570 4000 viris
608 3948 784 4014 raris,
827 3949 1005 4018 qualis
1045 3961 1163 4005 erat
1220 3969 1450 4021 magnus
1488 3953 1670 4018 Isaac,
1703 3965 1757 4010 et
1795 3971 2022 4026 magnus

439 4035 683 4107 Moyses;
717 4053 858 4093 nunc
889 4050 1071 4095 autem
1102 4043 1268 4097 multo
1302 4045 1548 4112 pluribus
1581 4047 1696 4100 haec
1719 4047 1901 4100 Omnia
1935 4064 2021 4101 ex-

439 4128 620 4182 sistit:
657 4129 766 4183 ituo
811 4131 974 4185 etiam
1011 4136 1234 4189 omnino
1271 4137 1377 4191 erit.
1421 4139 1603 4192 omnia
1641 4139 1693 4191 in
1744 4140 2018 4193 omnibus.

436 4219 597 4274 Prius
624 4222 844 4290 quidem
893 4224 944 4276 itt
981 4223 1101 4278 solo
1151 4227 1347 4280 Israelc
1377 4238 1494 4282 erat
1532 4245 1785 4299 magnum
1823 4246 2019 4296 nomen

433 4315 594 4382 ejus;
646 4317 714 4370 ah
747 4318 982 4372 adventu
1024 4329 1204 4373 autem
1253 4317 1457 4374 Christi
1489 4336 1719 4388 magnus
1749 4333 1829 4376 est
1860 4337 2023 4391 super

435 4425 649 4463 onmem
684 4420 906 4465 terram.
954 4410 1109 4466 Nunc
1145 4414 1288 4467 enim
1322 4415 1464 4468 Deus
1509 4429 1598 4468 rex
1643 4427 1725 4470 est
1755 4417 2024 4471 universa:

437 4513 618 4567 terrm,
651 4518 712 4557 ex
747 4519 855 4572 quo
892 4507 1135 4574 regnavit
1165 4506 1307 4560 Deus
1332 4524 1495 4576 super
1527 4519 1737 4576 gentes.

2132 3310 2270 3363 σιλεῖ
2297 3307 2541 3379 Χριστῷ,
2569 3307 2678 3360 ἀπὸ
2711 3307 2891 3360 κοινοῦ
2921 3307 2981 3360 τὺ
3023 3307 3081 3360 ἐν
3108 3309 3259 3378 φωνῇ
3308 3305 3682 3375 ἀγαλλιάσεως
3703 3321 3716 3335 ·

2130 3404 2195 3456 ἶν’
2297 3402 2358 3454 τό
2383 3419 2396 3432 ·
2425 3402 2744 3472 Κροτήσατε
2779 3403 2970 3471 χεῖρας
3006 3399 3084 3470 τῷ
3117 3399 3237 3470 Θεῷ
3273 3402 3330 3453 ἐν
3364 3401 3516 3470 φωνῇ
3547 3398 3715 3466 ἀγαλ-

2129 3495 2378 3556 λιάσεως.
2413 3489 2567 3546 Εἶναι
2597 3493 2820 3546 δύναται
2853 3494 3002 3545 πάσα
3033 3496 3066 3562 ἠ
3093 3493 3234 3546 κατά
3265 3492 3420 3554 Θεὸν,
3528 3491 3721 3544 ἕπεται

2129 3586 2189 3639 τὸ
2217 3585 2481 3656 ἀγαλλιᾷν
2503 3603 2515 3615 ·
2549 3588 2581 3656 ἡ
2607 3587 2653 3639 δ’
2676 3585 2895 3638 ἐναντία
2922 3584 3221 3654 κλαυθμός.
3266 3584 3378 3637 Καὶ
3413 3583 3581 3636 πάλαι
3612 3582 3720 3652 μὴν

2130 3678 2336 3749 Κύριος
2368 3673 2436 3746 ἦν
2459 3678 2559 3730 οὐκ
2587 3678 2680 3731 ἐπὶ
2711 3679 2890 3731 πᾶσαν
2921 3675 3017 3747 τὴν
3044 3677 3168 3746 γῆν,
3195 3675 3288 3729 καὶ
3337 3674 3560 3744 ὕψιστος
3607 3673 3717 3725 ὀλί-

2131 3787 2269 3838 γοις,
2300 3772 2391 3824 καὶ
2423 3769 2653 3841 φοϐερὸς
2675 3769 2958 3823 εὺλαϐέσιν
2984 3768 3393 3839 εὐαριθμήτοις,
3425 3770 3520 3819 καὶ
3574 3765 3721 3836 βασι-

2131 3861 2258 3925 λεὺς
2283 3861 2343 3914 οὐ
2381 3861 2614 3927 πολλοῖς,
2677 3862 2770 3915 καὶ
2821 3861 2993 3932 μέγας
3025 3860 3294 3923 σπανίοις,
3345 3859 3528 3922 ὁποῖος
3561 3853 3630 3928 ἦν
3689 3857 3719 3908 ὁ

2135 3955 2308 4027 μέγας
2347 3953 2533 4009 Ἰσαὰκ
2572 3955 2667 4008 καὶ
2709 3957 2737 4008 ὁ
2770 3955 2943 4026 μέγας
2994 3955 3231 4024 Μωσῆς·
3277 3952 3394 4005 νυνὶ
3443 3951 3500 4002 δὲ
3539 3949 3718 4019 πολλῷ

2132 4047 2342 4100 πλείοσι
2361 4046 2536 4100 ταῦτα
2559 4047 2738 4101 πάντα
2759 4046 2907 4100 ἐστίν
2925 4062 2938 4076 ·
2977 4045 3128 4098 ἕσται
3154 4044 3210 4097 δέ
3236 4044 3330 4097 καὶ
3364 4041 3511 4105 ἅπαξ
3533 4038 3719 4102 ἁπλῶς

2132 4142 2308 4196 πάντα
2331 4143 2388 4194 ἐν
2417 4143 2570 4195 πᾶσι.
2604 4141 2878 4213 Πρότερον
2908 4140 3006 4210 μὲν
3037 4139 3132 4192 ἐπὶ
3170 4139 3260 4192 τὸν
3299 4136 3516 4209 Ἰσραὴλ
3560 4135 3720 4206 μόνον

2130 4227 2198 4303 ἦν
2237 4232 2380 4302 μέγα
2418 4232 2478 4284 τὸ
2501 4232 2670 4302 ὄνομα
2694 4231 2859 4285 αὐτοῦ
2878 4248 2892 4262 θ
2918 4230 3026 4283 ἀπὸ
3051 4230 3108 4283 δὲ
3138 4230 3238 4299 τῆς
3255 4226 3492 4300 Χριστοῦ
3527 4243 3722 4297 παρου-

2134 4326 2254 4390 σίας
2289 4325 2461 4396 μέγας
2487 4327 2634 4379 ἐστὶν
2665 4325 2758 4378 ἐπὶ
2787 4327 2967 4379 πᾶσαν
3007 4325 3106 4395 τὴν
3139 4324 3260 4394 γῆν.
3308 4321 3570 4384 Βασιλεὺς
3611 4319 3721 4390 γάρ

2132 4417 2227 4470 νῦν
2261 4417 2442 4488 πάσης
2473 4418 2571 4488 τῆς
2605 4417 2709 4488 γῆς
2749 4419 2776 4470 ὁ
2816 4417 2968 4482 Θεὸς,
3001 4417 3090 4470 ὅτε
3118 4413 3468 4468 ἐϐασίλευσεν
3516 4413 3544 4463 ὁ
3588 4410 3721 4473 Θεὸς

2134 4511 2226 4562 ἐπὶ
2253 4509 2320 4564 τὰ
2353 4510 2502 4582 ἔθνη.

505 4594 666 4665 715
714 4570 989 4657 Eiusderri.
1025 4598 1214 4650 Solent
1253 4598 1500 4650 homines
1537 4599 1587 4652 itt
1625 4599 1876 4654 victoriis
1904 4615 2018 4653 tua-

2203 4602 2314 4658 Τοῦ
2351 4601 2559 4656 αὐτοῦ.
2605 4602 2734 4654 Ἐπ).
2764 4603 2886 4665 ταῖς
2933 4600 3114 4664 νίκαις
3148 4599 3261 4671 (57)
3316 4596 3630 4668 πεφύκασιν
3670 4597 3721 4648 οἱ

439 4693 597 4746 nibus
633 4691 905 4760 plaudere.
940 4690 1270 4744 l’lautlamus
1295 4691 1464 4760 igitur
1495 4701 1549 4745 et
1579 4707 1675 4745 nos
1705 4691 1756 4745 in
1788 4691 2017 4746 victoria

441 4786 588 4838 illius
622 4785 713 4850 qui
743 4784 882 4836 dixit
919 4784 938 4815 ⁵
971 4803 984 4836 ι
1024 4803 1041 4834 ε
1075 4786 1371 4848 Conlidite,
1409 4802 1508 4855 ego
1538 4786 1645 4840 vici
1673 4787 1956 4840 mundum.
1995 4806 2014 4839 ι

436 4873 696 4927 Juhilatio
751 4883 838 4927 est
904 4874 1185 4927 vieturiale
1238 4876 1538 4928 canticum.
1602 4875 1855 4946 Praecipit
1885 4893 2017 4948 ergo

439 4979 494 5022 ut
555 4978 748 5037 gentes
807 4969 1042 5040 jubilent
1089 4969 1140 5023 iu
1194 4969 1635 5025 adversariarutu
1684 4981 2020 5040 potestatum

443 5062 612 5130 lapsu.

513 5246 678 5301 Vens.
714 5248 767 5303 4.
800 5248 1036 5320 Subjecit
1090 5253 1310 5320 populos
1343 5253 1514 5315 nobis,
1565 5262 1673 5307 etc.
1713 5269 1732 5303 ι
1777 5251 2023 5321 Subjecit

439 5340 685 5409 populos,
718 5363 737 5396 ι
773 5343 988 5402 Israelis
1021 5348 1298 5416 mysteriis
1331 5347 1654 5401 instructos.
1684 5345 1809 5401 llaec
1841 5355 2022 5398 autem

440 5429 625 5486 dicent
661 5436 890 5503 apostoli
927 5439 995 5492 de
1023 5439 1304 5504 discipulis
1335 5440 1468 5500 suis,
1496 5439 1586 5508 qui
1624 5437 1840 5507 plurimi
1873 5446 2019 5490 sunt.

505 5537 528 5571 ⁵
565 5538 694 5590 Luc.
733 5551 793 5596 I1,
829 5535 916 5588 M.
992 5537 1012 5566 ⁵
1049 5533 1203 5588 Joau.
1241 5551 1326 5590 xvt
1355 5577 1368 5600 ,
1414 5533 1502 5590 55.

515 5627 627 5697 (55)
657 5630 908 5681 Atio-atat
931 5629 1017 5690 τό,
1049 5638 1156 5683 etc.
1191 5628 1392 5684 Catena
1423 5630 1689 5684 Corderii.

518 5697 630 5762 (54)
661 5699 851 5763 Τόξον
875 5699 1008 5759 νῦν,
1032 5712 1138 5755 etc.
1166 5700 1346 5754 Codex
1381 5700 1778 5768 Coisliniattus,
1814 5708 2028 5756 scltetltc

448 5768 488 5819 ﬁ
502 5769 636 5820 t'ahii
667 5779 721 5822 et
745 5770 945 5822 Catena
975 5768 1221 5825 Barbari.

525 5835 636 5907 (55)
666 5837 902 5908 Σχολῆς
931 5838 1120 5909 χρεία,
1157 5852 1262 5898 etc.
1294 5841 1457 5897 iidem
1491 5843 1722 5898 codices.

2127 4686 2406 4767 ἅνθρωποι
2453 4696 2550 4758 τὰς
2592 4698 2781 4766 χεῖρας
2815 4697 3050 4766 κροτεῖν.
3091 4691 3390 4764 Τοιγαροῦν
3441 4691 3724 4761 κροτήσω-

2129 4805 2228 4859 μεν
2264 4790 2360 4841 καὶ
2403 4790 2563 4859 ἡμεῖς
2605 4789 2699 4840 ἐπὶ
2744 4789 2808 4858 τῇ
2859 4787 2984 4858 νίκῃ
3030 4785 3125 4839 τοῦ
3176 4787 3452 4848 εἰπόντος’
3507 4802 3526 4833 ι
3571 4783 3718 4853 Θαρ-

2126 4885 2290 4943 σεῖτε,
2322 4880 2434 4949 ἐγὼ
2463 4881 2726 4952 νενίκηκα
2758 4881 2848 4933 τὸν
2877 4879 3101 4950 κόσμον.
3129 4899 3147 4931 ι
3197 4877 3537 4948 Ἀλαλαγμός
3571 4877 3719 4928 ἐστιν

2131 4973 2398 5036 ἐπινίκιος
2458 4972 2590 5044 ᾠδή.
2659 4970 3100 5044 Παρακελεύεται
3147 4966 3241 5024 οῦν
3296 4969 3585 5033 ἀλαλάζειν
3651 4968 3718 5019 τά

2133 5065 2260 5136 ἔθνη
2312 5065 2406 5118 ἐπὶ
2447 5067 2514 5136 τῇ
2569 5063 2923 5120 καταπτώσει
2970 5065 3078 5119 τῶν
3110 5062 3506 5134 ἀντικειμένων
3562 5059 3721 5113 δυνά-

2136 5175 2303 5228 μεων.

2216 5251 2493 5316 ’Υπέταξε
2551 5251 2742 5318 λαοὺς
2812 5249 2987 5320 ἡμῖν,
3051 5267 3105 5302 κ.
3161 5267 3211 5302 τ.
3275 5248 3321 5300 ἐ.
3379 5266 3396 5298 ι
3452 5244 3720 5310 Ύπέταξε

2134 5341 2294 5408 λαοὺς
2329 5345 2463 5415 (58),
2493 5365 2510 5395 ι
2554 5347 2680 5408 τοὺς
2717 5343 3194 5414 μαθητευομένους
3231 5343 3346 5405 τοῖς
3373 5339 3466 5393 τοῦ
3505 5339 3722 5409 Ἰσραὴλ

2137 5439 2476 5510 μυστηρίοις.
2509 5439 2694 5492 Ταῦτα
2729 5438 2783 5490 δὲ
2826 5439 2875 5490 οἱ
2913 5435 3202 5491 ἀπόστολοι
3239 5435 3455 5505 ἐροῦσιν
3485 5433 3578 5486 ἐπὶ
3609 5435 3724 5495 τοῖς

2212 5627 2324 5694 (fill)
2354 5617 2541 5680 Οἱονὲὶ
2568 5625 2797 5695 φωνήν,
2824 5635 2932 5679 etc.
2959 5627 3164 5679 Catena
3200 5625 3468 5695 Corderii.

2209 5698 2323 5775 (ξῗ)
2520 5694 2646 5775 ταῖς
2677 5698 2896 5775 νίκαις,
2925 5707 3032 5750 etc.
3061 5694 3534 5775 ‘SClICllilfncl'itltlj:

2209 5765 2321 5841 (58)
2365 5767 2641 5836 ’Υπέτιιξε
2671 5769 2879 5837 λαοϋς,
2905 5782 3008 5824 etc.
3037 5765 3242 5824 Catena
3278 5766 3548 5822 Cordcrii.
