4110 6392
415 408 433 462 l
455 407 544 461 $37

1347 397 1654 454 SELECTA
1697 395 1764 450 IN
1801 391 2140 449 PSAIAIOS.
2185 424 2254 433 —
2299 393 2490 448 PSAL.
2532 391 2743 449 XLVII.

3533 394 3554 447 I
3569 393 3668 447 [£38

414 523 902 600 μαθητευομένοις,
944 516 1062 574 οὖσι
1119 520 1347 582 πολλοῖς.
1396 520 1567 582 Λύτδς
1621 519 1676 572 δέ
1721 521 1748 571 6
1781 517 1983 588 Κύριος

2090 513 2206 584 Ipse
2235 524 2413 571 autem
2446 517 2706 570 Dominus
2739 524 2949 581 uoster,
2974 530 3098 568 cum
3135 529 3240 568 non
3278 514 3544 568 sciremus
3569 531 3666 567 no-

410 618 587 688 ῂμῶν,
623 615 695 685 μὴ
753 611 1134 681 ἐπισταμένων
1185 613 1397 672 ἐαυτεῖς
1431 607 1753 674 ἐκλέξασθαι
1783 607 1810 658 ὃ
1858 606 1988 674 κλη-

415 707 800 780 ρονομήσομεν,
839 703 1116 769 ἐξελέξατο
1155 703 1286 771 ἡμῖν
1320 701 1512 770 μερίδα
1549 701 1616 770 ἢν
1645 698 1987 769 κληρονομή-

415 817 596 868 σομεν,
628 799 747 867 ἥτις
779 795 896 848 ἐστὶ
940 794 1033 846 τοῦ
1077 793 1269 846 Ἰακὼϐ
1305 791 1554 862 καλλονὴ,
1593 792 1658 861 ἣν
1703 791 1988 860 ἠγάπησεν

409 892 436 942 ὁ
471 889 691 960 Κύριος.

486 982 594 1034 Τοῦ
635 981 840 1034 αὐτοῦ.
887 979 1126 1030 Ἔδωκεν
1161 978 1291 1046 ἡμῖν
1323 976 1431 1045 (59)
1472 974 1720 1040 ἐξουσίαν
1754 972 1845 1026 τοῦ
1881 990 1986 1024 παο

409 1073 519 1122 τεῒν
548 1070 730 1122 ἐπάνω
757 1070 931 1137 δφεων
969 1068 1061 1120 καὶ
1096 1066 1393 1137 σκορπίων,
1429 1066 1521 1118 καὶ
1552 1067 1644 1118 ἐπ).
1679 1067 1858 1118 πᾶσαν
1888 1065 1989 1135 τὴν

406 1160 634 1230 δύναμιν
660 1161 752 1213 τοῦ
777 1159 992 1230 ἐχθροῦ.

492 1250 687 1316 Ἀνέϐη
731 1253 762 1303 ό
818 1251 960 1314 Θεὸς
1010 1249 1080 1301 ἑν
1111 1247 1459 1316 ἀλαλαγμῷ,
1513 1265 1568 1302 κ.
1597 1264 1649 1299 τ.
1702 1247 1749 1302 ἐ.
1779 1247 1987 1316 ’Ὠσπερ

407 1343 434 1394 6
459 1341 663 1412 Κύριος
699 1341 807 1410 (60)
843 1339 1123 1392 ἐλεύσεται
1176 1359 1192 1390 ι
1226 1341 1281 1390 ἐν
1316 1341 1466 1408 φωνῇ
1503 1337 1757 1407 ἀγγέλου,
1805 1337 1900 1390 καὶ
1931 1339 1988 1389 ἐν

411 1433 668 1501 σάλπιγγι
713 1431 847 1484 Θεοῦ
896 1431 1261 1501 καταϐήσεται
1313 1432 1408 1484 ἀπ’
1457 1428 1709 1500 οὐρανοῦ,
1745 1448 1763 1480 ι
1813 1427 1987 1492 οῦτως

407 1525 570 1594 ἀνέϐη
616 1525 644 1575 6
683 1523 815 1586 Θεὸς
860 1525 916 1576 ἐν
975 1523 1296 1592 ἀλαλαγμῷ.
1335 1523 1539 1592 Κύριος
1584 1523 1640 1575 δὲ
1681 1541 1698 1572 ι
1727 1524 1784 1574 ἐν
1835 1523 1984 1591 φωνῇ

409 1615 737 1682 σάλπιγγος,
771 1633 789 1665 ι
838 1615 932 1667 καὶ
985 1615 1126 1683 τάχα
1183 1614 1486 1684 ἀλαλαγμῷ
1545 1613 1762 1666 πάντων
1816 1612 1986 1666 ἐθνῶν

406 1707 789 1777 κροτησάντων
845 1709 1062 1777 χεῖρας,
1116 1706 1497 1773 ἀλαλαξάντων
1546 1705 1666 1776 Θεῷ
1723 1708 1779 1758 ἐν
1833 1707 1984 1776 φωνῇ

405 1797 798 1866 ἀγαλλιάσεως.
844 1797 1064 1860 Τούτοις
1106 1798 1162 1850 δὲ
1197 1800 1290 1851 καὶ
1343 1797 1652 1851 ἀναϐαίνειν
1693 1793 1844 1866 οἶμαι
1897 1797 1986 1850 τὸν

2092 608 2174 662 bis
2201 608 2406 676 eligere
2457 608 2853 675 haereditatem,
2885 609 3050 678 elegit
3077 609 3231 664 nobis
3262 618 3473 676 partem
3503 624 3665 677 quant

2091 699 2407 753 hzcreditate
2456 700 2832 768 acciperemus
2862 739 2877 765 ,
2930 702 3138 754 scilicet
3189 700 3426 769 speciem
3473 699 3666 765 Iacob,

2089 805 2249 857 quam
2276 789 2462 842 dilexit
2495 789 2774 844 Dominus.

2165 972 2437 1040 Ejusdem.
2485 974 2642 1026 Dedit
2672 975 2827 1027 nobis
2853 987 3180 1043 potestatem
3217 975 3464 1027 calcandi
3507 986 3668 1041 super

2089 1073 2368 1129 serpentes
2413 1074 2468 1115 et
2515 1067 2852 1134 scorpiones,
2889 1076 2944 1120 et
2974 1082 3138 1137 super
3171 1082 3386 1120 omnem
3413 1065 3664 1118 virtutem

2091 1171 2317 1206 IIIIIIIICI.

2163 1245 2326 1298 Vens.
2359 1244 2410 1298 6.
2453 1247 2701 1300 Ascendit
2748 1247 2889 1301 Dens
2932 1249 2985 1301 in
3012 1247 3200 1317 iubilo,
3251 1257 3355 1300 etc.
3394 1246 3666 1312 Quemad~

2090 1339 2306 1391 modum
2343 1339 2603 1392 Dominus
2633 1341 2811 1393 veniet
2850 1359 2867 1391 ι
2905 1341 2959 1394 in
2985 1356 3116 1394 voce
3144 1339 3341 1408 angeli,
3371 1348 3425 1391 et
3457 1338 3507 1389 in
3540 1337 3668 1390 tuba

2089 1428 2185 1483 Dei
2223 1430 2513 1484 descendet
2555 1432 2619 1484 de
2661 1433 2798 1486 coelo
2837 1434 2902 1494 ⁶;
2955 1453 2971 1483 ›
3010 1433 3081 1486 ita
3133 1431 3379 1485 ascendit
3425 1429 3567 1482 Dinis
3617 1429 3668 1480 in

2083 1520 2278 1589 juhilo.
2331 1523 2592 1578 Dominus
2621 1535 2801 1578 autem
2843 1543 2862 1576 ι
2910 1526 2960 1578 in
2995 1540 3127 1579 voce
3157 1526 3303 1578 tuba:
3358 1542 3376 1574 ι
3426 1534 3481 1576 et
3529 1520 3673 1575 {arte

2083 1613 2256 1683 juhilo
2287 1615 2532 1669 omnium
2567 1617 2812 1684 gentium
2866 1616 3237 1684 plaudentium
3270 1613 3539 1676 manibus,
3585 1612 3674 1680 ju-

2095 1706 2380 1760 bilantintn
2422 1707 2532 1760 Deo
2572 1707 2622 1760 in
2669 1723 2798 1762 voce
2832 1709 3237 1762 exsultationis.
3273 1708 3406 1762 Cum
3452 1709 3535 1762 his
3573 1724 3672 1761 au-

2092 1808 2196 1851 tent
2233 1799 2396 1854 etiam
2430 1801 2728 1852 ascendere
2771 1798 2937 1853 Deum
2986 1801 3247 1852 arbitror.
3295 1799 3350 1853 Si
3379 1815 3504 1852 vero
3551 1801 3674 1867 quis

403 1891 554 1943 056v.
607 1890 731 1942 Ἐάν
769 1890 826 1942 δέ
863 1907 947 1952 τις
997 1890 1159 1942 αὐτὸν
1200 1891 1320 1961 αἰνῇ
1372 1892 1430 1943 ἐν
1478 1891 1596 1961 ἤχῳ
1651 1889 1983 1957 σάλπιγγος,

2091 1902 2214 1941 eum
2259 1888 2559 1941 laudaverit
2598 1889 2649 1940 itt
2684 1903 2816 1942 sono
2847 1892 3008 1951 tuhte,
3055 1890 3218 1943 etiam
3258 1891 3371 1958 ipse
3414 1892 3673 1944 ascendet

401 1981 495 2035 καὶ
540 1982 702 2045 αὐτὸς
751 1981 1084 2052 ἀναϐήσεται
1131 1985 1158 2035 ὁ
1191 1982 1496 2036 ἀναϐαίνων
1551 1983 1608 2034 ἐν
1657 1984 1806 2053 φωνῇ
1859 1981 1987 2034 σάλ-

402 2089 616 2142 ττιγγος.

478 2160 722 2214 Ψὰλατε
753 2160 832 2227 τῷ
885 2161 1007 2228 Θεῷ
1055 2161 1246 2231 ἡμῶν,
1288 2179 1343 2215 κ.
1371 2179 1422 2214 τ.
1469 2164 1516 2219 ἐ.
1560 2163 1864 2236 Ἐκατέρως
1908 2163 1986 2234 τῷ

399 2250 518 2321 Θεῷ
552 2252 684 2321 (61),
715 2252 803 2306 διὰ
825 2252 904 2318 τὸ,
943 2271 960 2304 ι
991 2253 1241 2324 βασιλεὺς
1266 2256 1446 2327 πάσης
1471 2255 1571 2324 τῆς
1609 2258 1711 2327 γῆς
1738 2259 1765 2310 6
1790 2257 1940 2320 Θεός.
1962 2280 1979 2308 υ

399 2343 472 2395 Τὸ
509 2362 526 2393 ι
558 2344 790 2408 συνετῶς
814 2364 832 2396 ι
870 2345 982 2398 ἴσον
1015 2344 1330 2416 τῷ,ψάλατε
1367 2346 1445 2417 τῷ
1485 2346 1579 2417 νῷ.
1616 2348 1854 2401 Ἔστιδέ
1891 2347 1985 2400 καὶ

399 2437 799 2506 προτρεπτικὺν
847 2438 928 2500 είς
979 2437 1201 2506 γνῶσιν.
1253 2440 1364 2492 Καὶ
1422 2440 1771 2493 ἐϐασίλευσεν
1809 2442 1868 2493 ἐν
1916 2443 1981 2512 τῇ

397 2525 633 2596 Χριστοῦ
685 2529 976 2598 παρουσίᾳ.
1029 2527 1230 2598 Θρόνος
1261 2530 1319 2584 δέ
1353 2531 1507 2599 ἅγιος
1539 2532 1675 2585 Θεοῦ
1727 2535 1774 2585 οἱ
1832 2532 1988 2604 βασι-

396 2613 675 2687 λευόμενοι
703 2617 794 2669 ὑπ’
820 2619 1007 2687 αὑτοῦ,
1037 2615 1119 2683 οἷς
1148 2620 1420 2691 ἐνίδρυται
1452 2625 1480 2674 6
1510 2623 1662 2686 Θεός.

474 2707 585 2760 Τοῦ
616 2709 823 2763 αὐτοῦ.
878 2710 969 2780 Τῷ
1018 2711 1158 2764 κατά
1188 2711 1318 2763 Θεὸν
1353 2711 1461 2782 (62)
1496 2713 1820 2782 εὐθυμοῦντί
1864 2715 1983 2768 ἐστι

397 2797 456 2852 τὸ
486 2799 729 2870 ψάλλειν,
758 2801 900 2856 κατά
928 2803 1017 2855 τό·
1063 2821 1080 2854 ι
1111 2802 1354 2873 Εὐθυμεῖ
1385 2821 1498 2869 τις;
1532 2804 1801 2874 ψαλλέτω.
1830 2825 1851 2858 ι

479 2978 532 3030 '0
563 2979 708 3045 Θεὸς
758 2979 1008 3048 κάθηται
1053 2979 1154 3033 ἐπὶ
1194 2981 1412 3048 θρόνου
1456 2982 1630 3051 ἁγίου
1678 2984 1886 3048 αὑτοῦ,
1923 3003 1978 3040 κ.

392 3089 444 3123 τ.
474 3069 521 3123 ἐ.
549 3071 748 3141 Θρόνος
787 3070 885 3141 μὲν
913 3069 1048 3122 Θεοῦ
1090 3073 1118 3124 6
1161 3071 1272 3143 (65)
1316 3072 1586 3142 Χριστός’
1637 3074 1875 3144 Χριστοῦ
1925 3075 1980 3130 δέ

393 3162 425 3231 ὴ
461 3146 686 3232 φύσις-ἡ
719 3161 932 3232 λογική.

467 3253 781 3320 Ἄρχοντες
826 3251 992 3306 λαῶν
1035 3252 1442 3322 συνήχθησαν
1471 3253 1622 3322 μετὰ
1667 3253 1775 3308 τοῦ
1804 3255 1981 3333 ’Θεοῦ
2009 3239 2051 3260 ”

405 3342 671 3411 Ἀϐραὰμ,
696 3343 784 3397 ὅτι
816 3343 923 3398 τοῦ
965 3343 1114 3398 Θεοῦ
1139 3347 1194 3398 οἱ
1221 3346 1486 3413 κραταιοὶ
1525 3345 1636 3413 τῆς
1683 3346 1795 3416 γῆς
1831 3351 1983 3416 σφό-

391 3433 501 3501 δρα
544 3434 922 3503 ἐπήρθησαν,
968 3455 1021 3490 κ.
1069 3454 1119 3489 τ.
1174 3439 1219 3491 ἐ.
1259 3439 1414 3491 Ὅσοι
1473 3440 1798 3507 συνάγονται
1867 3441 1979 3511 (ϐί)

396 3523 536 3593 μετὰ
584 3524 676 3578 τοῦ
735 3526 1013 3597 Ἀϐραάμ,
1060 3522 1205 3581 οὗτοι
1255 3527 1352 3598 τὴν
1401 3528 1602 3595 γνῶσιν
1655 3529 1838 3600 ἔχουσι
1886 3532 1980 3583 τοῦ

405 3614 675 3686 Ἀϐραάμ.
707 3615 780 3670 T6
811 3617 868 3670 δὲ
905 3635 923 3668 ι
955 3618 1300 3690 συνήχθησαν
1325 3640 1342 3671 ι
1380 3621 1502 3673 ἀντὶ
1529 3619 1622 3673 τοῦ
1669 3640 1686 3672 ι
1716 3621 1982 3693 συναχθή-

395 3720 631 3759 σονται.)
675 3707 806 3760 ’Λπδ
843 3708 952 3781 γάρ
981 3709 1090 3763 τῶν
1115 3713 1435 3780 γεγονότων,
1463 3713 1648 3783 φησὶν,
1679 3717 1727 3768 οἱ
1765 3716 1982 3770 πάντων

392 3797 500 3849 τῶν
549 3798 718 3851 ἐθνῶν
778 3803 1039 3872 ἄρχοντες
1104 3803 1224 3875 ἀμα
1299 3807 1430 3876 ἡμῖν
1495 3807 1852 3878 συναχθέντες
1901 3811 1980 3875 είς

395 3889 671 3958 ὑμνῳδίαν
707 3893 838 3944 Θεὸν
869 3894 1139 3947 αίνέσουσι
1151 3937 1163 3950 .

469 3976 579 4028 Τοῦ
617 3978 824 4031 αὐτοῦ.
868 3980 937 4032 Εἴ
963 3999 1045 4046 τις
1079 3982 1196 4035 ἐστὶ
1240 3983 1352 4056 (65)
1398 3988 1659 4057 κραταιὸς
1707 3989 1808 4059 τῆς
1852 3990 1976 4060 γῆς,

389 4068 484 4121 τοῦ
519 4069 650 4122 Θεοῦ
685 4073 830 4124 ἐστιν
860 4074 1096 4138 ἐκεῖνος’
1134 4077 1162 4129 6
1204 4075 1314 4149 γὰρ
1352 4078 1585 4151 ἀσθενὴς
1625 4081 1836 4134 οὐδέπω
1882 4083 1979 4135 αὐ-

388 4160 481 4213 τοῦ
513 4164 649 4216 ἐστι.
687 4164 963 4240 Κραταιὸς
995 4166 1053 4219 δὲ
1085 4168 1184 4239 τῆς
1243 4169 1350 4240 γῆς
1380 4171 1408 4223 6
1451 4173 1594 4226 κατά
1625 4173 1718 4226 τοῦ
1769 4177 1977 4246 φρονή-

392 4269 560 4321 ματος
605 4254 705 4324 τῆς
744 4255 946 4326 σαρκὸς
983 4262 1480 4332 κεκραταιωμένος.
1519 4263 1640 4317 Τῶν
1683 4266 1740 4317 ἐν
1791 4267 1855 4336 τῇ
1905 4268 1973 4337 γῇ

386 4345 663 4414 κραταιῶν
703 4348 810 4400 είσί
867 4368 1012 4414 τινες
1074 4353 1168 4408 τοῦ
1203 4356 1363 4421 Θεοῦ,
1411 4359 1605 4423 οἵτινες
1650 4361 1748 4430 οὐχ
1786 4361 1976 4427 ἁπλῶς

391 4433 729 4575 ῑπῄρθησαν,
779 4441 916 4496 ἀλλά
967 4443 1204 4517 σφόδρα⁸
1249 4448 1310 4502 οὐ
1365 4449 1614 4521 μέντοιγε
1661 4453 1980 4529 ὑπερεπῇρ-

425 4539 582 4575 noav;
1819 4557 1824 4566 ’

425 4539 582 4592 quam
1819 4557 1824 4566 ι

953 4711 1246 4766 ΨᾹΛΜΟΣ
1284 4716 1412 4768 MZ'.

456 4797 657 4865 Μέγας
702 4801 948 4868 Κύριος,
1007 4804 1104 4856 καὶ
1157 4806 1392 4873 αὶνετὸς
1446 4810 1704 4878 σφόδρα,
1753 4835 1805 4872 κ.
1841 4837 1890 4874 τ.
1923 4824 1969 4877 ἐ.

389 4885 564 4980 Ὅπου
597 4885 887 4980 ρεωρεῖται
939 4892 1052 4960 (66)
1101 4896 1132 4964 ή
1194 4897 1552 4970 μεγαλειότης
1599 4906 1693 4958 τοῦ
1741 4909 1969 4980 Κυρίου,

385 4979 502 5074 £er
538 4977 776 5074 μάλιστα
812 4980 983 5074 μέγας
1017 4985 1110 5037 καὶ
1141 4987 1352 5050 αἰνετός
1400 4990 1546 5044 ἐστιν
1587 4995 1616 5046 6
1663 4977 1863 5068 Κύριος
1905 5006 1970 5074 τῇ

385 5069 538 5121 πόλει
595 5069 689 5122 τοῦ
745 5071 880 5124 Θεοῦ
940 5074 1046 5126 ὑπὸ
1105 5077 1212 5128 τῶν
1271 5079 1848 5154 πολιτογραφηοέντων
1915 5069 1974 5147 ἐν

382 5160 543 5232 αὐτῇ.
584 5162 710 5214 Ἐάν
739 5164 846 5233 ἄρα
891 5167 955 5236 τῇ
1007 5166 1158 5220 πόλει
1202 5169 1292 5223 τοῦ
1345 5173 1479 5225 Θεοῦ
1533 5177 1766 5246 μάλιστα
1799 5181 1972 5251 μέγας

447 5325 466 5354 ⁸
500 5323 536 5378 Ι.
570 5325 765 5384 Thess.
796 5344 848 5384 tv
875 5369 890 5394 ,
924 5329 1010 5385 l5.
1088 5332 1108 5363 ⁷
1154 5331 1344 5390 Jacob.
1386 5353 1466 5400 ut,
1503 5339 1586 5392 l5.

456 5466 571 5553 (56)
613 5467 872 5553 facereea»
920 5471 1067 5542 ἡμῖν
1100 5514 1114 5537 ,
1157 5484 1287 5553 εις.
1343 5477 1524 5553 Codex
1580 5480 1972 5553 Coislinianus,

384 5539 600 5592 schedaa
629 5538 818 5594 Grabii
849 5553 902 5595 et
928 5538 1121 5595 catena
1156 5543 1403 5600 Barbari.

453 5608 566 5678 (IIII)
607 5607 831 5677 ’Ὠσπερ
865 5615 898 5665 ό
919 5613 1156 5678 Κύριος.
1183 5626 1290 5673 etc.
1314 5618 1516 5671 Catena
1572 5620 1842 5678 Cordcrii.

616 5679 944 5761 Ἑξεατέρῳς
964 5677 1043 5761 τῷ
1064 5677 1207 5750 Θεῷ,
1234 5698 1338 5761 etc.
1383 5686 1580 5761 Eadem
1614 5677 1838 5761 Catena.

612 5751 882 5831 1262mm
909 5755 1078 5831 9863',
1111 5766 1218 5831 etc.
1250 5759 1474 5811 Schedae
1505 5760 1715 5817 tit-:tbii.

455 5818 570 5889 (65)
603 5821 826 5888 Θρόνος
851 5823 968 5893 μὲν
1003 5825 1176 5895 Θεοῦ,
1211 5837 1330 5885 etc.
1357 5829 1538 5886 Codex
1575 5833 1962 5892 Coisliuiauus.

2089 1981 2179 2049 qui
2210 1980 2455 2036 ascendit
2486 1983 2538 2035 in
2572 1996 2704 2036 voce
2739 1983 2898 2036 tubae.

2162 2157 2324 2212 Vens.
2364 2159 2416 2213 7.
2457 2159 2678 2213 Psallite
2724 2159 2830 2214 Deo
2869 2170 3067 2224 nostra,
3095 2169 3200 2214 etc.
3234 2159 3478 2225 Utroque
3509 2157 3669 2211 modo
3749 2213 3754 2216 ,

2091 2249 2222 2313 Deo,
2257 2253 2382 2321 quia
2417 2270 2434 2303 ι
2479 2268 2572 2306 rex
2603 2253 2872 2306 universa:
2907 2263 3068 2308 terra:
3104 2254 3263 2306 Deus.
3302 2271 3321 2304 ι
3361 2251 3492 2304 Illud
3526 2267 3544 2300 ι
3581 2265 3670 2303 sa-

2088 2344 2322 2412 pienter,
2364 2361 2382 2393 ›
2421 2343 2563 2396 idem
2597 2353 2682 2395 est
2708 2344 3013 2412 aepsallite
3059 2355 3258 2396 mente.
3303 2342 3443 2408 Quin
3475 2352 3532 2394 et
3579 2356 3675 2394 cx-

2090 2435 2325 2488 hortatio
2353 2444 2434 2487 est
2466 2435 2532 2489 ad
2562 2435 2995 2507 intelligentiam.
3015 2438 3079 2492 Et
3114 2440 3359 2508 regnarit
3388 2440 3439 2492 itt
3471 2439 3674 2492 Christi

2087 2530 2344 2583 adventu.
2376 2529 2544 2584 Sedes
2583 2541 2762 2583 autem
2795 2542 2987 2585 sancta
3035 2533 3125 2586 Dei
3160 2543 3287 2586 sunt
3322 2532 3354 2585 ii
3387 2533 3477 2601 qui
3506 2546 3676 2602 regno

2087 2619 2204 2687 ejus
2236 2622 2486 2685 subsunt,
2522 2621 2719 2690 quibus
2759 2621 2897 2675 Dens
2935 2623 3156 2678 insidet.

2161 2709 2440 2779 Ejusdem.
2480 2710 2611 2778 Ejus
2653 2723 2737 2765 est
2769 2713 3001 2780 psallere
3043 2713 3130 2780 qui
3175 2716 3469 2766 secundum
3502 2713 3672 2766 Demn

2086 2813 2242 2867 a'quo
2290 2801 2475 2853 animo
2522 2809 2628 2866 est,
2677 2800 2831 2867 juxta
2877 2802 3052 2855 illud:
3092 2820 3111 2854 ι
3157 2801 3340 2872 (Equo
3371 2804 3554 2856 animo
3593 2811 3676 2856 est

2085 2889 2252 2958 quis?
2283 2890 2478 2956 psallat
2509 2890 2551 2942 ⁷.
2593 2910 2612 2942 ι

2160 2976 2325 3032 Vens.
2357 2979 2409 3034 9.
2459 2979 2598 3033 Deus
2631 2980 2776 3034 sedet
2807 2998 2965 3050 super
2990 2985 3163 3036 sedem
3194 2993 3434 3036 sanctam
3476 3001 3628 3037 suam
3655 3022 3672 3046 ,

2083 3080 2191 3125 etc.
2227 3071 2480 3125 Thronus
2511 3071 2603 3126 Dei
2627 3072 2909 3139 Christus;
2941 3073 3144 3128 Christi
3175 3088 3326 3138 vero,
3366 3075 3669 3129 rationabi-

2087 3161 2152 3216 hs
2189 3172 2410 3216 natura.

2160 3256 2325 3310 Vens.
2374 3255 2460 3308 I0.
2511 3253 2789 3325 Principes
2833 3257 3150 3325 populorum
3197 3259 3500 3328 congregati
3548 3265 3672 3311 sunt

2088 3364 2208 3400 rum
2243 3348 2346 3400 Deo
2389 3347 2680 3410 Abraham,
2713 3350 2964 3416 quoniam
3002 3347 3098 3402 Dei
3145 3350 3308 3418 fortes
3339 3361 3492 3402 terra:
3519 3353 3673 3402 velte-

2084 3451 2286 3492 meuter
2305 3438 2492 3492 elevati
2518 3449 2664 3501 sunt,
2695 3449 2803 3492 etc.
2833 3438 2932 3502 Qui
2972 3455 3095 3492 cum
3143 3440 3415 3493 Abraham
3446 3454 3673 3508 congre-

2083 3531 2191 3599 gati
2244 3539 2390 3594 Sttul,
2425 3530 2477 3584 hi
2527 3530 2892 3600 cognitionem
2940 3531 3217 3584 Abraham
3279 3531 3504 3585 habent.
3538 3530 3671 3584 Illud

2086 3634 2294 3685 autem,
2325 3639 2344 3672 ι
2381 3620 2698 3690 congregati
2726 3632 2874 3685 sunt,
2902 3640 2918 3670 ι
2941 3620 3143 3675 dictum
3173 3630 3254 3675 cst
3278 3635 3376 3690 pro
3398 3638 3416 3670 ι
3448 3636 3675 3687 congruo

2085 3715 2377 3780 gabuutnr.
2438 3729 2455 3762 ι
2502 3711 2582 3766 Ob
2619 3726 2682 3763 ea
2731 3712 2877 3762 enim
2929 3726 3050 3780 quae
3086 3711 3234 3763 facta
3267 3721 3414 3776 sunt,
3477 3712 3672 3782 inquit,

2085 3803 2361 3873 principes
2407 3801 2648 3856 omnium
2683 3802 2929 3870 gentium
2969 3817 3074 3855 una
3129 3802 3412 3856 nobiscmu
3441 3816 3676 3871 congre-

2085 3897 2194 3965 gati
2231 3893 2522 3947 laudabunt
2560 3892 2752 3949 Deum.

2156 3985 2434 4053 Ejusdem.
2463 3983 2516 4036 Si
2548 3983 2672 4050 quis
2711 3983 2780 4036 sit
2813 3981 2971 4036 fortis
3006 3992 3188 4049 teme,
3241 3983 3425 4053 utique
3465 3983 3556 4038 Dei
3590 3994 3675 4036 est

2084 4076 2174 4130 ille
2209 4093 2221 4128 :
2261 4092 2382 4128 nam
2421 4075 2509 4143 qui
2555 4073 2846 4128 imbecillis
2893 4074 3134 4139 exsistit,
3173 4075 3220 4130 is
3277 4077 3520 4128 nondum
3554 4076 3682 4144 ejus

2080 4176 2184 4222 est.
2233 4165 2414 4220 Fortis
2475 4174 2654 4218 autem
2707 4175 2865 4219 terra:
2919 4175 3003 4220 est
3057 4167 3100 4221 is
3147 4167 3237 4235 qui
3298 4176 3486 4221 contra
3539 4182 3671 4236 pru-

2081 4257 2319 4311 dentiam
2388 4257 2571 4310 carnis
2631 4259 2921 4311 roboratus
2980 4267 3094 4311 est.
3172 4255 3427 4313 Nonnulli
3511 4268 3670 4311 terra:

2081 4353 2253 4407 fortes
2303 4360 2430 4406 sunt
2475 4349 2605 4414 Dei,
2645 4348 2735 4418 qui
2784 4349 3040 4402 nimirum
3079 4365 3184 4403 non
3231 4347 3463 4418 simplici
3510 4352 3679 4402 modo

2081 4445 2278 4503 elevati
2327 4454 2472 4509 sunt,
2504 4443 2600 4498 sed
2635 4442 3026 4508 vehementer;
3076 4458 3182 4496 non
3227 4452 3407 4496 tamen
3436 4455 3678 4510 supete‘

2009 4542 2052 4596 D
2082 4539 2266 4594 leVaII.

2474 4721 2641 4791 716
2685 4716 3008 4774 PSALMUS
3060 4716 3267 4772 XLVII.

2159 4819 2318 4873 Vens.
2354 4816 2412 4870 9.
2471 4813 2700 4883 Magnus
2755 4811 3032 4876 Dominus,
3084 4819 3132 4864 et
3166 4808 3456 4862 ltmdubilis
3488 4808 3676 4873 nimis,

2082 4921 2191 4968 etc.
2221 4909 2320 4966 Ubi
2355 4907 2688 4976 conspicitur
2720 4906 3036 4974 magnitudo
3062 4904 3296 4962 Domini.
3328 4902 3399 4955 ibi
3433 4903 3681 4955 tnaxime

2083 5018 2312 5072 magnus
2339 5011 2393 5055 et
2443 4999 2739 5053 laudabilis
2769 4998 2986 5051 exsistit
3022 4996 3284 5051 Dominus
3309 4995 3513 5049 civitati
3546 4995 3665 5056 Dei,

2083 5100 2150 5150 ab
2181 5097 2246 5149 iis
2279 5096 2370 5164 qui
2419 5095 2470 5146 in
2517 5091 2666 5146 illam
2707 5090 2933 5159 ascripti
2980 5097 3129 5144 sunt.
3165 5089 3298 5143 Cum
3341 5087 3504 5156 igitur
3531 5087 3666 5139 cisi-

2084 5188 2176 5242 tati
2228 5187 2320 5241 Dei
2356 5184 2592 5239 maxime
2625 5197 2856 5252 magnus
2885 5190 2940 5235 et
2984 5181 3272 5237 laudabilis
3299 5180 3528 5234 exsistat
3557 5175 3666 5229 Do-

2082 5495 2134 5541 οι
2160 5483 2373 5537 St'lterltl‘
2399 5481 2608 5536 Gl‘abli.

2148 5556 2260 5634 (64)
2302 5554 2464 5634 “geret
2500 5551 2889 5634 συνάγονται,
2917 5559 3020 5606 etc.
3089 5549 3315 5605 Sehcdtc
3369 5548 3556 5606 Grabii
3608 5558 3664 5606 et

2075 5622 2774 5778 etc.
2807 5694 3011 5750 Catena
3054 5675 3302 5749 Corderil
3343 5701 3399 5746 et
3442 5692 3664 5752 schedaz

2072 5767 2474 5905 l'lilllll."0.rov
2506 5833 2822 5902 θεωρεῖται,
2863 5845 2970 5890 ctc.
3009 5834 3210 5890 Catena
3243 5834 3515 5891 Cordsrii.
