  <div class='ocr_page' id='page_1' title='image "/cluster/home/n/w/nwhite01/storage/ocr_20150623/12:no.2/coo.31924054873074/733.png"; bbox 0 0 4110 6422; ppageno 0'>
   <div class='ocr_carea' id='block_1_1' title="bbox 476 393 609 452">
    <p class='ocr_par' dir='ltr' id='par_1_1' title="bbox 476 393 609 452">
     <span class='ocr_line' id='line_1_1' title="bbox 476 393 609 452; baseline -0.038 -5"><span class='ocrx_word' id='word_1_1' title='bbox 476 399 494 452; x_wconf 81' lang='grc'><strong>1</strong></span> <span class='ocrx_word' id='word_1_2' title='bbox 517 393 609 447; x_wconf 74' lang='grc'>151)</span> 
     </span>
    </p>
   </div>
   <div class='ocr_carea' id='block_1_2' title="bbox 1889 389 2319 448">
    <p class='ocr_par' dir='ltr' id='par_1_2' title="bbox 1889 389 2319 448">
     <span class='ocr_line' id='line_1_2' title="bbox 1889 389 2319 448; baseline -0.002 -1"><span class='ocrx_word' id='word_1_3' title='bbox 1889 392 1977 448; x_wconf 78' lang='lat' dir='ltr'><strong>EX</strong></span> <span class='ocrx_word' id='word_1_4' title='bbox 2019 389 2319 448; x_wconf 82' lang='lat' dir='ltr'><strong>OlllGENE</strong></span> 
     </span>
    </p>
   </div>
   <div class='ocr_carea' id='block_1_3' title="bbox 3595 401 3732 457">
    <p class='ocr_par' dir='ltr' id='par_1_3' title="bbox 3595 401 3732 457">
     <span class='ocr_line' id='line_1_3' title="bbox 3595 401 3732 457; baseline 0.022 -3"><span class='ocrx_word' id='word_1_5' title='bbox 3595 401 3732 457; x_wconf 60' lang='grc'>1640</span> 
     </span>
    </p>
   </div>
   <div class='ocr_carea' id='block_1_4' title="bbox 3479 475 3498 502">
    <p class='ocr_par' dir='ltr' id='par_1_4' title="bbox 3479 475 3498 502">
     <span class='ocr_line' id='line_1_4' title="bbox 3479 475 3498 502; baseline 0 0"><span class='ocrx_word' id='word_1_6' title='bbox 3479 475 3498 502; x_wconf 66' lang='grc' dir='ltr'><em>θ</em></span> 
     </span>
    </p>
   </div>
   <div class='ocr_carea' id='block_1_5' title="bbox 472 507 2032 590">
    <p class='ocr_par' dir='ltr' id='par_1_5' title="bbox 472 513 2032 584">
     <span class='ocr_line' id='line_1_5' title="bbox 472 513 2032 584; baseline -0.004 -12"><span class='ocrx_word' id='word_1_7' title='bbox 472 519 682 582; x_wconf 88' lang='lat' dir='ltr'><strong>minus;</strong></span> <span class='ocrx_word' id='word_1_8' title='bbox 716 516 910 584; x_wconf 77' lang='lat' dir='ltr'><strong>ecquid</strong></span> <span class='ocrx_word' id='word_1_9' title='bbox 940 515 1086 570; x_wconf 97' lang='lat' dir='ltr'><strong>aliud</strong></span> <span class='ocrx_word' id='word_1_10' title='bbox 1121 515 1193 570; x_wconf 89' lang='lat' dir='ltr'><strong>sit</strong></span> <span class='ocrx_word' id='word_1_11' title='bbox 1226 529 1380 569; x_wconf 88' lang='lat' dir='ltr'><strong>mons</strong></span> <span class='ocrx_word' id='word_1_12' title='bbox 1410 521 1631 570; x_wconf 89' lang='lat' dir='ltr'><strong>sanctus</strong></span> <span class='ocrx_word' id='word_1_13' title='bbox 1673 514 1880 568; x_wconf 87' lang='lat' dir='ltr'><strong>Domini</strong></span> <span class='ocrx_word' id='word_1_14' title='bbox 1905 513 2032 566; x_wconf 82' lang='lat' dir='ltr'><strong>bene</strong></span> 
     </span>
    </p>
   </div>
   <div class='ocr_carea' id='block_1_6' title="bbox 2137 507 3730 590">
    <p class='ocr_par' dir='ltr' id='par_1_6' title="bbox 2145 507 3730 590">
     <span class='ocr_line' id='line_1_6' title="bbox 2145 507 3730 590; baseline 0.006 -30"><span class='ocrx_word' id='word_1_15' title='bbox 2145 510 2238 562; x_wconf 74' lang='grc' dir='ltr'><strong>καὶ</strong></span> <span class='ocrx_word' id='word_1_16' title='bbox 2279 507 2490 571; x_wconf 77' lang='grc' dir='ltr'>αἰνετός</span> <span class='ocrx_word' id='word_1_17' title='bbox 2537 508 2682 561; x_wconf 79' lang='grc' dir='ltr'>ἐστιν</span> <span class='ocrx_word' id='word_1_18' title='bbox 2720 510 2748 561; x_wconf 99' lang='lat'><strong>6</strong></span> <span class='ocrx_word' id='word_1_19' title='bbox 2783 508 3005 580; x_wconf 77' lang='grc' dir='ltr'>Κύριος,</span> <span class='ocrx_word' id='word_1_20' title='bbox 3037 509 3130 563; x_wconf 76' lang='grc' dir='ltr'><strong>καὶ</strong></span> <span class='ocrx_word' id='word_1_21' title='bbox 3160 512 3213 564; x_wconf 79' lang='grc' dir='ltr'><strong>τί</strong></span> <span class='ocrx_word' id='word_1_22' title='bbox 3250 511 3306 566; x_wconf 86' lang='grc' dir='ltr'><strong>δὲ</strong></span> <span class='ocrx_word' id='word_1_23' title='bbox 3355 513 3485 568; x_wconf 84' lang='grc' dir='ltr'>ἄλλο</span> <span class='ocrx_word' id='word_1_24' title='bbox 3535 509 3601 569; x_wconf 78' lang='grc' dir='ltr'><strong>ἂν</strong></span> <span class='ocrx_word' id='word_1_25' title='bbox 3643 521 3730 590; x_wconf 70' lang='grc' dir='ltr'><strong>εἴη</strong></span> 
     </span>
    </p>
   </div>
   <div class='ocr_carea' id='block_1_7' title="bbox 473 607 2038 676">
    <p class='ocr_par' dir='ltr' id='par_1_7' title="bbox 473 607 2038 676">
     <span class='ocr_line' id='line_1_7' title="bbox 473 607 2038 676; baseline -0.003 -15"><span class='ocrx_word' id='word_1_26' title='bbox 473 611 724 663; x_wconf 82' lang='lat' dir='ltr'><strong>radicans</strong></span> <span class='ocrx_word' id='word_1_27' title='bbox 752 610 1188 672; x_wconf 82' lang='lat' dir='ltr'><strong>exsultationem,</strong></span> <span class='ocrx_word' id='word_1_28' title='bbox 1223 625 1328 662; x_wconf 92' lang='lat' dir='ltr'><strong>non</strong></span> <span class='ocrx_word' id='word_1_29' title='bbox 1360 608 1533 662; x_wconf 87' lang='lat' dir='ltr'><strong>solum</strong></span> <span class='ocrx_word' id='word_1_30' title='bbox 1581 607 1770 676; x_wconf 78' lang='lat' dir='ltr'><strong>partis,</strong></span> <span class='ocrx_word' id='word_1_31' title='bbox 1792 608 1884 660; x_wconf 88' lang='lat' dir='ltr'><strong>sed</strong></span> <span class='ocrx_word' id='word_1_32' title='bbox 1918 607 2038 657; x_wconf 91' lang='lat' dir='ltr'><strong>nni-</strong></span> 
     </span>
    </p>
   </div>
   <div class='ocr_carea' id='block_1_8' title="bbox 467 698 2038 770">
    <p class='ocr_par' dir='ltr' id='par_1_8' title="bbox 467 698 2038 770">
     <span class='ocr_line' id='line_1_8' title="bbox 467 698 2038 770; baseline -0.001 -18"><span class='ocrx_word' id='word_1_33' title='bbox 467 717 641 756; x_wconf 76' lang='lat' dir='ltr'><strong>versa:</strong></span> <span class='ocrx_word' id='word_1_34' title='bbox 695 711 876 765; x_wconf 72' lang='lat' dir='ltr'><strong>terrm,</strong></span> <span class='ocrx_word' id='word_1_35' title='bbox 924 717 1085 770; x_wconf 88' lang='lat' dir='ltr'><strong>quam</strong></span> <span class='ocrx_word' id='word_1_36' title='bbox 1123 701 1376 754; x_wconf 75' lang='lat' dir='ltr'><strong>Christus</strong></span> <span class='ocrx_word' id='word_1_37' title='bbox 1417 701 1691 754; x_wconf 89' lang='lat' dir='ltr'><strong>radicalus</strong></span> <span class='ocrx_word' id='word_1_38' title='bbox 1737 698 1789 752; x_wconf 92' lang='lat' dir='ltr'><strong>in</strong></span> <span class='ocrx_word' id='word_1_39' title='bbox 1841 699 2038 761; x_wconf 83' lang='lat' dir='ltr'><strong>Patre;</strong></span> 
     </span>
    </p>
   </div>
   <div class='ocr_carea' id='block_1_9' title="bbox 467 790 2044 858">
    <p class='ocr_par' dir='ltr' id='par_1_9' title="bbox 467 790 2044 858">
     <span class='ocr_line' id='line_1_9' title="bbox 467 790 2044 858; baseline -0.002 -13"><span class='ocrx_word' id='word_1_40' title='bbox 467 791 522 845; x_wconf 88' lang='lat' dir='ltr'><strong>in</strong></span> <span class='ocrx_word' id='word_1_41' title='bbox 572 790 729 858; x_wconf 84' lang='lat' dir='ltr'><strong>cujus</strong></span> <span class='ocrx_word' id='word_1_42' title='bbox 761 793 996 846; x_wconf 84' lang='lat' dir='ltr'><strong>adventu</strong></span> <span class='ocrx_word' id='word_1_43' title='bbox 1045 791 1340 845; x_wconf 63' lang='lat' dir='ltr'><strong>exsultavit</strong></span> <span class='ocrx_word' id='word_1_44' title='bbox 1389 791 1642 844; x_wconf 82' lang='lat' dir='ltr'><strong>universa</strong></span> <span class='ocrx_word' id='word_1_45' title='bbox 1697 801 1838 843; x_wconf 84' lang='lat' dir='ltr'><strong>terra</strong></span> <span class='ocrx_word' id='word_1_46' title='bbox 1867 831 1882 854; x_wconf 93' lang='lat'><strong>,</strong></span> <span class='ocrx_word' id='word_1_47' title='bbox 1927 805 2044 853; x_wconf 89' lang='lat' dir='ltr'><strong>pro-</strong></span> 
     </span>
    </p>
   </div>
   <div class='ocr_carea' id='block_1_10' title="bbox 467 881 2044 952">
    <p class='ocr_par' dir='ltr' id='par_1_10' title="bbox 467 881 2044 952">
     <span class='ocr_line' id='line_1_10' title="bbox 467 881 2044 952; baseline 0.001 -17"><span class='ocrx_word' id='word_1_48' title='bbox 467 895 588 952; x_wconf 71' lang='lat' dir='ltr'><strong>pter</strong></span> <span class='ocrx_word' id='word_1_49' title='bbox 643 883 912 940; x_wconf 71' lang='lat' dir='ltr'><strong>Ecclesias</strong></span> <span class='ocrx_word' id='word_1_50' title='bbox 969 883 1058 936; x_wconf 84' lang='lat' dir='ltr'><strong>Dei</strong></span> <span class='ocrx_word' id='word_1_51' title='bbox 1127 884 1328 952; x_wconf 88' lang='lat' dir='ltr'><strong>ubique</strong></span> <span class='ocrx_word' id='word_1_52' title='bbox 1387 893 1657 937; x_wconf 89' lang='lat' dir='ltr'><strong>terrarum</strong></span> <span class='ocrx_word' id='word_1_53' title='bbox 1717 883 1768 935; x_wconf 92' lang='lat' dir='ltr'><strong>in</strong></span> <span class='ocrx_word' id='word_1_54' title='bbox 1828 881 2044 936; x_wconf 88' lang='lat' dir='ltr'><strong>nomine</strong></span> 
     </span>
    </p>
   </div>
   <div class='ocr_carea' id='block_1_11' title="bbox 467 973 2035 1042">
    <p class='ocr_par' dir='ltr' id='par_1_11' title="bbox 467 973 2035 1042">
     <span class='ocr_line' id='line_1_11' title="bbox 467 973 2035 1042; baseline -0.003 -14"><span class='ocrx_word' id='word_1_55' title='bbox 467 977 583 1042; x_wconf 62' lang='lat' dir='ltr'><strong>(‘jtts</strong></span> <span class='ocrx_word' id='word_1_56' title='bbox 610 975 982 1029; x_wconf 85' lang='lat' dir='ltr'><strong>constitutas?</strong></span> <span class='ocrx_word' id='word_1_57' title='bbox 1033 975 1194 1028; x_wconf 80' lang='lat' dir='ltr'><strong>Forte</strong></span> <span class='ocrx_word' id='word_1_58' title='bbox 1225 990 1328 1028; x_wconf 91' lang='lat' dir='ltr'><strong>non</strong></span> <span class='ocrx_word' id='word_1_59' title='bbox 1379 983 1462 1028; x_wconf 86' lang='lat' dir='ltr'><strong>est</strong></span> <span class='ocrx_word' id='word_1_60' title='bbox 1497 992 1516 1024; x_wconf 79' lang='grc' dir='ltr'><strong>ι</strong></span> <span class='ocrx_word' id='word_1_61' title='bbox 1570 974 1706 1027; x_wconf 96' lang='lat' dir='ltr'><strong>bene</strong></span> <span class='ocrx_word' id='word_1_62' title='bbox 1737 973 2035 1038; x_wconf 50' lang='lat' dir='ltr'><strong>radicansn</strong></span> 
     </span>
    </p>
   </div>
   <div class='ocr_carea' id='block_1_12' title="bbox 469 1064 2035 1136">
    <p class='ocr_par' dir='ltr' id='par_1_12' title="bbox 469 1064 2035 1136">
     <span class='ocr_line' id='line_1_12' title="bbox 469 1064 2035 1136; baseline -0.002 -17"><span class='ocrx_word' id='word_1_63' title='bbox 469 1067 593 1136; x_wconf 79' lang='lat' dir='ltr'><strong>(hoc</strong></span> <span class='ocrx_word' id='word_1_64' title='bbox 629 1067 771 1120; x_wconf 86' lang='lat' dir='ltr'><strong>enim</strong></span> <span class='ocrx_word' id='word_1_65' title='bbox 806 1067 994 1134; x_wconf 90' lang='lat' dir='ltr'><strong>nequit</strong></span> <span class='ocrx_word' id='word_1_66' title='bbox 1027 1065 1278 1134; x_wconf 80' lang='lat' dir='ltr'><strong>intelligi)</strong></span> <span class='ocrx_word' id='word_1_67' title='bbox 1313 1067 1410 1120; x_wconf 87' lang='lat' dir='ltr'><strong>sed</strong></span> <span class='ocrx_word' id='word_1_68' title='bbox 1464 1083 1482 1116; x_wconf 83' lang='grc' dir='ltr'><strong>ι</strong></span> <span class='ocrx_word' id='word_1_69' title='bbox 1537 1067 1672 1118; x_wconf 88' lang='lat' dir='ltr'><strong>bene</strong></span> <span class='ocrx_word' id='word_1_70' title='bbox 1721 1064 1979 1128; x_wconf 84' lang='lat' dir='ltr'><strong>radicato,</strong></span> <span class='ocrx_word' id='word_1_71' title='bbox 2017 1084 2035 1116; x_wconf 76' lang='grc' dir='ltr'><strong>ι</strong></span> 
     </span>
    </p>
   </div>
   <div class='ocr_carea' id='block_1_13' title="bbox 468 1156 2042 1227">
    <p class='ocr_par' dir='ltr' id='par_1_13' title="bbox 468 1156 2042 1227">
     <span class='ocr_line' id='line_1_13' title="bbox 468 1156 2042 1227; baseline 0.001 -16"><span class='ocrx_word' id='word_1_72' title='bbox 468 1167 678 1227; x_wconf 78' lang='lat' dir='ltr'><strong>utpote,</strong></span> <span class='ocrx_word' id='word_1_73' title='bbox 720 1159 1001 1227; x_wconf 78' lang='lat' dir='ltr'><strong>pulchram</strong></span> <span class='ocrx_word' id='word_1_74' title='bbox 1051 1157 1289 1212; x_wconf 84' lang='lat' dir='ltr'><strong>radicem</strong></span> <span class='ocrx_word' id='word_1_75' title='bbox 1323 1156 1565 1222; x_wconf 78' lang='lat' dir='ltr'><strong>habenti,</strong></span> <span class='ocrx_word' id='word_1_76' title='bbox 1597 1171 1718 1225; x_wconf 65' lang='lat' dir='ltr'><strong>qua:</strong></span> <span class='ocrx_word' id='word_1_77' title='bbox 1777 1171 1928 1210; x_wconf 85' lang='lat' dir='ltr'><strong>ramo</strong></span> <span class='ocrx_word' id='word_1_78' title='bbox 1965 1171 2042 1212; x_wconf 85' lang='lat' dir='ltr'><strong>re-</strong></span> 
     </span>
    </p>
   </div>
   <div class='ocr_carea' id='block_1_14' title="bbox 466 1251 750 1319">
    <p class='ocr_par' dir='ltr' id='par_1_14' title="bbox 466 1251 750 1319">
     <span class='ocr_line' id='line_1_14' title="bbox 466 1251 750 1319; baseline -0.004 -15"><span class='ocrx_word' id='word_1_79' title='bbox 466 1251 750 1319; x_wconf 81' lang='lat' dir='ltr'><strong>Spondeat.</strong></span> 
     </span>
    </p>
   </div>
   <div class='ocr_carea' id='block_1_15' title="bbox 541 1338 2036 1405">
    <p class='ocr_par' dir='ltr' id='par_1_15' title="bbox 541 1338 2036 1405">
     <span class='ocr_line' id='line_1_15' title="bbox 541 1338 2036 1405; baseline 0.003 -18"><span class='ocrx_word' id='word_1_80' title='bbox 541 1338 698 1393; x_wconf 72' lang='lat' dir='ltr'><strong>\‘eus.</strong></span> <span class='ocrx_word' id='word_1_81' title='bbox 733 1339 788 1393; x_wconf 82' lang='grc'>5.</span> <span class='ocrx_word' id='word_1_82' title='bbox 829 1338 1123 1393; x_wconf 81' lang='lat' dir='ltr'><strong>Fundatur</strong></span> <span class='ocrx_word' id='word_1_83' title='bbox 1163 1341 1514 1392; x_wconf 70' lang='lat' dir='ltr'><strong>exsultatione</strong></span> <span class='ocrx_word' id='word_1_84' title='bbox 1559 1342 1815 1392; x_wconf 69' lang='lat' dir='ltr'><strong>universa:</strong></span> <span class='ocrx_word' id='word_1_85' title='bbox 1861 1350 2036 1405; x_wconf 71' lang='lat' dir='ltr'><strong>terrm,</strong></span> 
     </span>
    </p>
   </div>
   <div class='ocr_carea' id='block_1_16' title="bbox 463 1429 2035 1502">
    <p class='ocr_par' dir='ltr' id='par_1_16' title="bbox 463 1429 2035 1502">
     <span class='ocr_line' id='line_1_16' title="bbox 463 1429 2035 1502; baseline 0.003 -20"><span class='ocrx_word' id='word_1_86' title='bbox 463 1447 613 1485; x_wconf 84' lang='lat' dir='ltr'><strong>mons</strong></span> <span class='ocrx_word' id='word_1_87' title='bbox 639 1429 790 1496; x_wconf 85' lang='lat' dir='ltr'><strong>Sion,</strong></span> <span class='ocrx_word' id='word_1_88' title='bbox 812 1433 982 1487; x_wconf 84' lang='lat' dir='ltr'><strong>lutcra</strong></span> <span class='ocrx_word' id='word_1_89' title='bbox 1012 1432 1312 1500; x_wconf 75' lang='lat' dir='ltr'><strong>Aquilonis,</strong></span> <span class='ocrx_word' id='word_1_90' title='bbox 1336 1433 1518 1484; x_wconf 78' lang='lat' dir='ltr'><strong>civitas</strong></span> <span class='ocrx_word' id='word_1_91' title='bbox 1541 1434 1680 1502; x_wconf 80' lang='lat' dir='ltr'><strong>regis</strong></span> <span class='ocrx_word' id='word_1_92' title='bbox 1707 1434 1904 1500; x_wconf 82' lang='lat' dir='ltr'><strong>magni,</strong></span> <span class='ocrx_word' id='word_1_93' title='bbox 1929 1444 2035 1487; x_wconf 86' lang='lat' dir='ltr'><strong>etc.</strong></span> 
     </span>
    </p>
   </div>
   <div class='ocr_carea' id='block_1_17' title="bbox 462 1520 2038 1578">
    <p class='ocr_par' dir='ltr' id='par_1_17' title="bbox 462 1520 2038 1578">
     <span class='ocr_line' id='line_1_17' title="bbox 462 1520 2038 1578; baseline 0.003 -5"><span class='ocrx_word' id='word_1_94' title='bbox 462 1520 609 1574; x_wconf 84' lang='lat' dir='ltr'><strong>Bene</strong></span> <span class='ocrx_word' id='word_1_95' title='bbox 647 1524 887 1577; x_wconf 75' lang='lat' dir='ltr'><strong>radicula</strong></span> <span class='ocrx_word' id='word_1_96' title='bbox 920 1523 1215 1577; x_wconf 77' lang='lat' dir='ltr'><strong>exsultatio</strong></span> <span class='ocrx_word' id='word_1_97' title='bbox 1259 1533 1343 1576; x_wconf 91' lang='lat' dir='ltr'><strong>est</strong></span> <span class='ocrx_word' id='word_1_98' title='bbox 1367 1524 1636 1578; x_wconf 86' lang='lat' dir='ltr'><strong>Christus.</strong></span> <span class='ocrx_word' id='word_1_99' title='bbox 1677 1541 1696 1574; x_wconf 82' lang='grc' dir='ltr'><strong>ι</strong></span> <span class='ocrx_word' id='word_1_100' title='bbox 1737 1523 2038 1578; x_wconf 71' lang='lat' dir='ltr'><strong>Exsultalio</strong></span> 
     </span>
    </p>
   </div>
   <div class='ocr_carea' id='block_1_18' title="bbox 463 1611 2032 1682">
    <p class='ocr_par' dir='ltr' id='par_1_18' title="bbox 463 1611 2032 1682">
     <span class='ocr_line' id='line_1_18' title="bbox 463 1611 2032 1682; baseline 0.003 -19"><span class='ocrx_word' id='word_1_101' title='bbox 463 1611 608 1664; x_wconf 84' lang='lat' dir='ltr'><strong>cnim</strong></span> <span class='ocrx_word' id='word_1_102' title='bbox 640 1627 778 1678; x_wconf 86' lang='lat' dir='ltr'><strong>mea,</strong></span> <span class='ocrx_word' id='word_1_103' title='bbox 817 1614 1186 1682; x_wconf 65' lang='lat' dir='ltr'><strong>inquit3.erue</strong></span> <span class='ocrx_word' id='word_1_104' title='bbox 1210 1629 1294 1667; x_wconf 91' lang='lat' dir='ltr'><strong>me</strong></span> <span class='ocrx_word' id='word_1_105' title='bbox 1322 1629 1350 1668; x_wconf 89' lang='lat' dir='ltr'><strong>a</strong></span> <span class='ocrx_word' id='word_1_106' title='bbox 1379 1614 1840 1668; x_wconf 81' lang='lat' dir='ltr'><strong>circunnlantilms</strong></span> <span class='ocrx_word' id='word_1_107' title='bbox 1873 1630 1978 1670; x_wconf 86' lang='lat' dir='ltr'><strong>me.</strong></span> <span class='ocrx_word' id='word_1_108' title='bbox 2014 1635 2032 1667; x_wconf 74' lang='grc' dir='ltr'><strong>ι</strong></span> 
     </span>
    </p>
   </div>
   <div class='ocr_carea' id='block_1_19' title="bbox 463 1701 2037 1778">
    <p class='ocr_par' dir='ltr' id='par_1_19' title="bbox 463 1701 2037 1778">
     <span class='ocr_line' id='line_1_19' title="bbox 463 1701 2037 1778; baseline 0.004 -22"><span class='ocrx_word' id='word_1_109' title='bbox 463 1701 636 1757; x_wconf 78' lang='lat' dir='ltr'><strong>Radix</strong></span> <span class='ocrx_word' id='word_1_110' title='bbox 683 1714 864 1761; x_wconf 89' lang='lat' dir='ltr'><strong>autem</strong></span> <span class='ocrx_word' id='word_1_111' title='bbox 913 1707 1030 1776; x_wconf 82' lang='lat' dir='ltr'><strong>ejus</strong></span> <span class='ocrx_word' id='word_1_112' title='bbox 1075 1715 1160 1761; x_wconf 89' lang='lat' dir='ltr'><strong>est</strong></span> <span class='ocrx_word' id='word_1_113' title='bbox 1207 1707 1348 1762; x_wconf 90' lang='lat' dir='ltr'><strong>Deus</strong></span> <span class='ocrx_word' id='word_1_114' title='bbox 1383 1705 1618 1760; x_wconf 88' lang='lat' dir='ltr'><strong>Verbum</strong></span> <span class='ocrx_word' id='word_1_115' title='bbox 1655 1709 1796 1777; x_wconf 90' lang='lat' dir='ltr'><strong>quod</strong></span> <span class='ocrx_word' id='word_1_116' title='bbox 1835 1709 1885 1762; x_wconf 94' lang='lat' dir='ltr'><strong>in</strong></span> <span class='ocrx_word' id='word_1_117' title='bbox 1922 1709 2037 1778; x_wconf 90' lang='lat' dir='ltr'><strong>ipso</strong></span> 
     </span>
    </p>
   </div>
   <div class='ocr_carea' id='block_1_20' title="bbox 461 1806 564 1849">
    <p class='ocr_par' dir='ltr' id='par_1_20' title="bbox 461 1806 564 1849">
     <span class='ocr_line' id='line_1_20' title="bbox 461 1806 564 1849; baseline 0 -1"><span class='ocrx_word' id='word_1_118' title='bbox 461 1806 564 1849; x_wconf 75' lang='lat' dir='ltr'><strong>CSI.</strong></span> 
     </span>
    </p>
   </div>
   <div class='ocr_carea' id='block_1_21' title="bbox 527 1884 2038 1958">
    <p class='ocr_par' dir='ltr' id='par_1_21' title="bbox 527 1884 2038 1958">
     <span class='ocr_line' id='line_1_21' title="bbox 527 1884 2038 1958; baseline 0.004 -20"><span class='ocrx_word' id='word_1_119' title='bbox 527 1884 808 1956; x_wconf 79' lang='lat' dir='ltr'><strong>Ejusdem.</strong></span> <span class='ocrx_word' id='word_1_120' title='bbox 863 1887 1074 1942; x_wconf 81' lang='lat' dir='ltr'><strong>Montes</strong></span> <span class='ocrx_word' id='word_1_121' title='bbox 1121 1887 1272 1951; x_wconf 88' lang='lat' dir='ltr'><strong>Sion,</strong></span> <span class='ocrx_word' id='word_1_122' title='bbox 1319 1887 1485 1942; x_wconf 82' lang='lat' dir='ltr'><strong>latera</strong></span> <span class='ocrx_word' id='word_1_123' title='bbox 1549 1889 1852 1958; x_wconf 83' lang='lat' dir='ltr'><strong>Aquilonis,</strong></span> <span class='ocrx_word' id='word_1_124' title='bbox 1903 1891 2038 1944; x_wconf 84' lang='lat' dir='ltr'><strong>civi-</strong></span> 
     </span>
    </p>
   </div>
   <div class='ocr_carea' id='block_1_22' title="bbox 459 1979 2037 2051">
    <p class='ocr_par' dir='ltr' id='par_1_22' title="bbox 459 1979 2037 2051">
     <span class='ocr_line' id='line_1_22' title="bbox 459 1979 2037 2051; baseline 0.003 -21"><span class='ocrx_word' id='word_1_125' title='bbox 459 1985 545 2031; x_wconf 82' lang='lat' dir='ltr'><strong>tas</strong></span> <span class='ocrx_word' id='word_1_126' title='bbox 575 1987 660 2032; x_wconf 83' lang='lat' dir='ltr'><strong>est</strong></span> <span class='ocrx_word' id='word_1_127' title='bbox 691 1981 872 2051; x_wconf 85' lang='lat' dir='ltr'><strong>magni</strong></span> <span class='ocrx_word' id='word_1_128' title='bbox 901 1979 1062 2046; x_wconf 77' lang='lat' dir='ltr'><strong>regis.</strong></span> <span class='ocrx_word' id='word_1_129' title='bbox 1097 1979 1406 2034; x_wconf 85' lang='lat' dir='ltr'><strong>Secundum</strong></span> <span class='ocrx_word' id='word_1_130' title='bbox 1444 1981 1544 2036; x_wconf 90' lang='lat' dir='ltr'><strong>hoc</strong></span> <span class='ocrx_word' id='word_1_131' title='bbox 1574 1991 1750 2050; x_wconf 88' lang='lat' dir='ltr'><strong>potest</strong></span> <span class='ocrx_word' id='word_1_132' title='bbox 1777 1983 1828 2035; x_wconf 94' lang='lat' dir='ltr'><strong>in</strong></span> <span class='ocrx_word' id='word_1_133' title='bbox 1863 1981 2037 2035; x_wconf 78' lang='lat' dir='ltr'><strong>Evan-</strong></span> 
     </span>
    </p>
   </div>
   <div class='ocr_carea' id='block_1_23' title="bbox 461 2066 2034 2138">
    <p class='ocr_par' dir='ltr' id='par_1_23' title="bbox 461 2066 2034 2138">
     <span class='ocr_line' id='line_1_23' title="bbox 461 2066 2034 2138; baseline 0.001 -20"><span class='ocrx_word' id='word_1_134' title='bbox 461 2066 604 2134; x_wconf 71' lang='lat' dir='ltr'><strong>gelio</strong></span> <span class='ocrx_word' id='word_1_135' title='bbox 638 2068 778 2122; x_wconf 88' lang='lat' dir='ltr'><strong>dicta</strong></span> <span class='ocrx_word' id='word_1_136' title='bbox 808 2083 928 2122; x_wconf 86' lang='lat' dir='ltr'><strong>esse</strong></span> <span class='ocrx_word' id='word_1_137' title='bbox 961 2067 1302 2138; x_wconf 83' lang='lat' dir='ltr'><strong>.Ierosolyma</strong></span> <span class='ocrx_word' id='word_1_138' title='bbox 1344 2069 1522 2136; x_wconf 84' lang='lat' dir='ltr'><strong>magni</strong></span> <span class='ocrx_word' id='word_1_139' title='bbox 1555 2068 1732 2138; x_wconf 82' lang='lat' dir='ltr'><strong>regis;</strong></span> <span class='ocrx_word' id='word_1_140' title='bbox 1788 2067 1862 2121; x_wconf 92' lang='lat' dir='ltr'><strong>uti</strong></span> <span class='ocrx_word' id='word_1_141' title='bbox 1901 2067 1986 2121; x_wconf 83' lang='lat' dir='ltr'><strong>hic</strong></span> <span class='ocrx_word' id='word_1_142' title='bbox 2019 2082 2034 2120; x_wconf 87' lang='lat'><strong>:</strong></span> 
     </span>
    </p>
   </div>
   <div class='ocr_carea' id='block_1_24' title="bbox 463 2158 2034 2230">
    <p class='ocr_par' dir='ltr' id='par_1_24' title="bbox 463 2158 2034 2230">
     <span class='ocr_line' id='line_1_24' title="bbox 463 2158 2034 2230; baseline 0.001 -21"><span class='ocrx_word' id='word_1_143' title='bbox 463 2175 488 2209; x_wconf 73' lang='grc' dir='ltr'><strong>ι</strong></span> <span class='ocrx_word' id='word_1_144' title='bbox 525 2158 732 2213; x_wconf 81' lang='lat' dir='ltr'><strong>Montes</strong></span> <span class='ocrx_word' id='word_1_145' title='bbox 768 2159 919 2223; x_wconf 88' lang='lat' dir='ltr'><strong>Sion,</strong></span> <span class='ocrx_word' id='word_1_146' title='bbox 958 2161 1127 2214; x_wconf 90' lang='lat' dir='ltr'><strong>latera</strong></span> <span class='ocrx_word' id='word_1_147' title='bbox 1167 2159 1475 2230; x_wconf 81' lang='lat' dir='ltr'><strong>Aquilonis,</strong></span> <span class='ocrx_word' id='word_1_148' title='bbox 1507 2160 1704 2214; x_wconf 76' lang='lat' dir='ltr'><strong>civitas</strong></span> <span class='ocrx_word' id='word_1_149' title='bbox 1741 2159 1882 2228; x_wconf 77' lang='lat' dir='ltr'><strong>regis</strong></span> <span class='ocrx_word' id='word_1_150' title='bbox 1917 2175 2034 2211; x_wconf 88' lang='lat' dir='ltr'><strong>ma-</strong></span> 
     </span>
    </p>
   </div>
   <div class='ocr_carea' id='block_1_25' title="bbox 460 2249 2034 2322">
    <p class='ocr_par' dir='ltr' id='par_1_25' title="bbox 460 2249 2034 2322">
     <span class='ocr_line' id='line_1_25' title="bbox 460 2249 2034 2322; baseline 0 -20"><span class='ocrx_word' id='word_1_151' title='bbox 460 2250 571 2318; x_wconf 69' lang='lat' dir='ltr'><strong>gni.</strong></span> <span class='ocrx_word' id='word_1_152' title='bbox 609 2269 626 2300; x_wconf 74' lang='grc' dir='ltr'><strong>ι</strong></span> <span class='ocrx_word' id='word_1_153' title='bbox 663 2249 1130 2316; x_wconf 84' lang='lat' dir='ltr'><strong>Quemadmodum</strong></span> <span class='ocrx_word' id='word_1_154' title='bbox 1171 2261 1351 2305; x_wconf 89' lang='lat' dir='ltr'><strong>autem</strong></span> <span class='ocrx_word' id='word_1_155' title='bbox 1385 2266 1611 2322; x_wconf 82' lang='lat' dir='ltr'><strong>magnus</strong></span> <span class='ocrx_word' id='word_1_156' title='bbox 1661 2251 1918 2304; x_wconf 83' lang='lat' dir='ltr'><strong>sacerdos</strong></span> <span class='ocrx_word' id='word_1_157' title='bbox 1951 2249 2034 2302; x_wconf 89' lang='lat' dir='ltr'><strong>di-</strong></span> 
     </span>
    </p>
   </div>
   <div class='ocr_carea' id='block_1_26' title="bbox 455 2341 2032 2412">
    <p class='ocr_par' dir='ltr' id='par_1_26' title="bbox 455 2341 2032 2412">
     <span class='ocr_line' id='line_1_26' title="bbox 455 2341 2032 2412; baseline 0 -18"><span class='ocrx_word' id='word_1_158' title='bbox 455 2341 602 2395; x_wconf 87' lang='lat' dir='ltr'><strong>citur</strong></span> <span class='ocrx_word' id='word_1_159' title='bbox 636 2343 702 2395; x_wconf 82' lang='lat' dir='ltr'><strong>ad</strong></span> <span class='ocrx_word' id='word_1_160' title='bbox 749 2342 1113 2398; x_wconf 81' lang='lat' dir='ltr'><strong>diﬂ&#39;erentiam</strong></span> <span class='ocrx_word' id='word_1_161' title='bbox 1166 2345 1458 2398; x_wconf 86' lang='lat' dir='ltr'><strong>sacerdotii</strong></span> <span class='ocrx_word' id='word_1_162' title='bbox 1511 2345 1612 2398; x_wconf 91' lang='lat' dir='ltr'><strong>sub</strong></span> <span class='ocrx_word' id='word_1_163' title='bbox 1660 2343 1776 2412; x_wconf 88' lang='lat' dir='ltr'><strong>ipso</strong></span> <span class='ocrx_word' id='word_1_164' title='bbox 1825 2342 2032 2396; x_wconf 83' lang='lat' dir='ltr'><strong>consti-</strong></span> 
     </span>
    </p>
   </div>
   <div class='ocr_carea' id='block_1_27' title="bbox 457 2432 2032 2504">
    <p class='ocr_par' dir='ltr' id='par_1_27' title="bbox 457 2432 2032 2504">
     <span class='ocr_line' id='line_1_27' title="bbox 457 2432 2032 2504; baseline 0.001 -23"><span class='ocrx_word' id='word_1_165' title='bbox 457 2432 590 2498; x_wconf 88' lang='lat' dir='ltr'><strong>tuti;</strong></span> <span class='ocrx_word' id='word_1_166' title='bbox 641 2432 721 2486; x_wconf 89' lang='lat' dir='ltr'><strong>sie</strong></span> <span class='ocrx_word' id='word_1_167' title='bbox 745 2433 910 2487; x_wconf 87' lang='lat' dir='ltr'><strong>etiam</strong></span> <span class='ocrx_word' id='word_1_168' title='bbox 945 2449 1176 2504; x_wconf 80' lang='lat' dir='ltr'><strong>magnus</strong></span> <span class='ocrx_word' id='word_1_169' title='bbox 1204 2449 1296 2490; x_wconf 77' lang='lat' dir='ltr'><strong>rex</strong></span> <span class='ocrx_word' id='word_1_170' title='bbox 1340 2451 1353 2490; x_wconf 92' lang='lat'><strong>:</strong></span> <span class='ocrx_word' id='word_1_171' title='bbox 1388 2449 1478 2488; x_wconf 83' lang='lat' dir='ltr'><strong>rex</strong></span> <span class='ocrx_word' id='word_1_172' title='bbox 1511 2433 1656 2488; x_wconf 89' lang='lat' dir='ltr'><strong>enim</strong></span> <span class='ocrx_word' id='word_1_173' title='bbox 1681 2442 1768 2487; x_wconf 82' lang='lat' dir='ltr'><strong>est</strong></span> <span class='ocrx_word' id='word_1_174' title='bbox 1799 2447 2032 2500; x_wconf 83' lang='lat' dir='ltr'><strong>regnan-</strong></span> 
     </span>
    </p>
   </div>
   <div class='ocr_carea' id='block_1_28' title="bbox 453 2523 609 2578">
    <p class='ocr_par' dir='ltr' id='par_1_28' title="bbox 453 2523 609 2578">
     <span class='ocr_line' id='line_1_28' title="bbox 453 2523 609 2578; baseline 0.006 -1"><span class='ocrx_word' id='word_1_175' title='bbox 453 2523 609 2578; x_wconf 85' lang='lat' dir='ltr'><strong>tium.</strong></span> 
     </span>
    </p>
   </div>
   <div class='ocr_carea' id='block_1_29' title="bbox 527 2699 2032 2773">
    <p class='ocr_par' dir='ltr' id='par_1_29' title="bbox 527 2699 2032 2773">
     <span class='ocr_line' id='line_1_29' title="bbox 527 2699 2032 2773; baseline 0.001 -21"><span class='ocrx_word' id='word_1_176' title='bbox 527 2699 688 2754; x_wconf 69' lang='lat' dir='ltr'><strong>Van.</strong></span> <span class='ocrx_word' id='word_1_177' title='bbox 709 2701 760 2755; x_wconf 82' lang='lat'><strong>5.</strong></span> <span class='ocrx_word' id='word_1_178' title='bbox 789 2702 1051 2768; x_wconf 83' lang='lat' dir='ltr'><strong>Quoniam</strong></span> <span class='ocrx_word' id='word_1_179' title='bbox 1075 2721 1190 2758; x_wconf 78' lang='lat' dir='ltr'><strong>ecre</strong></span> <span class='ocrx_word' id='word_1_180' title='bbox 1218 2721 1356 2773; x_wconf 79' lang='lat' dir='ltr'><strong>reges</strong></span> <span class='ocrx_word' id='word_1_181' title='bbox 1379 2713 1532 2758; x_wconf 80' lang='lat' dir='ltr'><strong>terra:</strong></span> <span class='ocrx_word' id='word_1_182' title='bbox 1557 2702 1858 2772; x_wconf 78' lang='lat' dir='ltr'><strong>congregati</strong></span> <span class='ocrx_word' id='word_1_183' title='bbox 1887 2711 2032 2764; x_wconf 80' lang='lat' dir='ltr'><strong>stmt,</strong></span> 
     </span>
    </p>
   </div>
   <div class='ocr_carea' id='block_1_30' title="bbox 449 2791 2032 2862">
    <p class='ocr_par' dir='ltr' id='par_1_30' title="bbox 449 2791 2032 2862">
     <span class='ocr_line' id='line_1_30' title="bbox 449 2791 2032 2862; baseline 0.001 -18"><span class='ocrx_word' id='word_1_184' title='bbox 449 2801 558 2844; x_wconf 80' lang='lat' dir='ltr'><strong>etc.</strong></span> <span class='ocrx_word' id='word_1_185' title='bbox 615 2791 682 2846; x_wconf 89' lang='lat' dir='ltr'><strong>Ut</strong></span> <span class='ocrx_word' id='word_1_186' title='bbox 738 2794 877 2846; x_wconf 85' lang='lat' dir='ltr'><strong>idem</strong></span> <span class='ocrx_word' id='word_1_187' title='bbox 909 2795 1095 2849; x_wconf 85' lang='lat' dir='ltr'><strong>dicant</strong></span> <span class='ocrx_word' id='word_1_188' title='bbox 1138 2811 1349 2862; x_wconf 86' lang='lat' dir='ltr'><strong>omnes,</strong></span> <span class='ocrx_word' id='word_1_189' title='bbox 1401 2806 1456 2848; x_wconf 88' lang='lat' dir='ltr'><strong>et</strong></span> <span class='ocrx_word' id='word_1_190' title='bbox 1493 2811 1598 2849; x_wconf 88' lang='lat' dir='ltr'><strong>non</strong></span> <span class='ocrx_word' id='word_1_191' title='bbox 1649 2795 1759 2848; x_wconf 89' lang='lat' dir='ltr'><strong>sint</strong></span> <span class='ocrx_word' id='word_1_192' title='bbox 1811 2794 1862 2847; x_wconf 90' lang='lat' dir='ltr'><strong>in</strong></span> <span class='ocrx_word' id='word_1_193' title='bbox 1901 2792 2032 2860; x_wconf 86' lang='lat' dir='ltr'><strong>ipsis</strong></span> 
     </span>
    </p>
   </div>
   <div class='ocr_carea' id='block_1_31' title="bbox 450 2883 768 2937">
    <p class='ocr_par' dir='ltr' id='par_1_31' title="bbox 450 2883 768 2937">
     <span class='ocr_line' id='line_1_31' title="bbox 450 2883 768 2937; baseline 0 -1"><span class='ocrx_word' id='word_1_194' title='bbox 450 2883 768 2937; x_wconf 81' lang='lat' dir='ltr'><strong>schismata.</strong></span> 
     </span>
    </p>
   </div>
   <div class='ocr_carea' id='block_1_32' title="bbox 532 2975 2031 3044">
    <p class='ocr_par' dir='ltr' id='par_1_32' title="bbox 532 2975 2031 3044">
     <span class='ocr_line' id='line_1_32' title="bbox 532 2975 2031 3044; baseline 0.009 -17"><span class='ocrx_word' id='word_1_195' title='bbox 532 2975 689 3029; x_wconf 69' lang='lat' dir='ltr'><strong>Vsus.</strong></span> <span class='ocrx_word' id='word_1_196' title='bbox 710 2977 742 3030; x_wconf 84' lang='lat'><strong>8</strong></span> <span class='ocrx_word' id='word_1_197' title='bbox 789 2976 852 3029; x_wconf 89' lang='lat' dir='ltr'><strong>In</strong></span> <span class='ocrx_word' id='word_1_198' title='bbox 878 2979 1066 3044; x_wconf 77' lang='lat' dir='ltr'><strong>spiritu</strong></span> <span class='ocrx_word' id='word_1_199' title='bbox 1099 2978 1384 3032; x_wconf 79' lang='lat' dir='ltr'><strong>vehementi</strong></span> <span class='ocrx_word' id='word_1_200' title='bbox 1411 2988 1647 3034; x_wconf 81' lang='lat' dir='ltr'><strong>conteres</strong></span> <span class='ocrx_word' id='word_1_201' title='bbox 1680 2999 1834 3038; x_wconf 70' lang='lat' dir='ltr'><strong>naves</strong></span> <span class='ocrx_word' id='word_1_202' title='bbox 1867 2985 2031 3040; x_wconf 84' lang='lat' dir='ltr'><strong>Thar-</strong></span> 
     </span>
    </p>
   </div>
   <div class='ocr_carea' id='block_1_33' title="bbox 449 3067 2027 3146">
    <p class='ocr_par' dir='ltr' id='par_1_33' title="bbox 449 3067 2027 3146">
     <span class='ocr_line' id='line_1_33' title="bbox 449 3067 2027 3146; baseline 0.01 -28"><span class='ocrx_word' id='word_1_203' title='bbox 449 3071 544 3132; x_wconf 67' lang='grc' dir='ltr'>εἰει,</span> <span class='ocrx_word' id='word_1_204' title='bbox 577 3078 685 3123; x_wconf 74' lang='lat' dir='ltr'><strong>etc.</strong></span> <span class='ocrx_word' id='word_1_205' title='bbox 714 3067 962 3132; x_wconf 72' lang='lat' dir='ltr'><strong>Thai-sis,</strong></span> <span class='ocrx_word' id='word_1_206' title='bbox 997 3072 1181 3126; x_wconf 86' lang='lat' dir='ltr'><strong>maris.</strong></span> <span class='ocrx_word' id='word_1_207' title='bbox 1221 3072 1424 3126; x_wconf 87' lang='lat' dir='ltr'><strong>Dicitur</strong></span> <span class='ocrx_word' id='word_1_208' title='bbox 1445 3086 1623 3126; x_wconf 85' lang='lat' dir='ltr'><strong>autem</strong></span> <span class='ocrx_word' id='word_1_209' title='bbox 1657 3075 1879 3130; x_wconf 54' lang='lat' dir='ltr'><strong>That-sis-</strong></span> <span class='ocrx_word' id='word_1_210' title='bbox 1903 3095 2027 3146; x_wconf 85' lang='lat' dir='ltr'><strong>pars</strong></span> 
     </span>
    </p>
   </div>
   <div class='ocr_carea' id='block_1_34' title="bbox 2144 595 3732 678">
    <p class='ocr_par' dir='ltr' id='par_1_34' title="bbox 2144 595 3732 678">
     <span class='ocr_line' id='line_1_34' title="bbox 2144 595 3732 678; baseline 0.008 -27"><span class='ocrx_word' id='word_1_211' title='bbox 2144 600 2269 671; x_wconf 80' lang='grc' dir='ltr'>ὅρος</span> <span class='ocrx_word' id='word_1_212' title='bbox 2305 601 2459 667; x_wconf 72' lang='grc' dir='ltr'>ἅγιον</span> <span class='ocrx_word' id='word_1_213' title='bbox 2503 600 2707 670; x_wconf 80' lang='grc' dir='ltr'>Κυρίου</span> <span class='ocrx_word' id='word_1_214' title='bbox 2755 595 2826 652; x_wconf 82' lang='grc' dir='ltr'><strong>εὖ.</strong></span> <span class='ocrx_word' id='word_1_215' title='bbox 2863 601 3026 671; x_wconf 77' lang='grc' dir='ltr'>ῥιζῶν</span> <span class='ocrx_word' id='word_1_216' title='bbox 3069 602 3400 673; x_wconf 82' lang='grc' dir='ltr'>ἀγαλλίαμα,</span> <span class='ocrx_word' id='word_1_217' title='bbox 3449 607 3508 658; x_wconf 79' lang='grc' dir='ltr'>οὐ</span> <span class='ocrx_word' id='word_1_218' title='bbox 3571 609 3732 678; x_wconf 86' lang='grc' dir='ltr'>μόνον</span> 
     </span>
    </p>
   </div>
   <div class='ocr_carea' id='block_1_35' title="bbox 2148 693 3731 769">
    <p class='ocr_par' dir='ltr' id='par_1_35' title="bbox 2148 693 3731 769">
     <span class='ocr_line' id='line_1_35' title="bbox 2148 693 3731 769; baseline 0.006 -25"><span class='ocrx_word' id='word_1_219' title='bbox 2148 693 2348 763; x_wconf 79' lang='grc' dir='ltr'>μέρους</span> <span class='ocrx_word' id='word_1_220' title='bbox 2379 693 2477 761; x_wconf 79' lang='grc' dir='ltr'><strong>τῆς</strong></span> <span class='ocrx_word' id='word_1_221' title='bbox 2506 693 2628 762; x_wconf 83' lang='grc' dir='ltr'>γῆς,</span> <span class='ocrx_word' id='word_1_222' title='bbox 2657 693 2794 746; x_wconf 72' lang='grc' dir='ltr'>ἀλλὰ</span> <span class='ocrx_word' id='word_1_223' title='bbox 2820 693 2915 746; x_wconf 80' lang='grc' dir='ltr'><strong>καὶ</strong></span> <span class='ocrx_word' id='word_1_224' title='bbox 2949 693 3129 764; x_wconf 81' lang='grc' dir='ltr'>πάσης</span> <span class='ocrx_word' id='word_1_225' title='bbox 3157 696 3346 764; x_wconf 86' lang='grc' dir='ltr'>αὐτῆς,</span> <span class='ocrx_word' id='word_1_226' title='bbox 3373 696 3404 767; x_wconf 82' lang='grc' dir='ltr'>ἢ</span> <span class='ocrx_word' id='word_1_227' title='bbox 3437 701 3465 750; x_wconf 88' lang='grc' dir='ltr'>ὁ</span> <span class='ocrx_word' id='word_1_228' title='bbox 3497 699 3731 769; x_wconf 76' lang='grc' dir='ltr'>Χριστὸς</span> 
     </span>
    </p>
   </div>
   <div class='ocr_carea' id='block_1_36' title="bbox 2143 780 3729 860">
    <p class='ocr_par' dir='ltr' id='par_1_36' title="bbox 2143 780 3729 860">
     <span class='ocr_line' id='line_1_36' title="bbox 2143 780 3729 860; baseline 0.007 -26"><span class='ocrx_word' id='word_1_229' title='bbox 2143 783 2508 854; x_wconf 77' lang='grc' dir='ltr'>ἐῤῥιζωμένος</span> <span class='ocrx_word' id='word_1_230' title='bbox 2565 785 2621 836; x_wconf 85' lang='grc' dir='ltr'><strong>ἐν</strong></span> <span class='ocrx_word' id='word_1_231' title='bbox 2671 783 2749 854; x_wconf 77' lang='grc' dir='ltr'>τῷ</span> <span class='ocrx_word' id='word_1_232' title='bbox 2813 785 3020 856; x_wconf 75' lang='grc' dir='ltr'>Πατρὶ,</span> <span class='ocrx_word' id='word_1_233' title='bbox 3077 787 3162 855; x_wconf 79' lang='grc' dir='ltr'><strong>ἐφ’</strong></span> <span class='ocrx_word' id='word_1_234' title='bbox 3223 780 3268 854; x_wconf 85' lang='grc' dir='ltr'>ᾧ</span> <span class='ocrx_word' id='word_1_235' title='bbox 3326 789 3729 860; x_wconf 80' lang='grc' dir='ltr'>ἐπιδημήσαντι</span> 
     </span>
    </p>
   </div>
   <div class='ocr_carea' id='block_1_37' title="bbox 2144 873 3727 950">
    <p class='ocr_par' dir='ltr' id='par_1_37' title="bbox 2144 873 3727 950">
     <span class='ocr_line' id='line_1_37' title="bbox 2144 873 3727 950; baseline 0.018 -27"><span class='ocrx_word' id='word_1_236' title='bbox 2144 873 2509 942; x_wconf 77' lang='grc' dir='ltr'><strong>ἠγαλλιάσατο</strong></span> <span class='ocrx_word' id='word_1_237' title='bbox 2554 875 2704 925; x_wconf 80' lang='grc' dir='ltr'>πᾶσα</span> <span class='ocrx_word' id='word_1_238' title='bbox 2761 875 2793 944; x_wconf 83' lang='grc' dir='ltr'>ἡ</span> <span class='ocrx_word' id='word_1_239' title='bbox 2847 875 2952 944; x_wconf 81' lang='grc' dir='ltr'><strong>γῆ,</strong></span> <span class='ocrx_word' id='word_1_240' title='bbox 3005 875 3092 928; x_wconf 67' lang='grc' dir='ltr'><strong>διὰ</strong></span> <span class='ocrx_word' id='word_1_241' title='bbox 3137 876 3236 939; x_wconf 72' lang='grc' dir='ltr'>τὰς</span> <span class='ocrx_word' id='word_1_242' title='bbox 3286 879 3574 950; x_wconf 82' lang='grc' dir='ltr'><strong>ἀπανταχῆ</strong></span> <span class='ocrx_word' id='word_1_243' title='bbox 3630 900 3727 934; x_wconf 80' lang='grc' dir='ltr'><strong>συ⁶</strong></span> 
     </span>
    </p>
   </div>
   <div class='ocr_carea' id='block_1_38' title="bbox 2145 963 3724 1039">
    <p class='ocr_par' dir='ltr' id='par_1_38' title="bbox 2145 963 3724 1039">
     <span class='ocr_line' id='line_1_38' title="bbox 2145 963 3724 1039; baseline 0.008 -24"><span class='ocrx_word' id='word_1_244' title='bbox 2145 964 2346 1025; x_wconf 83' lang='grc' dir='ltr'>στάσας</span> <span class='ocrx_word' id='word_1_245' title='bbox 2377 965 2467 1016; x_wconf 82' lang='grc' dir='ltr'>ἐπὶ</span> <span class='ocrx_word' id='word_1_246' title='bbox 2496 963 2574 1034; x_wconf 83' lang='grc' dir='ltr'>τῷ</span> <span class='ocrx_word' id='word_1_247' title='bbox 2600 964 2822 1036; x_wconf 85' lang='grc' dir='ltr'>ὀνόματι</span> <span class='ocrx_word' id='word_1_248' title='bbox 2851 965 3019 1019; x_wconf 80' lang='grc' dir='ltr'>αὐτοῦ</span> <span class='ocrx_word' id='word_1_249' title='bbox 3064 968 3390 1039; x_wconf 87' lang='grc' dir='ltr'>Ἐκκλησίας</span> <span class='ocrx_word' id='word_1_250' title='bbox 3419 972 3515 1024; x_wconf 86' lang='grc' dir='ltr'><strong>τοῦ</strong></span> <span class='ocrx_word' id='word_1_251' title='bbox 3555 973 3724 1035; x_wconf 84' lang='grc' dir='ltr'>Θεοῦ;</span> 
     </span>
    </p>
   </div>
   <div class='ocr_carea' id='block_1_39' title="bbox 2143 1052 3726 1136">
    <p class='ocr_par' dir='ltr' id='par_1_39' title="bbox 2143 1052 3726 1136">
     <span class='ocr_line' id='line_1_39' title="bbox 2143 1052 3726 1136; baseline 0.008 -31"><span class='ocrx_word' id='word_1_252' title='bbox 2143 1054 2368 1123; x_wconf 79' lang='grc' dir='ltr'><strong>Μήποτε</strong></span> <span class='ocrx_word' id='word_1_253' title='bbox 2415 1055 2514 1108; x_wconf 81' lang='grc' dir='ltr'>οὐκ</span> <span class='ocrx_word' id='word_1_254' title='bbox 2563 1055 2710 1108; x_wconf 79' lang='grc' dir='ltr'>ἔστιν</span> <span class='ocrx_word' id='word_1_255' title='bbox 2765 1075 2783 1107; x_wconf 77' lang='grc' dir='ltr'><strong>ι</strong></span> <span class='ocrx_word' id='word_1_256' title='bbox 2813 1052 2873 1110; x_wconf 81' lang='grc' dir='ltr'><strong>εὖ</strong></span> <span class='ocrx_word' id='word_1_257' title='bbox 2928 1057 3156 1128; x_wconf 75' lang='grc' dir='ltr'>ριζῶν,ι</span> <span class='ocrx_word' id='word_1_258' title='bbox 3213 1060 3563 1133; x_wconf 81' lang='grc' dir='ltr'><strong>(ἀδιανόητον</strong></span> <span class='ocrx_word' id='word_1_259' title='bbox 3614 1065 3726 1136; x_wconf 81' lang='grc' dir='ltr'><strong>γὰρ</strong></span> 
     </span>
    </p>
   </div>
   <div class='ocr_carea' id='block_1_40' title="bbox 2139 1145 3718 1227">
    <p class='ocr_par' dir='ltr' id='par_1_40' title="bbox 2139 1145 3718 1227">
     <span class='ocr_line' id='line_1_40' title="bbox 2139 1145 3718 1227; baseline 0.009 -31"><span class='ocrx_word' id='word_1_260' title='bbox 2139 1145 2353 1215; x_wconf 81' lang='grc' dir='ltr'>τοῦτο’)</span> <span class='ocrx_word' id='word_1_261' title='bbox 2400 1147 2534 1201; x_wconf 78' lang='grc' dir='ltr'>ἀλλὰ</span> <span class='ocrx_word' id='word_1_262' title='bbox 2579 1167 2597 1198; x_wconf 79' lang='grc' dir='ltr'><strong>ι</strong></span> <span class='ocrx_word' id='word_1_263' title='bbox 2627 1149 2846 1220; x_wconf 73' lang='grc' dir='ltr'>εὑρίζῳ,</span> <span class='ocrx_word' id='word_1_264' title='bbox 2876 1169 2893 1201; x_wconf 78' lang='grc' dir='ltr'><strong>ι</strong></span> <span class='ocrx_word' id='word_1_265' title='bbox 2929 1151 3092 1204; x_wconf 80' lang='grc' dir='ltr'>οἱονεὶ</span> <span class='ocrx_word' id='word_1_266' title='bbox 3125 1152 3296 1224; x_wconf 84' lang='grc' dir='ltr'>καλὴν</span> <span class='ocrx_word' id='word_1_267' title='bbox 3349 1153 3504 1224; x_wconf 69' lang='grc' dir='ltr'>ῥίζαν</span> <span class='ocrx_word' id='word_1_268' title='bbox 3539 1155 3718 1227; x_wconf 77' lang='grc' dir='ltr'>ἔχοντι</span> 
     </span>
    </p>
   </div>
   <div class='ocr_carea' id='block_1_41' title="bbox 2141 1237 2822 1311">
    <p class='ocr_par' dir='ltr' id='par_1_41' title="bbox 2141 1237 2822 1311">
     <span class='ocr_line' id='line_1_41' title="bbox 2141 1237 2822 1311; baseline 0.003 -21"><span class='ocrx_word' id='word_1_269' title='bbox 2141 1237 2489 1307; x_wconf 81' lang='grc' dir='ltr'>καταλλήλως</span> <span class='ocrx_word' id='word_1_270' title='bbox 2519 1239 2596 1309; x_wconf 84' lang='grc' dir='ltr'><strong>τῷ</strong></span> <span class='ocrx_word' id='word_1_271' title='bbox 2624 1240 2822 1311; x_wconf 82' lang='grc' dir='ltr'><strong>κλάδῳ.</strong></span> 
     </span>
    </p>
   </div>
   <div class='ocr_carea' id='block_1_42' title="bbox 2211 1329 3722 1408">
    <p class='ocr_par' dir='ltr' id='par_1_42' title="bbox 2211 1329 3722 1408">
     <span class='ocr_line' id='line_1_42' title="bbox 2211 1329 3722 1408; baseline 0.007 -27"><span class='ocrx_word' id='word_1_272' title='bbox 2211 1329 2469 1397; x_wconf 69' lang='grc' dir='ltr'><strong>Εἰιρίζων</strong></span> <span class='ocrx_word' id='word_1_273' title='bbox 2524 1332 2922 1402; x_wconf 74' lang='grc' dir='ltr'>ἀγα..2λιάματι</span> <span class='ocrx_word' id='word_1_274' title='bbox 2979 1333 3182 1402; x_wconf 77' lang='grc' dir='ltr'>πάσης</span> <span class='ocrx_word' id='word_1_275' title='bbox 3245 1335 3358 1404; x_wconf 82' lang='grc' dir='ltr'>τῆς</span> <span class='ocrx_word' id='word_1_276' title='bbox 3416 1338 3559 1408; x_wconf 76' lang='grc' dir='ltr'>τῆς,</span> <span class='ocrx_word' id='word_1_277' title='bbox 3614 1339 3722 1408; x_wconf 76' lang='grc' dir='ltr'><strong>ὄρη</strong></span> 
     </span>
    </p>
   </div>
   <div class='ocr_carea' id='block_1_43' title="bbox 2139 1421 3724 1493">
    <p class='ocr_par' dir='ltr' id='par_1_43' title="bbox 2139 1421 3724 1493">
     <span class='ocr_line' id='line_1_43' title="bbox 2139 1421 3724 1493; baseline 0.007 -21"><span class='ocrx_word' id='word_1_278' title='bbox 2139 1421 2294 1473; x_wconf 76' lang='grc' dir='ltr'><strong>Σιὼν</strong></span> <span class='ocrx_word' id='word_1_279' title='bbox 2319 1423 2391 1476; x_wconf 83' lang='grc' dir='ltr'>τὰ</span> <span class='ocrx_word' id='word_1_280' title='bbox 2427 1423 2656 1490; x_wconf 79' lang='grc' dir='ltr'>πλευρὰ</span> <span class='ocrx_word' id='word_1_281' title='bbox 2691 1423 2795 1478; x_wconf 83' lang='grc' dir='ltr'><strong>τοῦ</strong></span> <span class='ocrx_word' id='word_1_282' title='bbox 2842 1422 3067 1492; x_wconf 77' lang='grc' dir='ltr'>Βορῤᾶ,</span> <span class='ocrx_word' id='word_1_283' title='bbox 3113 1428 3151 1493; x_wconf 82' lang='grc' dir='ltr'>ἡ</span> <span class='ocrx_word' id='word_1_284' title='bbox 3199 1428 3376 1492; x_wconf 74' lang='grc' dir='ltr'>πόλις</span> <span class='ocrx_word' id='word_1_285' title='bbox 3409 1428 3514 1482; x_wconf 86' lang='grc' dir='ltr'><strong>τοῦ</strong></span> <span class='ocrx_word' id='word_1_286' title='bbox 3541 1429 3724 1492; x_wconf 76' lang='grc' dir='ltr'>,ϐασι-</span> 
     </span>
    </p>
   </div>
   <div class='ocr_carea' id='block_1_44' title="bbox 2138 1511 3720 1594">
    <p class='ocr_par' dir='ltr' id='par_1_44' title="bbox 2138 1511 3720 1594">
     <span class='ocr_line' id='line_1_44' title="bbox 2138 1511 3720 1594; baseline 0.006 -28"><span class='ocrx_word' id='word_1_287' title='bbox 2138 1511 2289 1580; x_wconf 68' lang='grc' dir='ltr'>λέως</span> <span class='ocrx_word' id='word_1_288' title='bbox 2316 1514 2422 1567; x_wconf 84' lang='grc' dir='ltr'><strong>τοῦ</strong></span> <span class='ocrx_word' id='word_1_289' title='bbox 2447 1515 2737 1585; x_wconf 77' lang='grc' dir='ltr'><strong>μεγάλου,</strong></span> <span class='ocrx_word' id='word_1_290' title='bbox 2760 1534 2813 1568; x_wconf 90' lang='grc' dir='ltr'><strong>κ.</strong></span> <span class='ocrx_word' id='word_1_291' title='bbox 2840 1535 2890 1570; x_wconf 89' lang='grc' dir='ltr'><strong>τ.</strong></span> <span class='ocrx_word' id='word_1_292' title='bbox 2925 1518 2972 1569; x_wconf 85' lang='grc' dir='ltr'><strong>ἑ.</strong></span> <span class='ocrx_word' id='word_1_293' title='bbox 3006 1517 3233 1588; x_wconf 79' lang='grc' dir='ltr'>Εὕριζον</span> <span class='ocrx_word' id='word_1_294' title='bbox 3270 1520 3587 1593; x_wconf 85' lang='grc' dir='ltr'>άγαλλίαμά</span> <span class='ocrx_word' id='word_1_295' title='bbox 3607 1522 3720 1594; x_wconf 92' lang='grc'>(67)</span> 
     </span>
    </p>
   </div>
   <div class='ocr_carea' id='block_1_45' title="bbox 2141 1604 3719 1682">
    <p class='ocr_par' dir='ltr' id='par_1_45' title="bbox 2141 1604 3719 1682">
     <span class='ocr_line' id='line_1_45' title="bbox 2141 1604 3719 1682; baseline 0.006 -27"><span class='ocrx_word' id='word_1_296' title='bbox 2141 1604 2285 1656; x_wconf 76' lang='grc' dir='ltr'>ἐστιν</span> <span class='ocrx_word' id='word_1_297' title='bbox 2314 1605 2342 1656; x_wconf 89' lang='grc' dir='ltr'>ὁ</span> <span class='ocrx_word' id='word_1_298' title='bbox 2375 1606 2628 1676; x_wconf 84' lang='grc' dir='ltr'>Χριστός.</span> <span class='ocrx_word' id='word_1_299' title='bbox 2671 1624 2688 1655; x_wconf 82' lang='grc' dir='ltr'><strong>ι</strong></span> <span class='ocrx_word' id='word_1_300' title='bbox 2721 1605 2793 1657; x_wconf 85' lang='grc' dir='ltr'>Τὸ</span> <span class='ocrx_word' id='word_1_301' title='bbox 2835 1606 3148 1677; x_wconf 79' lang='grc' dir='ltr'>ἁγαλλίαμα</span> <span class='ocrx_word' id='word_1_302' title='bbox 3197 1609 3304 1679; x_wconf 85' lang='grc' dir='ltr'><strong>γάρ</strong></span> <span class='ocrx_word' id='word_1_303' title='bbox 3361 1628 3486 1680; x_wconf 88' lang='grc' dir='ltr'>μου,</span> <span class='ocrx_word' id='word_1_304' title='bbox 3532 1613 3719 1682; x_wconf 77' lang='grc' dir='ltr'>φησὶν,</span> 
     </span>
    </p>
   </div>
   <div class='ocr_carea' id='block_1_46' title="bbox 2139 1695 3718 1770">
    <p class='ocr_par' dir='ltr' id='par_1_46' title="bbox 2139 1695 3718 1770">
     <span class='ocr_line' id='line_1_46' title="bbox 2139 1695 3718 1770; baseline 0.005 -22"><span class='ocrx_word' id='word_1_305' title='bbox 2139 1695 2410 1769; x_wconf 83' lang='grc' dir='ltr'>λύτρωσαί</span> <span class='ocrx_word' id='word_1_306' title='bbox 2451 1715 2518 1768; x_wconf 90' lang='grc' dir='ltr'><strong>με</strong></span> <span class='ocrx_word' id='word_1_307' title='bbox 2564 1698 2672 1750; x_wconf 80' lang='grc' dir='ltr'><strong>ἀπὸ</strong></span> <span class='ocrx_word' id='word_1_308' title='bbox 2710 1695 2818 1750; x_wconf 85' lang='grc' dir='ltr'><strong>τῶν</strong></span> <span class='ocrx_word' id='word_1_309' title='bbox 2866 1699 3264 1752; x_wconf 82' lang='grc' dir='ltr'><strong>κυκλωσάντων</strong></span> <span class='ocrx_word' id='word_1_310' title='bbox 3301 1717 3388 1770; x_wconf 87' lang='grc' dir='ltr'><strong>με.</strong></span> <span class='ocrx_word' id='word_1_311' title='bbox 3414 1720 3432 1752; x_wconf 73' lang='grc' dir='ltr'><strong>ι</strong></span> <span class='ocrx_word' id='word_1_312' title='bbox 3483 1701 3632 1765; x_wconf 81' lang='grc' dir='ltr'>Ῥίζα</span> <span class='ocrx_word' id='word_1_313' title='bbox 3660 1703 3718 1756; x_wconf 88' lang='grc' dir='ltr'><strong>δὲ</strong></span> 
     </span>
    </p>
   </div>
   <div class='ocr_carea' id='block_1_47' title="bbox 2139 1787 3060 1859">
    <p class='ocr_par' dir='ltr' id='par_1_47' title="bbox 2139 1787 3060 1859">
     <span class='ocr_line' id='line_1_47' title="bbox 2139 1787 3060 1859; baseline 0.001 -18"><span class='ocrx_word' id='word_1_314' title='bbox 2139 1787 2305 1841; x_wconf 77' lang='grc' dir='ltr'>αὐτοῦ</span> <span class='ocrx_word' id='word_1_315' title='bbox 2331 1791 2360 1842; x_wconf 90' lang='lat'><strong>6</strong></span> <span class='ocrx_word' id='word_1_316' title='bbox 2390 1789 2520 1852; x_wconf 79' lang='grc' dir='ltr'>Θεὸς</span> <span class='ocrx_word' id='word_1_317' title='bbox 2552 1789 2721 1857; x_wconf 82' lang='grc' dir='ltr'><strong>Λόγος</strong></span> <span class='ocrx_word' id='word_1_318' title='bbox 2742 1791 2769 1841; x_wconf 88' lang='grc' dir='ltr'>ὁ</span> <span class='ocrx_word' id='word_1_319' title='bbox 2801 1790 2857 1840; x_wconf 77' lang='grc' dir='ltr'>ἐν</span> <span class='ocrx_word' id='word_1_320' title='bbox 2888 1787 3060 1859; x_wconf 81' lang='grc' dir='ltr'>αὐτῷ.</span> 
     </span>
    </p>
   </div>
   <div class='ocr_carea' id='block_1_48' title="bbox 2215 1879 3720 1955">
    <p class='ocr_par' dir='ltr' id='par_1_48' title="bbox 2215 1879 3720 1955">
     <span class='ocr_line' id='line_1_48' title="bbox 2215 1879 3720 1955; baseline 0.001 -21"><span class='ocrx_word' id='word_1_321' title='bbox 2215 1880 2324 1934; x_wconf 87' lang='grc' dir='ltr'><strong>Τοῦ</strong></span> <span class='ocrx_word' id='word_1_322' title='bbox 2364 1879 2572 1934; x_wconf 83' lang='grc' dir='ltr'>αὑτοῦ.</span> <span class='ocrx_word' id='word_1_323' title='bbox 2617 1880 2697 1934; x_wconf 74' lang='grc' dir='ltr'><strong>Τὰ</strong></span> <span class='ocrx_word' id='word_1_324' title='bbox 2738 1880 2838 1952; x_wconf 83' lang='grc' dir='ltr'><strong>ὅρη</strong></span> <span class='ocrx_word' id='word_1_325' title='bbox 2887 1879 3022 1932; x_wconf 86' lang='grc' dir='ltr'>Σιὼν</span> <span class='ocrx_word' id='word_1_326' title='bbox 3079 1881 3219 1950; x_wconf 85' lang='grc'>(68),</span> <span class='ocrx_word' id='word_1_327' title='bbox 3251 1881 3318 1934; x_wconf 70' lang='grc' dir='ltr'>τὰ</span> <span class='ocrx_word' id='word_1_328' title='bbox 3367 1883 3576 1955; x_wconf 85' lang='grc' dir='ltr'>πλευρὰ</span> <span class='ocrx_word' id='word_1_329' title='bbox 3623 1883 3720 1936; x_wconf 86' lang='grc' dir='ltr'><strong>τοῦ</strong></span> 
     </span>
    </p>
   </div>
   <div class='ocr_carea' id='block_1_49' title="bbox 2139 1971 3718 2044">
    <p class='ocr_par' dir='ltr' id='par_1_49' title="bbox 2139 1971 3718 2044">
     <span class='ocr_line' id='line_1_49' title="bbox 2139 1971 3718 2044; baseline 0.003 -20"><span class='ocrx_word' id='word_1_330' title='bbox 2139 1973 2340 2044; x_wconf 57' lang='lat' dir='ltr'><strong>Eappa,</strong></span> <span class='ocrx_word' id='word_1_331' title='bbox 2362 1971 2517 2034; x_wconf 78' lang='grc' dir='ltr'>πόλις</span> <span class='ocrx_word' id='word_1_332' title='bbox 2543 1973 2660 2025; x_wconf 78' lang='grc' dir='ltr'>ἐστὶ</span> <span class='ocrx_word' id='word_1_333' title='bbox 2691 1971 2784 2024; x_wconf 89' lang='grc' dir='ltr'><strong>τοῦ</strong></span> <span class='ocrx_word' id='word_1_334' title='bbox 2807 1971 3043 2041; x_wconf 82' lang='grc' dir='ltr'><strong>μεγάλου</strong></span> <span class='ocrx_word' id='word_1_335' title='bbox 3072 1972 3356 2042; x_wconf 81' lang='grc' dir='ltr'>βασιλέως.</span> <span class='ocrx_word' id='word_1_336' title='bbox 3379 1976 3536 2029; x_wconf 79' lang='grc' dir='ltr'>Κατὰ</span> <span class='ocrx_word' id='word_1_337' title='bbox 3563 1975 3718 2029; x_wconf 84' lang='grc' dir='ltr'>τοῦτο</span> 
     </span>
    </p>
   </div>
   <div class='ocr_carea' id='block_1_50' title="bbox 2137 2063 3718 2138">
    <p class='ocr_par' dir='ltr' id='par_1_50' title="bbox 2137 2063 3718 2138">
     <span class='ocr_line' id='line_1_50' title="bbox 2137 2063 3718 2138; baseline 0.002 -21"><span class='ocrx_word' id='word_1_338' title='bbox 2137 2065 2357 2117; x_wconf 79' lang='grc' dir='ltr'>δύναται</span> <span class='ocrx_word' id='word_1_339' title='bbox 2385 2066 2443 2116; x_wconf 85' lang='grc' dir='ltr'>ὲν</span> <span class='ocrx_word' id='word_1_340' title='bbox 2474 2063 2550 2134; x_wconf 82' lang='grc' dir='ltr'>τῷ</span> <span class='ocrx_word' id='word_1_341' title='bbox 2589 2063 2905 2133; x_wconf 78' lang='grc' dir='ltr'>Εὐαγγελὶῳ</span> <span class='ocrx_word' id='word_1_342' title='bbox 2950 2063 3224 2134; x_wconf 76' lang='grc' dir='ltr'>εἰρῆσθαι,</span> <span class='ocrx_word' id='word_1_343' title='bbox 3267 2064 3612 2138; x_wconf 78' lang='grc' dir='ltr'><strong>Ἱεροσόλυμα</strong></span> <span class='ocrx_word' id='word_1_344' title='bbox 3642 2064 3718 2120; x_wconf 83' lang='grc' dir='ltr'><strong>εἷ-</strong></span> 
     </span>
    </p>
   </div>
   <div class='ocr_carea' id='block_1_51' title="bbox 2137 2155 3716 2230">
    <p class='ocr_par' dir='ltr' id='par_1_51' title="bbox 2137 2155 3716 2230">
     <span class='ocr_line' id='line_1_51' title="bbox 2137 2155 3716 2230; baseline 0.001 -22"><span class='ocrx_word' id='word_1_345' title='bbox 2137 2159 2224 2208; x_wconf 80' lang='grc' dir='ltr'><strong>ναι</strong></span> <span class='ocrx_word' id='word_1_346' title='bbox 2254 2155 2347 2208; x_wconf 86' lang='grc' dir='ltr'><strong>τοῦ</strong></span> <span class='ocrx_word' id='word_1_347' title='bbox 2381 2155 2618 2225; x_wconf 82' lang='grc' dir='ltr'>μεγάλου</span> <span class='ocrx_word' id='word_1_348' title='bbox 2649 2155 2930 2226; x_wconf 79' lang='grc' dir='ltr'>βασιλέως,</span> <span class='ocrx_word' id='word_1_349' title='bbox 2963 2155 3040 2218; x_wconf 86' lang='grc' dir='ltr'>ὼς</span> <span class='ocrx_word' id='word_1_350' title='bbox 3073 2157 3262 2210; x_wconf 75' lang='grc' dir='ltr'>ἐνθάδε</span> <span class='ocrx_word' id='word_1_351' title='bbox 3282 2174 3294 2186; x_wconf 96' lang='grc'><strong>·</strong></span> <span class='ocrx_word' id='word_1_352' title='bbox 3332 2177 3348 2208; x_wconf 80' lang='grc' dir='ltr'><strong>ι</strong></span> <span class='ocrx_word' id='word_1_353' title='bbox 3387 2159 3524 2230; x_wconf 85' lang='grc' dir='ltr'><strong>Ὀρη</strong></span> <span class='ocrx_word' id='word_1_354' title='bbox 3557 2157 3716 2217; x_wconf 85' lang='grc' dir='ltr'>Σιὼν,</span> 
     </span>
    </p>
   </div>
   <div class='ocr_carea' id='block_1_52' title="bbox 2135 2246 3715 2319">
    <p class='ocr_par' dir='ltr' id='par_1_52' title="bbox 2135 2246 3715 2319">
     <span class='ocr_line' id='line_1_52' title="bbox 2135 2246 3715 2319; baseline 0.001 -19"><span class='ocrx_word' id='word_1_355' title='bbox 2135 2247 2204 2300; x_wconf 74' lang='grc' dir='ltr'>τὰ</span> <span class='ocrx_word' id='word_1_356' title='bbox 2244 2246 2452 2318; x_wconf 80' lang='grc' dir='ltr'>πλευρά</span> <span class='ocrx_word' id='word_1_357' title='bbox 2501 2246 2594 2300; x_wconf 87' lang='grc' dir='ltr'><strong>τοῦ</strong></span> <span class='ocrx_word' id='word_1_358' title='bbox 2650 2246 2850 2317; x_wconf 78' lang='grc' dir='ltr'>βορῤἄ,</span> <span class='ocrx_word' id='word_1_359' title='bbox 2891 2248 2926 2318; x_wconf 81' lang='grc' dir='ltr'>ἡ</span> <span class='ocrx_word' id='word_1_360' title='bbox 2971 2247 3126 2311; x_wconf 88' lang='grc' dir='ltr'>πόλις</span> <span class='ocrx_word' id='word_1_361' title='bbox 3175 2247 3268 2300; x_wconf 90' lang='grc' dir='ltr'><strong>τοῦ</strong></span> <span class='ocrx_word' id='word_1_362' title='bbox 3314 2248 3579 2319; x_wconf 83' lang='grc' dir='ltr'>βασιλέως</span> <span class='ocrx_word' id='word_1_363' title='bbox 3621 2249 3715 2302; x_wconf 79' lang='grc' dir='ltr'><strong>τοῦ</strong></span> 
     </span>
    </p>
   </div>
   <div class='ocr_carea' id='block_1_53' title="bbox 2139 2338 3709 2411">
    <p class='ocr_par' dir='ltr' id='par_1_53' title="bbox 2139 2338 3709 2411">
     <span class='ocr_line' id='line_1_53' title="bbox 2139 2338 3709 2411; baseline 0.002 -21"><span class='ocrx_word' id='word_1_364' title='bbox 2139 2338 2392 2409; x_wconf 83' lang='grc' dir='ltr'>μεγάλου.</span> <span class='ocrx_word' id='word_1_365' title='bbox 2421 2361 2434 2386; x_wconf 86' lang='grc' dir='ltr'><strong>ι</strong></span> <span class='ocrx_word' id='word_1_366' title='bbox 2477 2339 2685 2408; x_wconf 74' lang='grc' dir='ltr'>’Ὠσπερ</span> <span class='ocrx_word' id='word_1_367' title='bbox 2735 2339 2794 2390; x_wconf 76' lang='grc' dir='ltr'><strong>δὲ,</strong></span> <span class='ocrx_word' id='word_1_368' title='bbox 2844 2339 3016 2409; x_wconf 80' lang='grc' dir='ltr'>μέγας</span> <span class='ocrx_word' id='word_1_369' title='bbox 3079 2339 3256 2408; x_wconf 76' lang='grc' dir='ltr'>ἱερεὺς</span> <span class='ocrx_word' id='word_1_370' title='bbox 3307 2340 3526 2408; x_wconf 82' lang='grc' dir='ltr'>λέγεται</span> <span class='ocrx_word' id='word_1_371' title='bbox 3573 2342 3709 2411; x_wconf 81' lang='grc' dir='ltr'>πρὸς</span> 
     </span>
    </p>
   </div>
   <div class='ocr_carea' id='block_1_54' title="bbox 2136 2429 3713 2504">
    <p class='ocr_par' dir='ltr' id='par_1_54' title="bbox 2136 2429 3713 2504">
     <span class='ocr_line' id='line_1_54' title="bbox 2136 2429 3713 2504; baseline 0.004 -22"><span class='ocrx_word' id='word_1_372' title='bbox 2136 2429 2538 2500; x_wconf 80' lang='grc' dir='ltr'>άντιὸιαστολὴν</span> <span class='ocrx_word' id='word_1_373' title='bbox 2597 2430 2690 2482; x_wconf 84' lang='grc' dir='ltr'><strong>τοῦ</strong></span> <span class='ocrx_word' id='word_1_374' title='bbox 2735 2431 2824 2482; x_wconf 85' lang='grc' dir='ltr'>ὑπ’</span> <span class='ocrx_word' id='word_1_375' title='bbox 2869 2431 3030 2484; x_wconf 84' lang='grc' dir='ltr'>αὐτὸν</span> <span class='ocrx_word' id='word_1_376' title='bbox 3089 2433 3515 2504; x_wconf 77' lang='grc' dir='ltr'>ίερατεύματος,</span> <span class='ocrx_word' id='word_1_377' title='bbox 3568 2435 3713 2488; x_wconf 79' lang='grc' dir='ltr'>οὕτω</span> 
     </span>
    </p>
   </div>
   <div class='ocr_carea' id='block_1_55' title="bbox 2137 2523 3716 2596">
    <p class='ocr_par' dir='ltr' id='par_1_55' title="bbox 2137 2523 3716 2596">
     <span class='ocr_line' id='line_1_55' title="bbox 2137 2523 3716 2596; baseline 0.004 -22"><span class='ocrx_word' id='word_1_378' title='bbox 2137 2523 2232 2574; x_wconf 73' lang='grc' dir='ltr'><strong>καὶ</strong></span> <span class='ocrx_word' id='word_1_379' title='bbox 2273 2523 2445 2592; x_wconf 75' lang='grc' dir='ltr'>μέγας</span> <span class='ocrx_word' id='word_1_380' title='bbox 2478 2523 2760 2592; x_wconf 78' lang='grc' dir='ltr'>βασιλεύς·</span> <span class='ocrx_word' id='word_1_381' title='bbox 2799 2523 3050 2593; x_wconf 80' lang='grc' dir='ltr'>βασιλεὺς</span> <span class='ocrx_word' id='word_1_382' title='bbox 3084 2527 3192 2596; x_wconf 89' lang='grc' dir='ltr'><strong>γάρ</strong></span> <span class='ocrx_word' id='word_1_383' title='bbox 3243 2527 3360 2579; x_wconf 82' lang='grc' dir='ltr'>ἐστι</span> <span class='ocrx_word' id='word_1_384' title='bbox 3409 2527 3716 2596; x_wconf 83' lang='grc' dir='ltr'>βασιλευόν-</span> 
     </span>
    </p>
   </div>
   <div class='ocr_carea' id='block_1_56' title="bbox 2137 2632 2267 2670">
    <p class='ocr_par' dir='ltr' id='par_1_56' title="bbox 2137 2632 2267 2670">
     <span class='ocr_line' id='line_1_56' title="bbox 2137 2632 2267 2670; baseline 0.023 -3"><span class='ocrx_word' id='word_1_385' title='bbox 2137 2632 2267 2670; x_wconf 82' lang='grc' dir='ltr'>των.</span> 
     </span>
    </p>
   </div>
   <div class='ocr_carea' id='block_1_57' title="bbox 2209 2706 3711 2780">
    <p class='ocr_par' dir='ltr' id='par_1_57' title="bbox 2209 2706 3711 2780">
     <span class='ocr_line' id='line_1_57' title="bbox 2209 2706 3711 2780; baseline 0.005 -23"><span class='ocrx_word' id='word_1_386' title='bbox 2209 2707 2326 2759; x_wconf 88' lang='grc' dir='ltr'><strong>Ὅτι</strong></span> <span class='ocrx_word' id='word_1_387' title='bbox 2365 2706 2492 2760; x_wconf 76' lang='grc' dir='ltr'><strong>ἰδοὺ</strong></span> <span class='ocrx_word' id='word_1_388' title='bbox 2531 2709 2584 2761; x_wconf 74' lang='grc' dir='ltr'>οἱ</span> <span class='ocrx_word' id='word_1_389' title='bbox 2612 2706 2894 2772; x_wconf 80' lang='grc' dir='ltr'><strong>βασιλεῖς</strong></span> <span class='ocrx_word' id='word_1_390' title='bbox 2919 2706 3030 2776; x_wconf 83' lang='grc' dir='ltr'>τῆς</span> <span class='ocrx_word' id='word_1_391' title='bbox 3057 2706 3168 2778; x_wconf 78' lang='grc' dir='ltr'><strong>τῆς</strong></span> <span class='ocrx_word' id='word_1_392' title='bbox 3197 2710 3624 2780; x_wconf 72' lang='grc' dir='ltr'><strong>συνήχθησαν,</strong></span> <span class='ocrx_word' id='word_1_393' title='bbox 3659 2731 3711 2765; x_wconf 91' lang='grc' dir='ltr'><strong>κ.</strong></span> 
     </span>
    </p>
   </div>
   <div class='ocr_carea' id='block_1_58' title="bbox 2133 2797 3716 2877">
    <p class='ocr_par' dir='ltr' id='par_1_58' title="bbox 2133 2797 3716 2877">
     <span class='ocr_line' id='line_1_58' title="bbox 2133 2797 3716 2877; baseline 0.004 -25"><span class='ocrx_word' id='word_1_394' title='bbox 2133 2815 2184 2852; x_wconf 85' lang='grc' dir='ltr'><strong>τ.</strong></span> <span class='ocrx_word' id='word_1_395' title='bbox 2217 2799 2264 2850; x_wconf 82' lang='grc' dir='ltr'>ὲ.</span> <span class='ocrx_word' id='word_1_396' title='bbox 2303 2799 2422 2852; x_wconf 84' lang='grc' dir='ltr'>Ἵνα</span> <span class='ocrx_word' id='word_1_397' title='bbox 2468 2799 2631 2851; x_wconf 79' lang='grc' dir='ltr'>ταυτὺ</span> <span class='ocrx_word' id='word_1_398' title='bbox 2668 2797 2776 2867; x_wconf 83' lang='grc'>(69)</span> <span class='ocrx_word' id='word_1_399' title='bbox 2811 2799 3006 2854; x_wconf 76' lang='grc' dir='ltr'>εἴπωσι</span> <span class='ocrx_word' id='word_1_400' title='bbox 3065 2799 3286 2866; x_wconf 86' lang='grc' dir='ltr'>πάντες,</span> <span class='ocrx_word' id='word_1_401' title='bbox 3334 2804 3429 2856; x_wconf 79' lang='grc' dir='ltr'>καὶ</span> <span class='ocrx_word' id='word_1_402' title='bbox 3467 2803 3540 2874; x_wconf 85' lang='grc' dir='ltr'><strong>μὴ</strong></span> <span class='ocrx_word' id='word_1_403' title='bbox 3657 2805 3716 2858; x_wconf 83' lang='grc' dir='ltr'>ἐν</span> 
     </span>
    </p>
   </div>
   <div class='ocr_carea' id='block_1_59' title="bbox 2134 2891 2635 2960">
    <p class='ocr_par' dir='ltr' id='par_1_59' title="bbox 2134 2891 2635 2960">
     <span class='ocr_line' id='line_1_59' title="bbox 2134 2891 2635 2960; baseline -0.004 -17"><span class='ocrx_word' id='word_1_404' title='bbox 2134 2891 2316 2952; x_wconf 82' lang='grc' dir='ltr'>αὐτοῖς</span> <span class='ocrx_word' id='word_1_405' title='bbox 2345 2891 2635 2960; x_wconf 82' lang='grc' dir='ltr'>σχίσματα.</span> 
     </span>
    </p>
   </div>
   <div class='ocr_carea' id='block_1_60' title="bbox 2227 2983 3710 3053">
    <p class='ocr_par' dir='ltr' id='par_1_60' title="bbox 2227 2983 3710 3053">
     <span class='ocr_line' id='line_1_60' title="bbox 2227 2983 3710 3053; baseline -0.001 -17"><span class='ocrx_word' id='word_1_406' title='bbox 2227 2983 2330 3036; x_wconf 81' lang='grc' dir='ltr'><em>Ἐν</em></span> <span class='ocrx_word' id='word_1_407' title='bbox 2358 2984 2648 3051; x_wconf 81' lang='grc' dir='ltr'>πνεύματι</span> <span class='ocrx_word' id='word_1_408' title='bbox 2674 2983 2854 3046; x_wconf 78' lang='grc' dir='ltr'>βιαίῳ</span> <span class='ocrx_word' id='word_1_409' title='bbox 2879 2985 3233 3053; x_wconf 66' lang='grc' dir='ltr'>συντρίψεις</span> <span class='ocrx_word' id='word_1_410' title='bbox 3259 2985 3440 3038; x_wconf 70' lang='grc' dir='ltr'>πλοῖα</span> <span class='ocrx_word' id='word_1_411' title='bbox 3471 2984 3710 3050; x_wconf 80' lang='grc' dir='ltr'>Θάρσις,</span> 
     </span>
    </p>
   </div>
   <div class='ocr_carea' id='block_1_61' title="bbox 2133 3073 3710 3146">
    <p class='ocr_par' dir='ltr' id='par_1_61' title="bbox 2133 3073 3710 3146">
     <span class='ocr_line' id='line_1_61' title="bbox 2133 3073 3710 3146; baseline -0.002 -19"><span class='ocrx_word' id='word_1_412' title='bbox 2133 3091 2186 3127; x_wconf 83' lang='grc' dir='ltr'><strong>κ.</strong></span> <span class='ocrx_word' id='word_1_413' title='bbox 2223 3092 2272 3127; x_wconf 90' lang='grc' dir='ltr'>τ.</span> <span class='ocrx_word' id='word_1_414' title='bbox 2303 3075 2348 3126; x_wconf 78' lang='grc' dir='ltr'>ὲ.</span> <span class='ocrx_word' id='word_1_415' title='bbox 2375 3074 2628 3146; x_wconf 86' lang='grc' dir='ltr'>Θάρσεις,</span> <span class='ocrx_word' id='word_1_416' title='bbox 2663 3073 2937 3145; x_wconf 79' lang='grc' dir='ltr'>θαλάσσης</span> <span class='ocrx_word' id='word_1_417' title='bbox 2968 3077 3099 3145; x_wconf 85' lang='grc'>(70).</span> <span class='ocrx_word' id='word_1_418' title='bbox 3127 3076 3360 3141; x_wconf 82' lang='grc' dir='ltr'>Λέγεται</span> <span class='ocrx_word' id='word_1_419' title='bbox 3392 3073 3449 3123; x_wconf 86' lang='grc' dir='ltr'><strong>δὲ</strong></span> <span class='ocrx_word' id='word_1_420' title='bbox 3478 3073 3710 3141; x_wconf 79' lang='grc' dir='ltr'>Θάρσεις</span> 
     </span>
    </p>
   </div>
   <div class='ocr_carea' id='block_1_62' title="bbox 452 3158 2032 3240">
    <p class='ocr_par' dir='ltr' id='par_1_62' title="bbox 452 3158 2026 3233">
     <span class='ocr_line' id='line_1_62' title="bbox 452 3158 2026 3233; baseline 0.01 -21"><span class='ocrx_word' id='word_1_421' title='bbox 452 3158 765 3230; x_wconf 66' lang='lat' dir='ltr'><strong>1Ethiopi:e,</strong></span> <span class='ocrx_word' id='word_1_422' title='bbox 801 3172 856 3214; x_wconf 88' lang='lat' dir='ltr'><strong>et</strong></span> <span class='ocrx_word' id='word_1_423' title='bbox 893 3161 1099 3217; x_wconf 80' lang='lat' dir='ltr'><strong>Tarsus</strong></span> <span class='ocrx_word' id='word_1_424' title='bbox 1158 3165 1352 3218; x_wconf 84' lang='lat' dir='ltr'><strong>civitas</strong></span> <span class='ocrx_word' id='word_1_425' title='bbox 1397 3167 1534 3233; x_wconf 85' lang='lat' dir='ltr'><strong>apud</strong></span> <span class='ocrx_word' id='word_1_426' title='bbox 1566 3165 1757 3220; x_wconf 79' lang='lat' dir='ltr'><strong>Jonam</strong></span> <span class='ocrx_word' id='word_1_427' title='bbox 1801 3169 2026 3227; x_wconf 80' lang='lat' dir='ltr'><strong>&#39;l‘harsis</strong></span> 
     </span>
    </p>
   </div>
   <div class='ocr_carea' id='block_1_63' title="bbox 2137 3158 3714 3240">
    <p class='ocr_par' dir='ltr' id='par_1_63' title="bbox 2137 3162 3714 3236">
     <span class='ocr_line' id='line_1_63' title="bbox 2137 3162 3714 3236; baseline -0.001 -20"><span class='ocrx_word' id='word_1_428' title='bbox 2137 3165 2302 3236; x_wconf 82' lang='grc' dir='ltr'>μέρος</span> <span class='ocrx_word' id='word_1_429' title='bbox 2343 3165 2657 3228; x_wconf 80' lang='grc' dir='ltr'>Λίθιοπίας’</span> <span class='ocrx_word' id='word_1_430' title='bbox 2711 3165 2804 3217; x_wconf 79' lang='grc' dir='ltr'>κα).</span> <span class='ocrx_word' id='word_1_431' title='bbox 2855 3167 3067 3236; x_wconf 81' lang='grc' dir='ltr'>Ταρσὸς</span> <span class='ocrx_word' id='word_1_432' title='bbox 3097 3167 3130 3233; x_wconf 85' lang='grc' dir='ltr'>ἡ</span> <span class='ocrx_word' id='word_1_433' title='bbox 3167 3163 3322 3226; x_wconf 78' lang='grc' dir='ltr'>πόλις</span> <span class='ocrx_word' id='word_1_434' title='bbox 3363 3162 3512 3232; x_wconf 77' lang='grc' dir='ltr'>παρὰ</span> <span class='ocrx_word' id='word_1_435' title='bbox 3559 3163 3714 3233; x_wconf 81' lang='grc' dir='ltr'><strong>Ἰωνᾷ</strong></span> 
     </span>
    </p>
   </div>
   <div class='ocr_carea' id='block_1_64' title="bbox 450 3263 704 3307">
    <p class='ocr_par' dir='ltr' id='par_1_64' title="bbox 450 3263 704 3307">
     <span class='ocr_line' id='line_1_64' title="bbox 450 3263 704 3307; baseline 0.008 -2"><span class='ocrx_word' id='word_1_436' title='bbox 450 3263 704 3307; x_wconf 76' lang='lat' dir='ltr'><strong>Vocatur.</strong></span> 
     </span>
    </p>
   </div>
   <div class='ocr_carea' id='block_1_65' title="bbox 529 3343 2028 3414">
    <p class='ocr_par' dir='ltr' id='par_1_65' title="bbox 529 3343 2028 3414">
     <span class='ocr_line' id='line_1_65' title="bbox 529 3343 2028 3414; baseline 0.005 -14"><span class='ocrx_word' id='word_1_437' title='bbox 529 3349 688 3401; x_wconf 63' lang='lat' dir='ltr'><strong>“ius.</strong></span> <span class='ocrx_word' id='word_1_438' title='bbox 729 3346 780 3402; x_wconf 87' lang='lat'><strong>9.</strong></span> <span class='ocrx_word' id='word_1_439' title='bbox 819 3343 964 3400; x_wconf 66' lang='lat' dir='ltr'><strong>Sicut</strong></span> <span class='ocrx_word' id='word_1_440' title='bbox 990 3349 1311 3411; x_wconf 75' lang='lat' dir='ltr'><strong>audivimus,</strong></span> <span class='ocrx_word' id='word_1_441' title='bbox 1344 3350 1420 3401; x_wconf 83' lang='lat' dir='ltr'><strong>sic</strong></span> <span class='ocrx_word' id='word_1_442' title='bbox 1450 3349 1700 3414; x_wconf 82' lang='lat' dir='ltr'><strong>vidimus,</strong></span> <span class='ocrx_word' id='word_1_443' title='bbox 1737 3353 1788 3403; x_wconf 85' lang='lat' dir='ltr'><strong>in</strong></span> <span class='ocrx_word' id='word_1_444' title='bbox 1815 3353 2028 3407; x_wconf 78' lang='lat' dir='ltr'><strong>civitate</strong></span> 
     </span>
    </p>
   </div>
   <div class='ocr_carea' id='block_1_66' title="bbox 451 3433 2026 3507">
    <p class='ocr_par' dir='ltr' id='par_1_66' title="bbox 451 3433 2026 3507">
     <span class='ocr_line' id='line_1_66' title="bbox 451 3433 2026 3507; baseline 0.006 -21"><span class='ocrx_word' id='word_1_445' title='bbox 451 3433 666 3488; x_wconf 82' lang='lat' dir='ltr'><strong>Domini</strong></span> <span class='ocrx_word' id='word_1_446' title='bbox 696 3438 970 3497; x_wconf 85' lang='lat' dir='ltr'><strong>virtutum,</strong></span> <span class='ocrx_word' id='word_1_447' title='bbox 1017 3441 1070 3492; x_wconf 84' lang='lat' dir='ltr'><strong>in</strong></span> <span class='ocrx_word' id='word_1_448' title='bbox 1125 3441 1340 3493; x_wconf 73' lang='lat' dir='ltr'><strong>civitate</strong></span> <span class='ocrx_word' id='word_1_449' title='bbox 1389 3441 1485 3494; x_wconf 75' lang='grc' dir='ltr'><strong>Ι)οἱ</strong></span> <span class='ocrx_word' id='word_1_450' title='bbox 1509 3443 1694 3507; x_wconf 85' lang='lat' dir='ltr'><strong>nostri,</strong></span> <span class='ocrx_word' id='word_1_451' title='bbox 1720 3455 1824 3496; x_wconf 81' lang='lat' dir='ltr'><strong>etc.</strong></span> <span class='ocrx_word' id='word_1_452' title='bbox 1865 3444 2026 3496; x_wconf 74' lang='lat' dir='ltr'><strong>Extra</strong></span> 
     </span>
    </p>
   </div>
   <div class='ocr_carea' id='block_1_67' title="bbox 451 3527 2028 3598">
    <p class='ocr_par' dir='ltr' id='par_1_67' title="bbox 451 3527 2028 3598">
     <span class='ocr_line' id='line_1_67' title="bbox 451 3527 2028 3598; baseline 0.008 -22"><span class='ocrx_word' id='word_1_453' title='bbox 451 3527 725 3582; x_wconf 70' lang='lat' dir='ltr'><strong>civitatem</strong></span> <span class='ocrx_word' id='word_1_454' title='bbox 760 3531 976 3598; x_wconf 83' lang='lat' dir='ltr'><strong>quidem</strong></span> <span class='ocrx_word' id='word_1_455' title='bbox 1015 3533 1354 3596; x_wconf 85' lang='lat' dir='ltr'><strong>audivimus;</strong></span> <span class='ocrx_word' id='word_1_456' title='bbox 1383 3534 1614 3588; x_wconf 78' lang='lat' dir='ltr'><strong>vidimus</strong></span> <span class='ocrx_word' id='word_1_457' title='bbox 1658 3551 1785 3588; x_wconf 78' lang='lat' dir='ltr'><strong>vero</strong></span> <span class='ocrx_word' id='word_1_458' title='bbox 1814 3537 1865 3588; x_wconf 91' lang='lat' dir='ltr'><strong>in</strong></span> <span class='ocrx_word' id='word_1_459' title='bbox 1897 3537 2028 3590; x_wconf 69' lang='lat' dir='ltr'><strong>civi-</strong></span> 
     </span>
    </p>
   </div>
   <div class='ocr_carea' id='block_1_68' title="bbox 453 3621 2025 3687">
    <p class='ocr_par' dir='ltr' id='par_1_68' title="bbox 453 3621 2025 3687">
     <span class='ocr_line' id='line_1_68' title="bbox 453 3621 2025 3687; baseline 0.008 -19"><span class='ocrx_word' id='word_1_460' title='bbox 453 3626 564 3672; x_wconf 80' lang='lat' dir='ltr'><strong>tate</strong></span> <span class='ocrx_word' id='word_1_461' title='bbox 601 3634 662 3672; x_wconf 83' lang='lat' dir='ltr'><strong>ea</strong></span> <span class='ocrx_word' id='word_1_462' title='bbox 691 3635 810 3687; x_wconf 70' lang='lat' dir='ltr'><strong>qum</strong></span> <span class='ocrx_word' id='word_1_463' title='bbox 842 3621 994 3686; x_wconf 87' lang='lat' dir='ltr'><strong>prius</strong></span> <span class='ocrx_word' id='word_1_464' title='bbox 1025 3623 1428 3676; x_wconf 77' lang='lat' dir='ltr'><strong>atnliveramus.</strong></span> <span class='ocrx_word' id='word_1_465' title='bbox 1463 3623 1526 3676; x_wconf 91' lang='lat' dir='ltr'><strong>Et</strong></span> <span class='ocrx_word' id='word_1_466' title='bbox 1557 3640 1674 3676; x_wconf 89' lang='lat' dir='ltr'><strong>cum</strong></span> <span class='ocrx_word' id='word_1_467' title='bbox 1704 3640 1946 3680; x_wconf 82' lang='lat' dir='ltr'><strong>essemus</strong></span> <span class='ocrx_word' id='word_1_468' title='bbox 1976 3629 2025 3680; x_wconf 85' lang='lat' dir='ltr'><strong>in</strong></span> 
     </span>
    </p>
   </div>
   <div class='ocr_carea' id='block_1_69' title="bbox 452 3709 2028 3780">
    <p class='ocr_par' dir='ltr' id='par_1_69' title="bbox 452 3709 2028 3780">
     <span class='ocr_line' id='line_1_69' title="bbox 452 3709 2028 3780; baseline 0.004 -18"><span class='ocrx_word' id='word_1_469' title='bbox 452 3709 633 3764; x_wconf 85' lang='lat' dir='ltr'><strong>medio</strong></span> <span class='ocrx_word' id='word_1_470' title='bbox 670 3713 856 3780; x_wconf 87' lang='lat' dir='ltr'><strong>templi</strong></span> <span class='ocrx_word' id='word_1_471' title='bbox 896 3712 993 3776; x_wconf 87' lang='lat' dir='ltr'><strong>lui,</strong></span> <span class='ocrx_word' id='word_1_472' title='bbox 1027 3712 1364 3780; x_wconf 80' lang='lat' dir='ltr'><strong>suscepimus</strong></span> <span class='ocrx_word' id='word_1_473' title='bbox 1413 3730 1610 3768; x_wconf 87' lang='lat' dir='ltr'><strong>nomen</strong></span> <span class='ocrx_word' id='word_1_474' title='bbox 1647 3725 1792 3767; x_wconf 89' lang='lat' dir='ltr'><strong>tuum</strong></span> <span class='ocrx_word' id='word_1_475' title='bbox 1831 3717 1880 3768; x_wconf 89' lang='lat' dir='ltr'><strong>in</strong></span> <span class='ocrx_word' id='word_1_476' title='bbox 1933 3718 2028 3770; x_wconf 83' lang='lat' dir='ltr'><strong>ad-</strong></span> 
     </span>
    </p>
   </div>
   <div class='ocr_carea' id='block_1_70' title="bbox 453 3800 2028 3869">
    <p class='ocr_par' dir='ltr' id='par_1_70' title="bbox 453 3800 2028 3869">
     <span class='ocr_line' id='line_1_70' title="bbox 453 3800 2028 3869; baseline 0.006 -19"><span class='ocrx_word' id='word_1_477' title='bbox 453 3807 614 3853; x_wconf 68' lang='lat' dir='ltr'><strong>ventu</strong></span> <span class='ocrx_word' id='word_1_478' title='bbox 647 3800 873 3855; x_wconf 84' lang='lat' dir='ltr'><strong>Christi.</strong></span> <span class='ocrx_word' id='word_1_479' title='bbox 919 3802 1086 3869; x_wconf 76' lang='lat' dir='ltr'><strong>Digne</strong></span> <span class='ocrx_word' id='word_1_480' title='bbox 1123 3802 1341 3855; x_wconf 87' lang='lat' dir='ltr'><strong>nomine</strong></span> <span class='ocrx_word' id='word_1_481' title='bbox 1375 3802 1465 3857; x_wconf 86' lang='lat' dir='ltr'><strong>Dei</strong></span> <span class='ocrx_word' id='word_1_482' title='bbox 1497 3801 1638 3856; x_wconf 79' lang='lat' dir='ltr'><strong>facta</strong></span> <span class='ocrx_word' id='word_1_483' title='bbox 1667 3816 1748 3860; x_wconf 90' lang='lat' dir='ltr'><strong>cst</strong></span> <span class='ocrx_word' id='word_1_484' title='bbox 1785 3806 1901 3858; x_wconf 89' lang='lat' dir='ltr'><strong>laus</strong></span> <span class='ocrx_word' id='word_1_485' title='bbox 1935 3821 2028 3860; x_wconf 86' lang='lat' dir='ltr'><strong>co-</strong></span> 
     </span>
    </p>
   </div>
   <div class='ocr_carea' id='block_1_71' title="bbox 453 3905 594 3946">
    <p class='ocr_par' dir='ltr' id='par_1_71' title="bbox 453 3905 594 3946">
     <span class='ocr_line' id='line_1_71' title="bbox 453 3905 594 3946; baseline 0.021 -3"><span class='ocrx_word' id='word_1_486' title='bbox 453 3905 594 3946; x_wconf 87' lang='lat' dir='ltr'><strong>rum.</strong></span> 
     </span>
    </p>
   </div>
   <div class='ocr_carea' id='block_1_72' title="bbox 523 4066 2025 4141">
    <p class='ocr_par' dir='ltr' id='par_1_72' title="bbox 523 4066 2025 4141">
     <span class='ocr_line' id='line_1_72' title="bbox 523 4066 2025 4141; baseline 0.005 -22"><span class='ocrx_word' id='word_1_487' title='bbox 523 4066 799 4135; x_wconf 83' lang='lat' dir='ltr'><strong>Ejusdem.</strong></span> <span class='ocrx_word' id='word_1_488' title='bbox 838 4069 1184 4139; x_wconf 70' lang='lat' dir='ltr'><strong>Qumcunque</strong></span> <span class='ocrx_word' id='word_1_489' title='bbox 1213 4070 1466 4125; x_wconf 83' lang='lat' dir='ltr'><strong>audimus</strong></span> <span class='ocrx_word' id='word_1_490' title='bbox 1499 4072 1564 4125; x_wconf 89' lang='lat' dir='ltr'><strong>de</strong></span> <span class='ocrx_word' id='word_1_491' title='bbox 1587 4071 1693 4126; x_wconf 84' lang='lat' dir='ltr'><strong>Deo</strong></span> <span class='ocrx_word' id='word_1_492' title='bbox 1729 4087 1823 4141; x_wconf 90' lang='lat' dir='ltr'><strong>per</strong></span> <span class='ocrx_word' id='word_1_493' title='bbox 1849 4074 2025 4136; x_wconf 87' lang='lat' dir='ltr'><strong>Iidem,</strong></span> 
     </span>
    </p>
   </div>
   <div class='ocr_carea' id='block_1_73' title="bbox 453 4162 2030 4233">
    <p class='ocr_par' dir='ltr' id='par_1_73' title="bbox 453 4162 2030 4233">
     <span class='ocr_line' id='line_1_73' title="bbox 453 4162 2030 4233; baseline 0.005 -21"><span class='ocrx_word' id='word_1_494' title='bbox 453 4178 518 4213; x_wconf 84' lang='lat' dir='ltr'><strong>ca</strong></span> <span class='ocrx_word' id='word_1_495' title='bbox 569 4175 665 4227; x_wconf 87' lang='lat' dir='ltr'><strong>per</strong></span> <span class='ocrx_word' id='word_1_496' title='bbox 705 4162 833 4215; x_wconf 71' lang='lat' dir='ltr'><strong>vita:</strong></span> <span class='ocrx_word' id='word_1_497' title='bbox 885 4163 1177 4230; x_wconf 87' lang='lat' dir='ltr'><strong>puritatem</strong></span> <span class='ocrx_word' id='word_1_498' title='bbox 1227 4163 1642 4230; x_wconf 77' lang='lat' dir='ltr'><strong>cognoscimus,</strong></span> <span class='ocrx_word' id='word_1_499' title='bbox 1682 4179 1866 4216; x_wconf 85' lang='lat' dir='ltr'><strong>eorum</strong></span> <span class='ocrx_word' id='word_1_500' title='bbox 1911 4181 2030 4233; x_wconf 66' lang='lat' dir='ltr'><strong>qua:</strong></span> 
     </span>
    </p>
   </div>
   <div class='ocr_carea' id='block_1_74' title="bbox 449 4251 2026 4322">
    <p class='ocr_par' dir='ltr' id='par_1_74' title="bbox 449 4251 2026 4322">
     <span class='ocr_line' id='line_1_74' title="bbox 449 4251 2026 4322; baseline 0.003 -20"><span class='ocrx_word' id='word_1_501' title='bbox 449 4251 725 4304; x_wconf 85' lang='lat' dir='ltr'><strong>credimus</strong></span> <span class='ocrx_word' id='word_1_502' title='bbox 759 4253 1133 4319; x_wconf 78' lang='lat' dir='ltr'><strong>probationem</strong></span> <span class='ocrx_word' id='word_1_503' title='bbox 1159 4269 1255 4322; x_wconf 88' lang='lat' dir='ltr'><strong>per</strong></span> <span class='ocrx_word' id='word_1_504' title='bbox 1285 4253 1573 4308; x_wconf 71' lang='lat' dir='ltr'><strong>adfectuum</strong></span> <span class='ocrx_word' id='word_1_505' title='bbox 1608 4261 1902 4310; x_wconf 78' lang='lat' dir='ltr'><strong>carentium</strong></span> <span class='ocrx_word' id='word_1_506' title='bbox 1934 4273 2026 4310; x_wconf 85' lang='lat' dir='ltr'><strong>ac—</strong></span> 
     </span>
    </p>
   </div>
   <div class='ocr_carea' id='block_1_75' title="bbox 452 4341 726 4404">
    <p class='ocr_par' dir='ltr' id='par_1_75' title="bbox 452 4341 726 4404">
     <span class='ocr_line' id='line_1_75' title="bbox 452 4341 726 4404; baseline 0.007 -12"><span class='ocrx_word' id='word_1_507' title='bbox 452 4341 726 4404; x_wconf 83' lang='lat' dir='ltr'><strong>cipientlo.</strong></span> 
     </span>
    </p>
   </div>
   <div class='ocr_carea' id='block_1_76' title="bbox 526 4430 2024 4506">
    <p class='ocr_par' dir='ltr' id='par_1_76' title="bbox 526 4430 2024 4506">
     <span class='ocr_line' id='line_1_76' title="bbox 526 4430 2024 4506; baseline 0.006 -22"><span class='ocrx_word' id='word_1_508' title='bbox 526 4430 687 4488; x_wconf 63' lang='lat' dir='ltr'><strong>Vitas.</strong></span> <span class='ocrx_word' id='word_1_509' title='bbox 727 4434 810 4487; x_wconf 88' lang='grc'>11.</span> <span class='ocrx_word' id='word_1_510' title='bbox 869 4435 1030 4505; x_wconf 79' lang='grc'>717</span> <span class='ocrx_word' id='word_1_511' title='bbox 1053 4436 1274 4492; x_wconf 77' lang='lat' dir='ltr'><strong>Justitia</strong></span> <span class='ocrx_word' id='word_1_512' title='bbox 1321 4437 1473 4506; x_wconf 81' lang='lat' dir='ltr'><strong>plena</strong></span> <span class='ocrx_word' id='word_1_513' title='bbox 1524 4450 1599 4493; x_wconf 81' lang='lat' dir='ltr'><strong>est</strong></span> <span class='ocrx_word' id='word_1_514' title='bbox 1647 4441 1860 4494; x_wconf 71' lang='lat' dir='ltr'><strong>dextera</strong></span> <span class='ocrx_word' id='word_1_515' title='bbox 1911 4453 2024 4504; x_wconf 85' lang='lat' dir='ltr'><strong>tua,</strong></span> 
     </span>
    </p>
   </div>
   <div class='ocr_carea' id='block_1_77' title="bbox 2131 3257 2664 3327">
    <p class='ocr_par' dir='ltr' id='par_1_77' title="bbox 2131 3257 2664 3327">
     <span class='ocr_line' id='line_1_77' title="bbox 2131 3257 2664 3327; baseline 0.002 -19"><span class='ocrx_word' id='word_1_516' title='bbox 2131 3257 2366 3327; x_wconf 82' lang='grc' dir='ltr'>Θαρσεῖς</span> <span class='ocrx_word' id='word_1_517' title='bbox 2401 3257 2664 3310; x_wconf 80' lang='grc' dir='ltr'>καλεῖται.</span> 
     </span>
    </p>
   </div>
   <div class='ocr_carea' id='block_1_78' title="bbox 2200 3344 3714 3417">
    <p class='ocr_par' dir='ltr' id='par_1_78' title="bbox 2200 3344 3714 3417">
     <span class='ocr_line' id='line_1_78' title="bbox 2200 3344 3714 3417; baseline 0 -17"><span class='ocrx_word' id='word_1_518' title='bbox 2200 3347 2478 3415; x_wconf 75' lang='grc' dir='ltr'>Καθάπερ</span> <span class='ocrx_word' id='word_1_519' title='bbox 2525 3348 2894 3417; x_wconf 72' lang='grc' dir='ltr'>ἠκούσαμεν,</span> <span class='ocrx_word' id='word_1_520' title='bbox 2942 3345 3129 3410; x_wconf 79' lang='grc' dir='ltr'>οὕτως</span> <span class='ocrx_word' id='word_1_521' title='bbox 3184 3345 3281 3398; x_wconf 78' lang='grc' dir='ltr'>καὶ</span> <span class='ocrx_word' id='word_1_522' title='bbox 3337 3344 3600 3412; x_wconf 79' lang='grc' dir='ltr'>εἴδομεν,</span> <span class='ocrx_word' id='word_1_523' title='bbox 3641 3347 3714 3400; x_wconf 81' lang='grc' dir='ltr'><strong>ἐν</strong></span> 
     </span>
    </p>
   </div>
   <div class='ocr_carea' id='block_1_79' title="bbox 2130 3435 3713 3506">
    <p class='ocr_par' dir='ltr' id='par_1_79' title="bbox 2130 3435 3713 3506">
     <span class='ocr_line' id='line_1_79' title="bbox 2130 3435 3713 3506; baseline -0.002 -14"><span class='ocrx_word' id='word_1_524' title='bbox 2130 3441 2302 3492; x_wconf 69' lang='grc' dir='ltr'>πόλει</span> <span class='ocrx_word' id='word_1_525' title='bbox 2331 3440 2551 3506; x_wconf 81' lang='grc' dir='ltr'>Κυρίου</span> <span class='ocrx_word' id='word_1_526' title='bbox 2589 3437 2704 3490; x_wconf 71' lang='grc' dir='ltr'>τῶν</span> <span class='ocrx_word' id='word_1_527' title='bbox 2739 3435 3070 3504; x_wconf 68' lang='grc' dir='ltr'>δυνάμεων,</span> <span class='ocrx_word' id='word_1_528' title='bbox 3101 3435 3171 3487; x_wconf 71' lang='grc' dir='ltr'><em>ἐν</em></span> <span class='ocrx_word' id='word_1_529' title='bbox 3207 3436 3380 3487; x_wconf 68' lang='grc' dir='ltr'>πόλει</span> <span class='ocrx_word' id='word_1_530' title='bbox 3409 3436 3514 3488; x_wconf 78' lang='grc' dir='ltr'><strong>τοῦ</strong></span> <span class='ocrx_word' id='word_1_531' title='bbox 3563 3435 3713 3490; x_wconf 80' lang='grc' dir='ltr'>Θεοῦ</span> 
     </span>
    </p>
   </div>
   <div class='ocr_carea' id='block_1_80' title="bbox 2129 3527 3706 3599">
    <p class='ocr_par' dir='ltr' id='par_1_80' title="bbox 2129 3527 3706 3599">
     <span class='ocr_line' id='line_1_80' title="bbox 2129 3527 3706 3599; baseline -0.003 -15"><span class='ocrx_word' id='word_1_532' title='bbox 2129 3529 2318 3599; x_wconf 74' lang='grc' dir='ltr'>ἡμῶν,</span> <span class='ocrx_word' id='word_1_533' title='bbox 2345 3547 2399 3583; x_wconf 92' lang='grc' dir='ltr'><strong>κ.</strong></span> <span class='ocrx_word' id='word_1_534' title='bbox 2424 3547 2476 3581; x_wconf 87' lang='grc' dir='ltr'>τ.</span> <span class='ocrx_word' id='word_1_535' title='bbox 2501 3529 2702 3595; x_wconf 80' lang='grc' dir='ltr'>ἐ.Ἕξω</span> <span class='ocrx_word' id='word_1_536' title='bbox 2725 3529 2824 3598; x_wconf 75' lang='grc' dir='ltr'><strong>μὲν</strong></span> <span class='ocrx_word' id='word_1_537' title='bbox 2859 3528 2956 3597; x_wconf 81' lang='grc' dir='ltr'><strong>τῆς</strong></span> <span class='ocrx_word' id='word_1_538' title='bbox 2989 3527 3194 3590; x_wconf 83' lang='grc' dir='ltr'>πόλεως</span> <span class='ocrx_word' id='word_1_539' title='bbox 3225 3527 3334 3596; x_wconf 88' lang='grc'>(71)</span> <span class='ocrx_word' id='word_1_540' title='bbox 3363 3528 3674 3598; x_wconf 74' lang='grc' dir='ltr'>ἠκούσαμεν</span> <span class='ocrx_word' id='word_1_541' title='bbox 3693 3544 3706 3558; x_wconf 77' lang='grc' dir='ltr'><strong><em>ο</em></strong></span> 
     </span>
    </p>
   </div>
   <div class='ocr_carea' id='block_1_81' title="bbox 2129 3617 3713 3690">
    <p class='ocr_par' dir='ltr' id='par_1_81' title="bbox 2129 3617 3713 3690">
     <span class='ocr_line' id='line_1_81' title="bbox 2129 3617 3713 3690; baseline -0.001 -18"><span class='ocrx_word' id='word_1_542' title='bbox 2129 3620 2340 3690; x_wconf 78' lang='grc' dir='ltr'>εἴδομεν</span> <span class='ocrx_word' id='word_1_543' title='bbox 2371 3619 2650 3689; x_wconf 85' lang='grc' dir='ltr'>γενόμενοι</span> <span class='ocrx_word' id='word_1_544' title='bbox 2691 3623 2748 3671; x_wconf 84' lang='grc' dir='ltr'>ὲν</span> <span class='ocrx_word' id='word_1_545' title='bbox 2779 3622 2844 3690; x_wconf 80' lang='grc' dir='ltr'>τῇ</span> <span class='ocrx_word' id='word_1_546' title='bbox 2881 3617 3064 3681; x_wconf 80' lang='grc' dir='ltr'>πόλει,</span> <span class='ocrx_word' id='word_1_547' title='bbox 3095 3617 3130 3671; x_wconf 79' lang='grc' dir='ltr'><strong>ἆ</strong></span> <span class='ocrx_word' id='word_1_548' title='bbox 3173 3619 3434 3690; x_wconf 81' lang='grc' dir='ltr'>πρότερον</span> <span class='ocrx_word' id='word_1_549' title='bbox 3473 3619 3713 3688; x_wconf 75' lang='grc' dir='ltr'><strong>ἡκηκόα-</strong></span> 
     </span>
    </p>
   </div>
   <div class='ocr_carea' id='block_1_82' title="bbox 2133 3709 3711 3782">
    <p class='ocr_par' dir='ltr' id='par_1_82' title="bbox 2133 3709 3711 3782">
     <span class='ocr_line' id='line_1_82' title="bbox 2133 3709 3711 3782; baseline 0.001 -19"><span class='ocrx_word' id='word_1_550' title='bbox 2133 3729 2256 3782; x_wconf 87' lang='grc' dir='ltr'>μεν.</span> <span class='ocrx_word' id='word_1_551' title='bbox 2303 3710 2406 3763; x_wconf 77' lang='grc' dir='ltr'>Καὶ</span> <span class='ocrx_word' id='word_1_552' title='bbox 2446 3710 2728 3779; x_wconf 84' lang='grc' dir='ltr'>γενόμενοι</span> <span class='ocrx_word' id='word_1_553' title='bbox 2772 3711 2828 3762; x_wconf 85' lang='grc' dir='ltr'>ὲν</span> <span class='ocrx_word' id='word_1_554' title='bbox 2882 3709 3032 3780; x_wconf 82' lang='grc' dir='ltr'>μέσῳ</span> <span class='ocrx_word' id='word_1_555' title='bbox 3056 3709 3150 3762; x_wconf 89' lang='grc' dir='ltr'><strong>τοῦ</strong></span> <span class='ocrx_word' id='word_1_556' title='bbox 3180 3710 3308 3762; x_wconf 88' lang='grc' dir='ltr'>ναοῦ</span> <span class='ocrx_word' id='word_1_557' title='bbox 3343 3727 3458 3773; x_wconf 84' lang='grc' dir='ltr'>σου,</span> <span class='ocrx_word' id='word_1_558' title='bbox 3508 3710 3711 3764; x_wconf 81' lang='grc' dir='ltr'>ὑπελά-</span> 
     </span>
    </p>
   </div>
   <div class='ocr_carea' id='block_1_83' title="bbox 2131 3800 3708 3873">
    <p class='ocr_par' dir='ltr' id='par_1_83' title="bbox 2131 3800 3708 3873">
     <span class='ocr_line' id='line_1_83' title="bbox 2131 3800 3708 3873; baseline -0.001 -19"><span class='ocrx_word' id='word_1_559' title='bbox 2131 3802 2299 3873; x_wconf 79' lang='grc' dir='ltr'>ϐομεν</span> <span class='ocrx_word' id='word_1_560' title='bbox 2350 3801 2412 3854; x_wconf 83' lang='grc' dir='ltr'><strong>τὸ</strong></span> <span class='ocrx_word' id='word_1_561' title='bbox 2465 3800 2636 3871; x_wconf 77' lang='grc' dir='ltr'>ὄνομά</span> <span class='ocrx_word' id='word_1_562' title='bbox 2697 3817 2791 3852; x_wconf 90' lang='grc' dir='ltr'><strong>σου</strong></span> <span class='ocrx_word' id='word_1_563' title='bbox 2847 3803 2906 3853; x_wconf 86' lang='grc' dir='ltr'>ὲν</span> <span class='ocrx_word' id='word_1_564' title='bbox 2960 3802 3026 3870; x_wconf 82' lang='grc' dir='ltr'>τῇ</span> <span class='ocrx_word' id='word_1_565' title='bbox 3103 3800 3341 3870; x_wconf 78' lang='grc' dir='ltr'>Χριστοῦ</span> <span class='ocrx_word' id='word_1_566' title='bbox 3415 3801 3708 3871; x_wconf 78' lang='grc' dir='ltr'>παρουσίᾳ.</span> 
     </span>
    </p>
   </div>
   <div class='ocr_carea' id='block_1_84' title="bbox 2143 3891 3712 3962">
    <p class='ocr_par' dir='ltr' id='par_1_84' title="bbox 2143 3891 3712 3962">
     <span class='ocr_line' id='line_1_84' title="bbox 2143 3891 3712 3962; baseline -0.002 -16"><span class='ocrx_word' id='word_1_567' title='bbox 2143 3891 2332 3957; x_wconf 80' lang='grc' dir='ltr'>Ἀξίως</span> <span class='ocrx_word' id='word_1_568' title='bbox 2376 3892 2470 3945; x_wconf 88' lang='grc' dir='ltr'><strong>τοῦ</strong></span> <span class='ocrx_word' id='word_1_569' title='bbox 2521 3891 2783 3961; x_wconf 85' lang='grc' dir='ltr'>ὀνόματος</span> <span class='ocrx_word' id='word_1_570' title='bbox 2837 3891 2930 3945; x_wconf 90' lang='grc' dir='ltr'><strong>τοῦ</strong></span> <span class='ocrx_word' id='word_1_571' title='bbox 2981 3892 3117 3946; x_wconf 87' lang='grc' dir='ltr'>Θεοῦ</span> <span class='ocrx_word' id='word_1_572' title='bbox 3168 3891 3390 3960; x_wconf 81' lang='grc' dir='ltr'>γέγονεν</span> <span class='ocrx_word' id='word_1_573' title='bbox 3437 3894 3471 3962; x_wconf 87' lang='grc' dir='ltr'><strong>ἡ</strong></span> <span class='ocrx_word' id='word_1_574' title='bbox 3505 3893 3712 3955; x_wconf 76' lang='grc' dir='ltr'>αἴνεσις</span> 
     </span>
    </p>
   </div>
   <div class='ocr_carea' id='block_1_85' title="bbox 2130 3985 2332 4038">
    <p class='ocr_par' dir='ltr' id='par_1_85' title="bbox 2130 3985 2332 4038">
     <span class='ocr_line' id='line_1_85' title="bbox 2130 3985 2332 4038; baseline 0.005 -1"><span class='ocrx_word' id='word_1_575' title='bbox 2130 3985 2332 4038; x_wconf 78' lang='grc' dir='ltr'>αὐτῶν.</span> 
     </span>
    </p>
   </div>
   <div class='ocr_carea' id='block_1_86' title="bbox 2208 4074 3711 4147">
    <p class='ocr_par' dir='ltr' id='par_1_86' title="bbox 2208 4074 3711 4147">
     <span class='ocr_line' id='line_1_86' title="bbox 2208 4074 3711 4147; baseline 0.001 -19"><span class='ocrx_word' id='word_1_576' title='bbox 2208 4076 2315 4129; x_wconf 82' lang='grc' dir='ltr'>Τοῦ</span> <span class='ocrx_word' id='word_1_577' title='bbox 2348 4075 2554 4129; x_wconf 78' lang='grc' dir='ltr'>αὑτοῦ.</span> <span class='ocrx_word' id='word_1_578' title='bbox 2590 4077 2729 4128; x_wconf 84' lang='grc' dir='ltr'><strong>Ὅσα</strong></span> <span class='ocrx_word' id='word_1_579' title='bbox 2768 4074 2853 4128; x_wconf 76' lang='grc' dir='ltr'><strong>διὰ</strong></span> <span class='ocrx_word' id='word_1_580' title='bbox 2885 4076 2986 4146; x_wconf 82' lang='grc' dir='ltr'><strong>τῆς</strong></span> <span class='ocrx_word' id='word_1_581' title='bbox 3025 4077 3259 4139; x_wconf 80' lang='grc' dir='ltr'>πίστεως</span> <span class='ocrx_word' id='word_1_582' title='bbox 3295 4076 3407 4146; x_wconf 72' lang='grc'>(7⁸2)</span> <span class='ocrx_word' id='word_1_583' title='bbox 3439 4077 3711 4147; x_wconf 76' lang='grc' dir='ltr'>ἀκούομεν</span> 
     </span>
    </p>
   </div>
   <div class='ocr_carea' id='block_1_87' title="bbox 2132 4166 3709 4238">
    <p class='ocr_par' dir='ltr' id='par_1_87' title="bbox 2132 4166 3709 4238">
     <span class='ocr_line' id='line_1_87' title="bbox 2132 4166 3709 4238; baseline 0 -17"><span class='ocrx_word' id='word_1_584' title='bbox 2132 4168 2258 4238; x_wconf 82' lang='grc' dir='ltr'>περ).</span> <span class='ocrx_word' id='word_1_585' title='bbox 2286 4166 2440 4230; x_wconf 81' lang='grc' dir='ltr'>Θεοῦ,</span> <span class='ocrx_word' id='word_1_586' title='bbox 2481 4167 2652 4219; x_wconf 86' lang='grc' dir='ltr'>ταῦτα</span> <span class='ocrx_word' id='word_1_587' title='bbox 2685 4167 2771 4220; x_wconf 74' lang='grc' dir='ltr'>διὰ</span> <span class='ocrx_word' id='word_1_588' title='bbox 2801 4167 2892 4219; x_wconf 85' lang='grc' dir='ltr'><strong>τοῦ</strong></span> <span class='ocrx_word' id='word_1_589' title='bbox 2927 4167 3170 4238; x_wconf 77' lang='grc' dir='ltr'>καθαροῦ</span> <span class='ocrx_word' id='word_1_590' title='bbox 3200 4168 3314 4237; x_wconf 81' lang='grc' dir='ltr'>βίου</span> <span class='ocrx_word' id='word_1_591' title='bbox 3347 4167 3709 4238; x_wconf 82' lang='grc' dir='ltr'>γινώσκομεν,</span> 
     </span>
    </p>
   </div>
   <div class='ocr_carea' id='block_1_88' title="bbox 2129 4259 3712 4330">
    <p class='ocr_par' dir='ltr' id='par_1_88' title="bbox 2129 4259 3712 4330">
     <span class='ocr_line' id='line_1_88' title="bbox 2129 4259 3712 4330; baseline 0 -18"><span class='ocrx_word' id='word_1_592' title='bbox 2129 4259 2237 4312; x_wconf 80' lang='grc' dir='ltr'><strong>τῶν</strong></span> <span class='ocrx_word' id='word_1_593' title='bbox 2271 4259 2717 4330; x_wconf 79' lang='grc' dir='ltr'>πεπιστευμένων</span> <span class='ocrx_word' id='word_1_594' title='bbox 2741 4260 2841 4323; x_wconf 81' lang='grc' dir='ltr'>τὰς</span> <span class='ocrx_word' id='word_1_595' title='bbox 2872 4259 3175 4324; x_wconf 80' lang='grc' dir='ltr'>ἀποδείξεις</span> <span class='ocrx_word' id='word_1_596' title='bbox 3203 4260 3289 4313; x_wconf 75' lang='grc' dir='ltr'>διὰ</span> <span class='ocrx_word' id='word_1_597' title='bbox 3321 4261 3419 4329; x_wconf 80' lang='grc' dir='ltr'>τῆς</span> <span class='ocrx_word' id='word_1_598' title='bbox 3445 4261 3712 4323; x_wconf 80' lang='grc' dir='ltr'>ἀπαθείας</span> 
     </span>
    </p>
   </div>
   <div class='ocr_carea' id='block_1_89' title="bbox 2131 4351 2519 4422">
    <p class='ocr_par' dir='ltr' id='par_1_89' title="bbox 2131 4351 2519 4422">
     <span class='ocr_line' id='line_1_89' title="bbox 2131 4351 2519 4422; baseline -0.003 -20"><span class='ocrx_word' id='word_1_599' title='bbox 2131 4351 2519 4422; x_wconf 77' lang='grc' dir='ltr'>λαμϐάνοντες.</span> 
     </span>
    </p>
   </div>
   <div class='ocr_carea' id='block_1_90' title="bbox 2203 4441 3713 4511">
    <p class='ocr_par' dir='ltr' id='par_1_90' title="bbox 2203 4441 3713 4511">
     <span class='ocr_line' id='line_1_90' title="bbox 2203 4441 3713 4511; baseline 0 -17"><span class='ocrx_word' id='word_1_600' title='bbox 2203 4443 2600 4510; x_wconf 80' lang='grc' dir='ltr'>Δικαιοσύνης</span> <span class='ocrx_word' id='word_1_601' title='bbox 2652 4441 2888 4510; x_wconf 76' lang='grc' dir='ltr'>πλήρης</span> <span class='ocrx_word' id='word_1_602' title='bbox 2929 4445 2965 4511; x_wconf 68' lang='grc' dir='ltr'>τ)</span> <span class='ocrx_word' id='word_1_603' title='bbox 3000 4441 3168 4505; x_wconf 76' lang='grc' dir='ltr'>δεξιά</span> <span class='ocrx_word' id='word_1_604' title='bbox 3211 4457 3348 4507; x_wconf 79' lang='grc' dir='ltr'>σου,</span> <span class='ocrx_word' id='word_1_605' title='bbox 3381 4459 3434 4497; x_wconf 88' lang='grc' dir='ltr'><strong>κ.</strong></span> <span class='ocrx_word' id='word_1_606' title='bbox 3469 4459 3518 4493; x_wconf 89' lang='grc' dir='ltr'><strong>τ.</strong></span> <span class='ocrx_word' id='word_1_607' title='bbox 3563 4443 3608 4496; x_wconf 71' lang='grc' dir='ltr'>ὲ.</span> <span class='ocrx_word' id='word_1_608' title='bbox 3655 4443 3713 4494; x_wconf 84' lang='grc' dir='ltr'>ὐ</span> 
     </span>
    </p>
   </div>
   <div class='ocr_carea' id='block_1_91' title="bbox 449 4515 2032 4608">
    <p class='ocr_par' dir='ltr' id='par_1_91' title="bbox 449 4525 2024 4602">
     <span class='ocr_line' id='line_1_91' title="bbox 449 4525 2024 4602; baseline 0.006 -23"><span class='ocrx_word' id='word_1_609' title='bbox 449 4534 561 4581; x_wconf 85' lang='lat' dir='ltr'><strong>etc.</strong></span> <span class='ocrx_word' id='word_1_610' title='bbox 603 4525 830 4580; x_wconf 79' lang='lat' dir='ltr'><strong>Dextera</strong></span> <span class='ocrx_word' id='word_1_611' title='bbox 861 4529 949 4582; x_wconf 84' lang='lat' dir='ltr'><strong>Dei</strong></span> <span class='ocrx_word' id='word_1_612' title='bbox 981 4531 1228 4584; x_wconf 81' lang='lat' dir='ltr'><strong>Christus</strong></span> <span class='ocrx_word' id='word_1_613' title='bbox 1260 4543 1361 4595; x_wconf 88' lang='lat' dir='ltr'><strong>est,</strong></span> <span class='ocrx_word' id='word_1_614' title='bbox 1388 4533 1476 4599; x_wconf 86' lang='lat' dir='ltr'><strong>qui</strong></span> <span class='ocrx_word' id='word_1_615' title='bbox 1507 4532 1717 4600; x_wconf 85' lang='lat' dir='ltr'><strong>justilia</strong></span> <span class='ocrx_word' id='word_1_616' title='bbox 1769 4535 2024 4602; x_wconf 81' lang='lat' dir='ltr'><strong>repletur.</strong></span> 
     </span>
    </p>
   </div>
   <div class='ocr_carea' id='block_1_92' title="bbox 2137 4515 3712 4608">
    <p class='ocr_par' dir='ltr' id='par_1_92' title="bbox 2137 4533 3712 4608">
     <span class='ocr_line' id='line_1_92' title="bbox 2137 4533 3712 4608; baseline -0.003 -18"><span class='ocrx_word' id='word_1_617' title='bbox 2137 4534 2366 4608; x_wconf 86' lang='grc' dir='ltr'>Χριστός</span> <span class='ocrx_word' id='word_1_618' title='bbox 2399 4535 2542 4587; x_wconf 80' lang='grc' dir='ltr'>ἐστιν</span> <span class='ocrx_word' id='word_1_619' title='bbox 2574 4535 2686 4605; x_wconf 79' lang='grc'>(75)</span> <span class='ocrx_word' id='word_1_620' title='bbox 2722 4538 2755 4606; x_wconf 86' lang='grc' dir='ltr'>ἡ</span> <span class='ocrx_word' id='word_1_621' title='bbox 2782 4534 2931 4600; x_wconf 75' lang='grc' dir='ltr'>δεξιὰ</span> <span class='ocrx_word' id='word_1_622' title='bbox 2963 4535 3054 4587; x_wconf 88' lang='grc' dir='ltr'><strong>τοῦ</strong></span> <span class='ocrx_word' id='word_1_623' title='bbox 3089 4533 3246 4600; x_wconf 85' lang='grc' dir='ltr'>Θεοῦ,</span> <span class='ocrx_word' id='word_1_624' title='bbox 3285 4535 3712 4605; x_wconf 78' lang='grc' dir='ltr'>πεπληρωμένος</span> 
     </span>
    </p>
   </div>
   <div class='ocr_carea' id='block_1_93' title="bbox 451 4619 2027 4693">
    <p class='ocr_par' dir='ltr' id='par_1_93' title="bbox 451 4619 2027 4693">
     <span class='ocr_line' id='line_1_93' title="bbox 451 4619 2027 4693; baseline 0.01 -26"><span class='ocrx_word' id='word_1_625' title='bbox 451 4619 814 4683; x_wconf 79' lang='lat' dir='ltr'><strong>Quamobrem</strong></span> <span class='ocrx_word' id='word_1_626' title='bbox 851 4638 868 4671; x_wconf 77' lang='grc' dir='ltr'><strong>ι</strong></span> <span class='ocrx_word' id='word_1_627' title='bbox 899 4630 953 4675; x_wconf 87' lang='lat' dir='ltr'><strong>et</strong></span> <span class='ocrx_word' id='word_1_628' title='bbox 975 4623 1042 4677; x_wconf 88' lang='lat' dir='ltr'><strong>dc</strong></span> <span class='ocrx_word' id='word_1_629' title='bbox 1073 4625 1407 4692; x_wconf 87' lang='lat' dir='ltr'><strong>plenitudine</strong></span> <span class='ocrx_word' id='word_1_630' title='bbox 1439 4625 1559 4693; x_wconf 84' lang='lat' dir='ltr'><strong>ejus</strong></span> <span class='ocrx_word' id='word_1_631' title='bbox 1585 4643 1686 4682; x_wconf 80' lang='lat' dir='ltr'><strong>nos</strong></span> <span class='ocrx_word' id='word_1_632' title='bbox 1717 4643 1908 4681; x_wconf 87' lang='lat' dir='ltr'><strong>omnes</strong></span> <span class='ocrx_word' id='word_1_633' title='bbox 1943 4645 2027 4682; x_wconf 88' lang='lat' dir='ltr'><strong>ac-</strong></span> 
     </span>
    </p>
   </div>
   <div class='ocr_carea' id='block_1_94' title="bbox 451 4707 783 4775">
    <p class='ocr_par' dir='ltr' id='par_1_94' title="bbox 451 4707 783 4775">
     <span class='ocr_line' id='line_1_94' title="bbox 451 4707 783 4775; baseline 0.009 -15"><span class='ocrx_word' id='word_1_634' title='bbox 451 4707 692 4775; x_wconf 86' lang='lat' dir='ltr'><strong>cepimus</strong></span> <span class='ocrx_word' id='word_1_635' title='bbox 710 4709 746 4762; x_wconf 81' lang='lat'><strong>’.</strong></span> <span class='ocrx_word' id='word_1_636' title='bbox 765 4724 783 4755; x_wconf 75' lang='grc' dir='ltr'><strong>ι</strong></span> 
     </span>
    </p>
   </div>
   <div class='ocr_carea' id='block_1_95' title="bbox 528 4799 2024 4874">
    <p class='ocr_par' dir='ltr' id='par_1_95' title="bbox 528 4799 2024 4874">
     <span class='ocr_line' id='line_1_95' title="bbox 528 4799 2024 4874; baseline 0.009 -22"><span class='ocrx_word' id='word_1_637' title='bbox 528 4799 691 4854; x_wconf 74' lang='lat' dir='ltr'><strong>Vsus.</strong></span> <span class='ocrx_word' id='word_1_638' title='bbox 725 4803 810 4854; x_wconf 66' lang='lat'><strong>1&#39;3.</strong></span> <span class='ocrx_word' id='word_1_639' title='bbox 846 4803 1074 4858; x_wconf 72' lang='lat' dir='ltr'><strong>La&#39;tetnr</strong></span> <span class='ocrx_word' id='word_1_640' title='bbox 1123 4824 1272 4860; x_wconf 86' lang='lat' dir='ltr'><strong>mons</strong></span> <span class='ocrx_word' id='word_1_641' title='bbox 1298 4805 1448 4874; x_wconf 87' lang='lat' dir='ltr'><strong>Sion,</strong></span> <span class='ocrx_word' id='word_1_642' title='bbox 1489 4820 1594 4862; x_wconf 84' lang='lat' dir='ltr'><strong>etc.</strong></span> <span class='ocrx_word' id='word_1_643' title='bbox 1625 4809 1866 4865; x_wconf 59' lang='lat' dir='ltr'><strong>lactetur</strong></span> <span class='ocrx_word' id='word_1_644' title='bbox 1897 4813 2024 4867; x_wconf 90' lang='lat' dir='ltr'><strong>Sion</strong></span> 
     </span>
    </p>
   </div>
   <div class='ocr_carea' id='block_1_96' title="bbox 452 4895 2022 4970">
    <p class='ocr_par' dir='ltr' id='par_1_96' title="bbox 452 4895 2022 4970">
     <span class='ocr_line' id='line_1_96' title="bbox 452 4895 2022 4970; baseline 0.009 -28"><span class='ocrx_word' id='word_1_645' title='bbox 452 4907 628 4954; x_wconf 86' lang='lat' dir='ltr'><strong>Inous,</strong></span> <span class='ocrx_word' id='word_1_646' title='bbox 657 4903 712 4944; x_wconf 83' lang='lat' dir='ltr'><strong>et</strong></span> <span class='ocrx_word' id='word_1_647' title='bbox 741 4895 1017 4947; x_wconf 75' lang='lat' dir='ltr'><strong>exsultent</strong></span> <span class='ocrx_word' id='word_1_648' title='bbox 1053 4897 1172 4950; x_wconf 75' lang='lat' dir='ltr'><strong>inlize</strong></span> <span class='ocrx_word' id='word_1_649' title='bbox 1215 4895 1366 4951; x_wconf 67' lang='lat' dir='ltr'><strong>Judte</strong></span> <span class='ocrx_word' id='word_1_650' title='bbox 1417 4911 1636 4967; x_wconf 84' lang='lat' dir='ltr'><strong>propter</strong></span> <span class='ocrx_word' id='word_1_651' title='bbox 1667 4899 1871 4966; x_wconf 88' lang='lat' dir='ltr'><strong>judicia</strong></span> <span class='ocrx_word' id='word_1_652' title='bbox 1911 4903 2022 4970; x_wconf 87' lang='lat' dir='ltr'><strong>Dei,</strong></span> 
     </span>
    </p>
   </div>
   <div class='ocr_carea' id='block_1_97' title="bbox 450 4985 2023 5052">
    <p class='ocr_par' dir='ltr' id='par_1_97' title="bbox 450 4985 2023 5052">
     <span class='ocr_line' id='line_1_97' title="bbox 450 4985 2023 5052; baseline 0.008 -18"><span class='ocrx_word' id='word_1_653' title='bbox 450 4985 578 5034; x_wconf 88' lang='lat' dir='ltr'><strong>dum</strong></span> <span class='ocrx_word' id='word_1_654' title='bbox 614 4985 1054 5052; x_wconf 84' lang='lat' dir='ltr'><strong>cnntcmplnntnr</strong></span> <span class='ocrx_word' id='word_1_655' title='bbox 1097 5003 1284 5040; x_wconf 89' lang='lat' dir='ltr'><strong>eorum</strong></span> <span class='ocrx_word' id='word_1_656' title='bbox 1313 5004 1612 5049; x_wconf 83' lang='lat' dir='ltr'><strong>sermones,</strong></span> <span class='ocrx_word' id='word_1_657' title='bbox 1644 5001 1698 5042; x_wconf 88' lang='lat' dir='ltr'><strong>et</strong></span> <span class='ocrx_word' id='word_1_658' title='bbox 1729 4994 2023 5046; x_wconf 77' lang='lat' dir='ltr'><strong>secundum</strong></span> 
     </span>
    </p>
   </div>
   <div class='ocr_carea' id='block_1_98' title="bbox 445 5079 2028 5146">
    <p class='ocr_par' dir='ltr' id='par_1_98' title="bbox 445 5079 2028 5146">
     <span class='ocr_line' id='line_1_98' title="bbox 445 5079 2028 5146; baseline 0.006 -18"><span class='ocrx_word' id='word_1_659' title='bbox 445 5087 740 5129; x_wconf 77' lang='lat' dir='ltr'><strong>Sermones</strong></span> <span class='ocrx_word' id='word_1_660' title='bbox 773 5093 958 5144; x_wconf 81' lang='lat' dir='ltr'><strong>opera.</strong></span> <span class='ocrx_word' id='word_1_661' title='bbox 994 5079 1058 5132; x_wconf 73' lang='lat' dir='ltr'><strong>Et</strong></span> <span class='ocrx_word' id='word_1_662' title='bbox 1091 5081 1180 5146; x_wconf 90' lang='lat' dir='ltr'><strong>qui</strong></span> <span class='ocrx_word' id='word_1_663' title='bbox 1221 5079 1587 5134; x_wconf 78' lang='lat' dir='ltr'><strong>intellexerint</strong></span> <span class='ocrx_word' id='word_1_664' title='bbox 1619 5081 1770 5146; x_wconf 86' lang='lat' dir='ltr'><strong>Sion,</strong></span> <span class='ocrx_word' id='word_1_665' title='bbox 1803 5083 2028 5139; x_wconf 86' lang='lat' dir='ltr'><strong>circum-</strong></span> 
     </span>
    </p>
   </div>
   <div class='ocr_carea' id='block_1_99' title="bbox 518 5251 1568 5321">
    <p class='ocr_par' dir='ltr' id='par_1_99' title="bbox 518 5251 1568 5321">
     <span class='ocr_line' id='line_1_99' title="bbox 518 5251 1568 5321; baseline 0 -11"><span class='ocrx_word' id='word_1_666' title='bbox 518 5253 542 5286; x_wconf 80' lang='grc'><strong>⁸</strong></span> <span class='ocrx_word' id='word_1_667' title='bbox 577 5251 718 5310; x_wconf 82' lang='lat' dir='ltr'><strong>Psal.</strong></span> <span class='ocrx_word' id='word_1_668' title='bbox 749 5271 879 5310; x_wconf 75' lang='lat' dir='ltr'><strong>xm</strong></span> <span class='ocrx_word' id='word_1_669' title='bbox 909 5296 922 5321; x_wconf 93' lang='lat'><strong>,</strong></span> <span class='ocrx_word' id='word_1_670' title='bbox 955 5256 1007 5310; x_wconf 91' lang='lat'><strong>7.</strong></span> <span class='ocrx_word' id='word_1_671' title='bbox 1086 5257 1106 5288; x_wconf 79' lang='lat'><strong>’</strong></span> <span class='ocrx_word' id='word_1_672' title='bbox 1138 5253 1296 5310; x_wconf 86' lang='lat' dir='ltr'><strong>Joan.</strong></span> <span class='ocrx_word' id='word_1_673' title='bbox 1327 5271 1414 5309; x_wconf 73' lang='lat' dir='ltr'><strong>XVI</strong></span> <span class='ocrx_word' id='word_1_674' title='bbox 1437 5295 1452 5320; x_wconf 88' lang='lat'><strong>,</strong></span> <span class='ocrx_word' id='word_1_675' title='bbox 1481 5253 1568 5310; x_wconf 88' lang='grc'>16.</span> 
     </span>
    </p>
   </div>
   <div class='ocr_carea' id='block_1_100' title="bbox 519 5392 2024 5463">
    <p class='ocr_par' dir='ltr' id='par_1_100' title="bbox 519 5392 2024 5463">
     <span class='ocr_line' id='line_1_100' title="bbox 519 5392 2024 5463; baseline 0.004 -16"><span class='ocrx_word' id='word_1_676' title='bbox 519 5393 635 5463; x_wconf 82' lang='grc'>(67)</span> <span class='ocrx_word' id='word_1_677' title='bbox 675 5392 920 5460; x_wconf 79' lang='grc' dir='ltr'>Εὔριζον</span> <span class='ocrx_word' id='word_1_678' title='bbox 957 5393 1322 5463; x_wconf 61' lang='grc' dir='ltr'>ἀπαῖλίαμα,</span> <span class='ocrx_word' id='word_1_679' title='bbox 1361 5405 1468 5449; x_wconf 87' lang='lat' dir='ltr'><strong>etc.</strong></span> <span class='ocrx_word' id='word_1_680' title='bbox 1505 5393 1735 5450; x_wconf 70' lang='lat' dir='ltr'><strong>Scbedm</strong></span> <span class='ocrx_word' id='word_1_681' title='bbox 1763 5393 1946 5452; x_wconf 87' lang='lat' dir='ltr'><strong>Grabii</strong></span> <span class='ocrx_word' id='word_1_682' title='bbox 1975 5409 2024 5454; x_wconf 88' lang='lat' dir='ltr'><strong>ct</strong></span> 
     </span>
    </p>
   </div>
   <div class='ocr_carea' id='block_1_101' title="bbox 448 5463 929 5518">
    <p class='ocr_par' dir='ltr' id='par_1_101' title="bbox 448 5463 929 5518">
     <span class='ocr_line' id='line_1_101' title="bbox 448 5463 929 5518; baseline -0.004 0"><span class='ocrx_word' id='word_1_683' title='bbox 448 5463 650 5518; x_wconf 85' lang='lat' dir='ltr'><strong>Catena</strong></span> <span class='ocrx_word' id='word_1_684' title='bbox 685 5465 929 5517; x_wconf 86' lang='lat' dir='ltr'><strong>Barbari.</strong></span> 
     </span>
    </p>
   </div>
   <div class='ocr_carea' id='block_1_102' title="bbox 523 5533 1776 5604">
    <p class='ocr_par' dir='ltr' id='par_1_102' title="bbox 523 5533 1776 5604">
     <span class='ocr_line' id='line_1_102' title="bbox 523 5533 1776 5604; baseline -0.002 -16"><span class='ocrx_word' id='word_1_685' title='bbox 523 5534 636 5604; x_wconf 78' lang='grc'>(68)</span> <span class='ocrx_word' id='word_1_686' title='bbox 680 5535 755 5587; x_wconf 78' lang='grc' dir='ltr'><strong>Τὰ</strong></span> <span class='ocrx_word' id='word_1_687' title='bbox 785 5535 891 5601; x_wconf 77' lang='grc' dir='ltr'><strong>ὄρη</strong></span> <span class='ocrx_word' id='word_1_688' title='bbox 927 5533 1099 5596; x_wconf 71' lang='grc' dir='ltr'>Σιών,</span> <span class='ocrx_word' id='word_1_689' title='bbox 1135 5544 1242 5587; x_wconf 76' lang='lat' dir='ltr'><strong>clr.</strong></span> <span class='ocrx_word' id='word_1_690' title='bbox 1272 5534 1474 5588; x_wconf 80' lang='lat' dir='ltr'><strong>Catena</strong></span> <span class='ocrx_word' id='word_1_691' title='bbox 1509 5533 1776 5588; x_wconf 79' lang='lat' dir='ltr'><strong>Corderii.</strong></span> 
     </span>
    </p>
   </div>
   <div class='ocr_carea' id='block_1_103' title="bbox 525 5604 2022 5668">
    <p class='ocr_par' dir='ltr' id='par_1_103' title="bbox 525 5604 2022 5668">
     <span class='ocr_line' id='line_1_103' title="bbox 525 5604 2022 5668; baseline 0.003 -11"><span class='ocrx_word' id='word_1_692' title='bbox 525 5605 638 5668; x_wconf 80' lang='lat'><strong>(69)</strong></span> <span class='ocrx_word' id='word_1_693' title='bbox 677 5607 800 5660; x_wconf 76' lang='lat' dir='ltr'><strong>&quot;Iw:</strong></span> <span class='ocrx_word' id='word_1_694' title='bbox 830 5605 1035 5668; x_wconf 77' lang='grc' dir='ltr'>ταοτό,</span> <span class='ocrx_word' id='word_1_695' title='bbox 1063 5615 1169 5659; x_wconf 88' lang='lat' dir='ltr'><strong>etc.</strong></span> <span class='ocrx_word' id='word_1_696' title='bbox 1205 5606 1386 5660; x_wconf 77' lang='lat' dir='ltr'><strong>Codex</strong></span> <span class='ocrx_word' id='word_1_697' title='bbox 1427 5604 1789 5660; x_wconf 78' lang='lat' dir='ltr'><strong>Coislinianus</strong></span> <span class='ocrx_word' id='word_1_698' title='bbox 1828 5617 1879 5661; x_wconf 89' lang='lat' dir='ltr'><strong>cl</strong></span> <span class='ocrx_word' id='word_1_699' title='bbox 1919 5607 2022 5663; x_wconf 79' lang='lat' dir='ltr'><strong>Ca-</strong></span> 
     </span>
    </p>
   </div>
   <div class='ocr_carea' id='block_1_104' title="bbox 455 5674 861 5728">
    <p class='ocr_par' dir='ltr' id='par_1_104' title="bbox 455 5674 861 5728">
     <span class='ocr_line' id='line_1_104' title="bbox 455 5674 861 5728; baseline 0.005 -2"><span class='ocrx_word' id='word_1_700' title='bbox 455 5683 577 5727; x_wconf 85' lang='lat' dir='ltr'><strong>tena</strong></span> <span class='ocrx_word' id='word_1_701' title='bbox 614 5674 861 5728; x_wconf 75' lang='lat' dir='ltr'><strong>Barbari.</strong></span> 
     </span>
    </p>
   </div>
   <div class='ocr_carea' id='block_1_105' title="bbox 525 5744 2028 5816">
    <p class='ocr_par' dir='ltr' id='par_1_105' title="bbox 525 5744 2028 5816">
     <span class='ocr_line' id='line_1_105' title="bbox 525 5744 2028 5816; baseline 0.005 -20"><span class='ocrx_word' id='word_1_702' title='bbox 525 5744 634 5816; x_wconf 81' lang='lat'><strong>(70)</strong></span> <span class='ocrx_word' id='word_1_703' title='bbox 661 5745 913 5814; x_wconf 60' lang='grc' dir='ltr'>Θίὶίεσεις</span> <span class='ocrx_word' id='word_1_704' title='bbox 957 5746 1296 5812; x_wconf 62' lang='grc' dir='ltr'>θαλάσσης,</span> <span class='ocrx_word' id='word_1_705' title='bbox 1354 5757 1460 5802; x_wconf 82' lang='lat' dir='ltr'><strong>etc.</strong></span> <span class='ocrx_word' id='word_1_706' title='bbox 1503 5749 1680 5802; x_wconf 63' lang='lat' dir='ltr'><strong>Codex</strong></span> <span class='ocrx_word' id='word_1_707' title='bbox 1745 5749 2028 5805; x_wconf 75' lang='lat' dir='ltr'><strong>Coislinia-</strong></span> 
     </span>
    </p>
   </div>
   <div class='ocr_carea' id='block_1_106' title="bbox 453 5829 574 5870">
    <p class='ocr_par' dir='ltr' id='par_1_106' title="bbox 453 5829 574 5870">
     <span class='ocr_line' id='line_1_106' title="bbox 453 5829 574 5870; baseline 0.033 -4"><span class='ocrx_word' id='word_1_708' title='bbox 453 5829 574 5870; x_wconf 73' lang='grc' dir='ltr'>ιιιιε.</span> 
     </span>
    </p>
   </div>
   <div class='ocr_carea' id='block_1_107' title="bbox 2135 4623 3712 4697">
    <p class='ocr_par' dir='ltr' id='par_1_107' title="bbox 2135 4623 3712 4697">
     <span class='ocr_line' id='line_1_107' title="bbox 2135 4623 3712 4697; baseline -0.001 -16"><span class='ocrx_word' id='word_1_709' title='bbox 2135 4626 2500 4697; x_wconf 80' lang='grc' dir='ltr'>δικαιοσύνης.</span> <span class='ocrx_word' id='word_1_710' title='bbox 2542 4627 2634 4679; x_wconf 78' lang='grc' dir='ltr'>Διὸ</span> <span class='ocrx_word' id='word_1_711' title='bbox 2679 4645 2695 4676; x_wconf 79' lang='grc' dir='ltr'><strong>ι</strong></span> <span class='ocrx_word' id='word_1_712' title='bbox 2730 4627 2822 4679; x_wconf 79' lang='grc' dir='ltr'><strong>καὶ</strong></span> <span class='ocrx_word' id='word_1_713' title='bbox 2868 4629 2932 4678; x_wconf 77' lang='grc' dir='ltr'><strong>ἐκ</strong></span> <span class='ocrx_word' id='word_1_714' title='bbox 2975 4625 3069 4678; x_wconf 85' lang='grc' dir='ltr'><strong>τοῦ</strong></span> <span class='ocrx_word' id='word_1_715' title='bbox 3127 4623 3492 4695; x_wconf 80' lang='grc' dir='ltr'>πληρώματος</span> <span class='ocrx_word' id='word_1_716' title='bbox 3546 4626 3712 4680; x_wconf 86' lang='grc' dir='ltr'>αὐτοῦ</span> 
     </span>
    </p>
   </div>
   <div class='ocr_carea' id='block_1_108' title="bbox 2138 4719 2899 4792">
    <p class='ocr_par' dir='ltr' id='par_1_108' title="bbox 2138 4719 2899 4792">
     <span class='ocr_line' id='line_1_108' title="bbox 2138 4719 2899 4792; baseline -0.007 -19"><span class='ocrx_word' id='word_1_717' title='bbox 2138 4723 2295 4792; x_wconf 80' lang='grc' dir='ltr'>ἡμεῖς</span> <span class='ocrx_word' id='word_1_718' title='bbox 2330 4719 2528 4782; x_wconf 86' lang='grc' dir='ltr'>πάντες</span> <span class='ocrx_word' id='word_1_719' title='bbox 2573 4719 2852 4789; x_wconf 73' lang='grc' dir='ltr'>ἐλάϐομεν.</span> <span class='ocrx_word' id='word_1_720' title='bbox 2882 4739 2899 4768; x_wconf 77' lang='grc' dir='ltr'><strong>ι</strong></span> 
     </span>
    </p>
   </div>
   <div class='ocr_carea' id='block_1_109' title="bbox 2211 4809 3716 4882">
    <p class='ocr_par' dir='ltr' id='par_1_109' title="bbox 2211 4809 3716 4882">
     <span class='ocr_line' id='line_1_109' title="bbox 2211 4809 3716 4882; baseline -0.002 -16"><span class='ocrx_word' id='word_1_721' title='bbox 2211 4811 2613 4882; x_wconf 71' lang='grc' dir='ltr'>Εὑςρρανθήτω</span> <span class='ocrx_word' id='word_1_722' title='bbox 2647 4812 2780 4879; x_wconf 80' lang='grc' dir='ltr'>ὅρος</span> <span class='ocrx_word' id='word_1_723' title='bbox 2833 4809 3004 4872; x_wconf 76' lang='grc' dir='ltr'>Σιών,</span> <span class='ocrx_word' id='word_1_724' title='bbox 3055 4828 3108 4863; x_wconf 94' lang='grc' dir='ltr'><strong>κ.</strong></span> <span class='ocrx_word' id='word_1_725' title='bbox 3142 4828 3193 4863; x_wconf 91' lang='grc' dir='ltr'><strong>τ.</strong></span> <span class='ocrx_word' id='word_1_726' title='bbox 3246 4811 3291 4863; x_wconf 82' lang='grc' dir='ltr'><strong>ὲ.</strong></span> <span class='ocrx_word' id='word_1_727' title='bbox 3341 4811 3716 4881; x_wconf 74' lang='grc' dir='ltr'>Εὑφραίνηται</span> 
     </span>
    </p>
   </div>
   <div class='ocr_carea' id='block_1_110' title="bbox 2136 4899 3714 4972">
    <p class='ocr_par' dir='ltr' id='par_1_110' title="bbox 2136 4899 3714 4972">
     <span class='ocr_line' id='line_1_110' title="bbox 2136 4899 3714 4972; baseline -0.003 -16"><span class='ocrx_word' id='word_1_728' title='bbox 2136 4905 2198 4956; x_wconf 77' lang='grc' dir='ltr'><strong>τὸ</strong></span> <span class='ocrx_word' id='word_1_729' title='bbox 2227 4905 2362 4956; x_wconf 86' lang='grc' dir='ltr'>Σιὼν</span> <span class='ocrx_word' id='word_1_730' title='bbox 2394 4903 2502 4972; x_wconf 66' lang='grc'>(74)</span> <span class='ocrx_word' id='word_1_731' title='bbox 2533 4901 2678 4972; x_wconf 65' lang='grc' dir='ltr'>ὅρος,</span> <span class='ocrx_word' id='word_1_732' title='bbox 2709 4901 2801 4953; x_wconf 76' lang='grc' dir='ltr'><strong>καὶ</strong></span> <span class='ocrx_word' id='word_1_733' title='bbox 2839 4899 3170 4966; x_wconf 79' lang='grc' dir='ltr'>ἀγαλλιῶσιν</span> <span class='ocrx_word' id='word_1_734' title='bbox 3201 4903 3257 4952; x_wconf 81' lang='grc' dir='ltr'>αἱ</span> <span class='ocrx_word' id='word_1_735' title='bbox 3289 4901 3586 4970; x_wconf 79' lang='grc' dir='ltr'>Θυγατέρες</span> <span class='ocrx_word' id='word_1_736' title='bbox 3615 4902 3714 4970; x_wconf 76' lang='grc' dir='ltr'><strong>τῆς</strong></span> 
     </span>
    </p>
   </div>
   <div class='ocr_carea' id='block_1_111' title="bbox 2147 4991 3714 5063">
    <p class='ocr_par' dir='ltr' id='par_1_111' title="bbox 2147 4991 3714 5063">
     <span class='ocr_line' id='line_1_111' title="bbox 2147 4991 3714 5063; baseline -0.002 -16"><span class='ocrx_word' id='word_1_737' title='bbox 2147 4995 2404 5057; x_wconf 80' lang='grc' dir='ltr'>Ἰουδαίας</span> <span class='ocrx_word' id='word_1_738' title='bbox 2449 4993 2636 5046; x_wconf 70' lang='grc' dir='ltr'>ἕνεκεν</span> <span class='ocrx_word' id='word_1_739' title='bbox 2667 4995 2778 5049; x_wconf 81' lang='grc' dir='ltr'>τῶν</span> <span class='ocrx_word' id='word_1_740' title='bbox 2809 4993 3092 5063; x_wconf 76' lang='grc' dir='ltr'>κριμάτων</span> <span class='ocrx_word' id='word_1_741' title='bbox 3130 4991 3225 5044; x_wconf 83' lang='grc' dir='ltr'><strong>τοῦ</strong></span> <span class='ocrx_word' id='word_1_742' title='bbox 3269 4991 3426 5054; x_wconf 82' lang='grc' dir='ltr'>Θεοῦ,</span> <span class='ocrx_word' id='word_1_743' title='bbox 3461 4991 3538 5061; x_wconf 86' lang='grc' dir='ltr'>τῷ</span> <span class='ocrx_word' id='word_1_744' title='bbox 3590 4992 3714 5044; x_wconf 76' lang='lat' dir='ltr'><strong>Osto-</strong></span> 
     </span>
    </p>
   </div>
   <div class='ocr_carea' id='block_1_112' title="bbox 2140 5082 3712 5156">
    <p class='ocr_par' dir='ltr' id='par_1_112' title="bbox 2140 5082 3712 5156">
     <span class='ocr_line' id='line_1_112' title="bbox 2140 5082 3712 5156; baseline -0.001 -19"><span class='ocrx_word' id='word_1_745' title='bbox 2140 5089 2249 5156; x_wconf 84' lang='grc' dir='ltr'>ρεῖν</span> <span class='ocrx_word' id='word_1_746' title='bbox 2293 5083 2471 5138; x_wconf 77' lang='grc' dir='ltr'>αὐτῶν</span> <span class='ocrx_word' id='word_1_747' title='bbox 2495 5085 2620 5148; x_wconf 84' lang='grc' dir='ltr'>τοὺς</span> <span class='ocrx_word' id='word_1_748' title='bbox 2645 5082 2858 5150; x_wconf 86' lang='grc' dir='ltr'>λόγους,</span> <span class='ocrx_word' id='word_1_749' title='bbox 2891 5083 2983 5136; x_wconf 80' lang='grc' dir='ltr'>καὶ</span> <span class='ocrx_word' id='word_1_750' title='bbox 3014 5083 3153 5136; x_wconf 67' lang='grc' dir='ltr'>κατὰ</span> <span class='ocrx_word' id='word_1_751' title='bbox 3179 5083 3306 5145; x_wconf 82' lang='grc' dir='ltr'>τοὺς</span> <span class='ocrx_word' id='word_1_752' title='bbox 3333 5082 3525 5150; x_wconf 87' lang='grc' dir='ltr'>λόγους</span> <span class='ocrx_word' id='word_1_753' title='bbox 3553 5083 3712 5153; x_wconf 72' lang='grc' dir='ltr'>ἔργα.</span> 
     </span>
    </p>
   </div>
   <div class='ocr_carea' id='block_1_113' title="bbox 2203 5391 3710 5462">
    <p class='ocr_par' dir='ltr' id='par_1_113' title="bbox 2203 5391 3710 5462">
     <span class='ocr_line' id='line_1_113' title="bbox 2203 5391 3710 5462; baseline -0.001 -13"><span class='ocrx_word' id='word_1_754' title='bbox 2203 5397 2314 5461; x_wconf 84' lang='grc'>(71)</span> <span class='ocrx_word' id='word_1_755' title='bbox 2353 5395 2505 5458; x_wconf 85' lang='grc' dir='ltr'><strong>Ἕξω</strong></span> <span class='ocrx_word' id='word_1_756' title='bbox 2525 5393 2645 5462; x_wconf 79' lang='grc' dir='ltr'><strong>μὲν</strong></span> <span class='ocrx_word' id='word_1_757' title='bbox 2666 5391 2776 5461; x_wconf 80' lang='grc' dir='ltr'>τῆς</span> <span class='ocrx_word' id='word_1_758' title='bbox 2811 5393 3063 5456; x_wconf 72' lang='grc' dir='ltr'>πόλεωρ,</span> <span class='ocrx_word' id='word_1_759' title='bbox 3085 5401 3189 5445; x_wconf 86' lang='lat' dir='ltr'><strong>etc.</strong></span> <span class='ocrx_word' id='word_1_760' title='bbox 3210 5391 3409 5446; x_wconf 82' lang='lat' dir='ltr'><strong>Catena</strong></span> <span class='ocrx_word' id='word_1_761' title='bbox 3441 5391 3710 5446; x_wconf 88' lang='lat' dir='ltr'><strong>Corderii.</strong></span> 
     </span>
    </p>
   </div>
   <div class='ocr_carea' id='block_1_114' title="bbox 2203 5463 3714 5536">
    <p class='ocr_par' dir='ltr' id='par_1_114' title="bbox 2203 5463 3714 5536">
     <span class='ocr_line' id='line_1_114' title="bbox 2203 5463 3714 5536; baseline -0.001 -18"><span class='ocrx_word' id='word_1_762' title='bbox 2203 5467 2316 5536; x_wconf 70' lang='grc'>(72)</span> <span class='ocrx_word' id='word_1_763' title='bbox 2354 5465 2500 5536; x_wconf 82' lang='grc' dir='ltr'>Ὅσα</span> <span class='ocrx_word' id='word_1_764' title='bbox 2527 5463 3074 5536; x_wconf 13' lang='grc' dir='ltr'>διίιιτῆςίπίστεως,</span> <span class='ocrx_word' id='word_1_765' title='bbox 3104 5475 3214 5536; x_wconf 60' lang='grc' dir='ltr'>εις.</span> <span class='ocrx_word' id='word_1_766' title='bbox 3263 5463 3443 5536; x_wconf 54' lang='lat' dir='ltr'><strong>(index</strong></span> <span class='ocrx_word' id='word_1_767' title='bbox 3509 5463 3714 5516; x_wconf 81' lang='lat' dir='ltr'><strong>Coisli-</strong></span> 
     </span>
    </p>
   </div>
   <div class='ocr_carea' id='block_1_115' title="bbox 2133 5531 3428 5599">
    <p class='ocr_par' dir='ltr' id='par_1_115' title="bbox 2133 5531 3428 5599">
     <span class='ocr_line' id='line_1_115' title="bbox 2133 5531 3428 5599; baseline -0.005 -10"><span class='ocrx_word' id='word_1_768' title='bbox 2133 5531 2354 5599; x_wconf 85' lang='lat' dir='ltr'><strong>nianus,</strong></span> <span class='ocrx_word' id='word_1_769' title='bbox 2381 5535 2595 5587; x_wconf 72' lang='lat' dir='ltr'><strong>schedae</strong></span> <span class='ocrx_word' id='word_1_770' title='bbox 2621 5533 2806 5588; x_wconf 86' lang='lat' dir='ltr'><strong>Grabii</strong></span> <span class='ocrx_word' id='word_1_771' title='bbox 2847 5543 2900 5586; x_wconf 90' lang='lat' dir='ltr'><strong>ct</strong></span> <span class='ocrx_word' id='word_1_772' title='bbox 2938 5534 3145 5587; x_wconf 80' lang='lat' dir='ltr'><strong>Catena</strong></span> <span class='ocrx_word' id='word_1_773' title='bbox 3183 5531 3428 5584; x_wconf 84' lang='lat' dir='ltr'><strong>Barbari.</strong></span> 
     </span>
    </p>
   </div>
   <div class='ocr_carea' id='block_1_116' title="bbox 2205 5599 3710 5676">
    <p class='ocr_par' dir='ltr' id='par_1_116' title="bbox 2205 5599 3710 5676">
     <span class='ocr_line' id='line_1_116' title="bbox 2205 5599 3710 5676; baseline 0 -18"><span class='ocrx_word' id='word_1_774' title='bbox 2205 5607 2320 5676; x_wconf 77' lang='grc'>(75)</span> <span class='ocrx_word' id='word_1_775' title='bbox 2449 5605 2700 5671; x_wconf 68' lang='grc' dir='ltr'>Χριστός</span> <span class='ocrx_word' id='word_1_776' title='bbox 2733 5603 2924 5676; x_wconf 58' lang='grc' dir='ltr'>ἐστιν,</span> <span class='ocrx_word' id='word_1_777' title='bbox 2956 5603 3320 5676; x_wconf 69' lang='lat' dir='ltr'><strong>etc._Scl_chtu</strong></span> <span class='ocrx_word' id='word_1_778' title='bbox 3353 5599 3536 5655; x_wconf 83' lang='lat' dir='ltr'><strong>Grabii</strong></span> <span class='ocrx_word' id='word_1_779' title='bbox 3559 5645 3572 5666; x_wconf 94' lang='lat'><strong>,</strong></span> <span class='ocrx_word' id='word_1_780' title='bbox 3615 5618 3710 5658; x_wconf 83' lang='lat'><strong>(‘0-</strong></span> 
     </span>
    </p>
   </div>
   <div class='ocr_carea' id='block_1_117' title="bbox 2135 5672 3214 5732">
    <p class='ocr_par' dir='ltr' id='par_1_117' title="bbox 2135 5672 3214 5732">
     <span class='ocr_line' id='line_1_117' title="bbox 2135 5672 3214 5732; baseline -0.009 0"><span class='ocrx_word' id='word_1_781' title='bbox 2135 5672 2231 5732; x_wconf 66' lang='lat' dir='ltr'><strong>dcit</strong></span> <span class='ocrx_word' id='word_1_782' title='bbox 2264 5675 2628 5728; x_wconf 77' lang='lat' dir='ltr'><strong>Coislinianns</strong></span> <span class='ocrx_word' id='word_1_783' title='bbox 2658 5685 2712 5726; x_wconf 85' lang='lat' dir='ltr'><strong>et</strong></span> <span class='ocrx_word' id='word_1_784' title='bbox 2742 5673 2942 5726; x_wconf 82' lang='lat' dir='ltr'><strong>Catena</strong></span> <span class='ocrx_word' id='word_1_785' title='bbox 2973 5672 3214 5724; x_wconf 78' lang='lat' dir='ltr'><strong>Barbari.</strong></span> 
     </span>
    </p>
   </div>
   <div class='ocr_carea' id='block_1_118' title="bbox 2209 5739 3720 5817">
    <p class='ocr_par' dir='ltr' id='par_1_118' title="bbox 2209 5739 3720 5817">
     <span class='ocr_line' id='line_1_118' title="bbox 2209 5739 3720 5817; baseline -0.001 -21"><span class='ocrx_word' id='word_1_786' title='bbox 2209 5745 2323 5817; x_wconf 67' lang='grc'>(74)</span> <span class='ocrx_word' id='word_1_787' title='bbox 2352 5743 2756 5814; x_wconf 55' lang='grc' dir='ltr'>Εὐρραίνηται</span> <span class='ocrx_word' id='word_1_788' title='bbox 2788 5742 2848 5796; x_wconf 68' lang='grc' dir='ltr'>τὸ</span> <span class='ocrx_word' id='word_1_789' title='bbox 2880 5739 3052 5806; x_wconf 76' lang='grc' dir='ltr'>Σιών,</span> <span class='ocrx_word' id='word_1_790' title='bbox 3093 5753 3197 5797; x_wconf 74' lang='lat' dir='ltr'><strong>ct’c.</strong></span> <span class='ocrx_word' id='word_1_791' title='bbox 3251 5742 3456 5796; x_wconf 81' lang='lat' dir='ltr'><strong>Catena</strong></span> <span class='ocrx_word' id='word_1_792' title='bbox 3513 5743 3720 5799; x_wconf 76' lang='lat' dir='ltr'><strong>Corde--</strong></span> 
     </span>
    </p>
   </div>
   <div class='ocr_carea' id='block_1_119' title="bbox 2137 5833 2199 5870">
    <p class='ocr_par' dir='ltr' id='par_1_119' title="bbox 2137 5833 2199 5870">
     <span class='ocr_line' id='line_1_119' title="bbox 2137 5833 2199 5870; baseline 0 0"><span class='ocrx_word' id='word_1_793' title='bbox 2137 5833 2199 5870; x_wconf 80' lang='lat' dir='ltr'><strong>l&#39;ll</strong></span> 
     </span>
    </p>
   </div>
  </div>
