4110 6448
438 389 563 438 HM

1363 383 1672 438 SEl.l-'.(ZT.-\
1712 383 1776 437 IN
1819 383 2156 468 PSAIAIOS.
2199 414 2266 424 -—-
2313 384 2508 439 PSAL
2535 386 2762 443 XLVIII.

3555 395 3695 449 Ill“).

436 502 544 553 Καὶ
576 501 622 553 οἱ
679 502 966 570 νοήσαντες
1009 515 1105 564 την
1157 497 1292 549 Σιὼν
1350 499 1638 550 κυκλοῦσιν
1695 499 1883 567 αὐτὴν,
1922 501 2001 550 καί

2121 499 2246 550 dant
2277 500 2445 562 illam,
2471 511 2524 553 ct
2547 502 2983 570 con‘iplertuntur
3016 503 3216 571 ipsum;
3261 516 3314 559 et
3340 506 3690 561 ascendentes

436 591 930 662 περιλαμϐάνουσιν
981 592 1181 660 αὑτήν·
1237 591 1329 642 καὶ
1378 591 1676 651 ἀναϐάντες
1740 589 1830 639 ἐπὶ
1890 591 2011 651 τοῦς

435 685 675 754 πύργους
727 684 930 753 αὐτῆς,
981 683 1291 753 διηγοῦνται
1352 682 1556 735 ἄνωθεν
1619 683 1730 742 τοῖς
1789 681 2014 750 μηδέπω

431 776 739 844 δυνηθεῖσιν
782 777 1048 846 ἀναϐῆναι
1081 777 1170 828 ἐπὶ
1223 777 1350 838 τοὺς
1398 774 1639 844 πύργους
1690 773 1879 842 αὐτῆς,
1923 771 2010 823 λέ-

434 885 647 935 γοντες’
673 867 840 919 Θέσθε
883 867 980 930 τὰς
1013 867 1238 938 καρδίας
1263 865 1436 934 ὑμῶν,
1468 865 1554 917 ἵνα
1593 864 1888 932 κατανοῆτε
1917 867 2014 933 τὴν

431 960 658 1029 δύναμιν
709 959 895 1020 αὑτοῦ,
937 960 1030 1012 καὶ
1074 959 1300 1020 ἕκαστος
1340 957 1405 1009 δι’
1450 951 1525 1008 ὧν
1573 956 1804 1026 πράττει
1860 955 2011 1008 πολι-

432 1052 718 1120 τευόμενος
767 1051 923 1115 ἀξίαν
961 1051 1057 1121 τὴν
1108 1053 1325 1120 μνήμην
1359 1049 1498 1120 λάϐῃ
1549 1049 1648 1118 τῆς
1688 1047 1828 1101 κατὰ
1880 1048 2014 1101 διαι-

436 1143 636 1214 ρέσεως
660 1145 760 1212 τῆς
792 1143 1020 1205 πόλεως.
1051 1145 1119 1195 "Ii
1152 1143 1245 1194 καὶ
1278 1142 1446 1205 οὕτως
1465 1153 1479 1169 ’
1507 1141 1610 1211 Τῆς
1645 1139 1871 1210 γνώμης
1912 1140 2012 1208 τῆς

432 1235 889 1304 ἐκκλησιαπικῆς
944 1233 1306 1303 σκοπευτικῆς
1357 1232 1524 1302 οῦσης
1569 1233 1668 1302 τῆς
1719 1231 2007 1301 ἀληθείας,

431 1328 524 1379 καὶ
555 1327 642 1380 διὰ
671 1325 828 1378 τοῦτο
859 1325 996 1378 Σιὼν
1033 1325 1396 1394 καλουμένης,
1441 1323 1801 1394 περιληπτέον
1843 1323 2010 1393 αὐτῆς

427 1420 484 1470 ἐν
518 1418 726 1487 διανοίᾳ
771 1417 836 1469 τὰ
868 1419 1135 1486 δόγματα.
1185 1414 1652 1486 Ἐπιστημονικῶς
1686 1413 1864 1467 τοίνυν
1913 1431 2011 1466 κα-

427 1513 786 1580 τανοήσαντες
834 1511 931 1580 τὴν
986 1509 1189 1577 ταύτης
1238 1508 1618 1570 διδασκαλίαν,
1667 1505 2011 1575 διαιρετικῶς

429 1601 657 1654 ἕκαστον
710 1599 1010 1665 ἐξετάζετε.
1047 1599 1244 1669 Βάρεις
1278 1597 1385 1668 γὰρ
1426 1598 1591 1666 αὐτῆς
1627 1599 1681 1649 αἱ
1733 1595 1853 1647 καθ’
1883 1595 2012 1648 ἕκα-

437 1709 558 1744 στον
607 1691 861 1760 θεωρίαι,
914 1693 970 1742 ἐν
1019 1684 1106 1753 αἶς
1156 1692 1294 1742 οἰκεῖ
1339 1689 1439 1758 τῆς
1488 1687 1768 1750 εὐσεϐείας
1812 1685 1880 1739 τὰ
1929 1685 2012 1737 δό-

434 1799 641 1853 γματα.
681 1785 787 1836 Καὶ
825 1785 944 1836 ἐπεὶ
983 1786 1016 1854 ὴ
1051 1782 1287 1853 προτέρα
1319 1781 1560 1850 γενεά,.ή
1593 1780 1690 1850 τὴν
1730 1778 1883 1831 πόλιν
1919 1777 2010 1830 καὶ

424 1877 521 1948 τὴν
563 1877 792 1946 δύναμιν
845 1876 1013 1944 αὐτῆς
1045 1873 1456 1945 παραλαϐοῦσα,
1489 1870 1700 1942 πονηρὰ
1744 1867 2008 1939 ἠλέγχθη,

424 1970 814 2039 ἐπιστήσαντες
858 1971 923 2038 τῇ
976 1967 1197 2036 δυνάμει
1229 1966 1327 2035 τῆς
1367 1963 1595 2026 πόλεως,
1631 1962 1724 2014 καὶ
1761 1959 2008 2014 καταδιε-

423 2063 604 2126 λόντες
655 2065 754 2126 τὰς
803 2063 989 2134 βάρεις
1040 2061 1231 2129 αὐτῆς,
1285 2058 1558 2128 γνώσεσθε
1604 2055 1671 2107 tit
1730 2053 1858 2123 περὶ
1909 2052 2006 2121 τῆς

424 2155 668 2222 κλήσεως
698 2154 805 2205 τῶν
843 2153 1034 2220 ἁγίων,
1064 2154 1183 2223 ἣτις
1230 2151 1377 2202 ἐστὶν
1428 2148 1591 2217 ἑτέρα
1641 2143 1803 2212 γενεὰ
1853 2140 2006 2211 παρὰ

422 2247 521 2315 τὴν
549 2247 820 2316 προτέραν
841 2263 853 2275 ⁶
892 2245 1048 2316 εἴπερ
1078 2245 1171 2298 καὶ
1195 2239 1544 2313 διηγήσεσθε,
1570 2239 1650 2290 ὅτι
1677 2231 1830 2298 οῦτός
1859 2237 2006 2286 ἐστιν

419 2337 449 2388 ὁ
481 2334 635 2398 Θεὸς,
671 2337 699 2388 ὁ
739 2334 807 2386 τά
840 2335 1212 2406 προειρημένα
1257 2329 1536 2404 παράδοξα
1568 2326 1822 2396 ποιήσας,
1865 2324 2002 2375 ἁπο-

421 2425 601 2478 6αλὼν
642 2427 740 2496 τὴν
779 2426 1050 2496 προτέραν
1103 2423 1316 2492 γενεὰν,
1371 2421 1587 2482 αἰώνιος
1633 2420 1731 2482 ὢν,
1774 2417 1866 2470 καὶ
1916 2417 2002 2468 ἀεὶ

2119 589 2234 656 ejus
2285 600 2483 648 turres.
2537 595 3021 663 narrantdesuper
3066 596 3130 649 iis
3168 597 3257 663 qui
3307 598 3531 650 necdum
3578 601 3694 667 ejus

2121 689 2296 734 turres
2354 693 2578 746 possunt
2630 686 2948 748 ascendere,
2983 687 3262 740 dicentes:
3302 686 3497 743 Ponite
3525 693 3691 742 corda

2120 779 2319 837 vestra,
2353 783 2410 823 ut
2438 773 2756 842 intelligatis
2786 779 3039 828 virtutem
3069 780 3204 845 ejus,
3229 791 3282 834 et
3321 783 3693 851 unusquisque

2117 876 2212 928 per
2245 877 2305 914 ea
2332 877 2450 929 quae
2485 865 2588 931 agit
2621 865 2923 930 institutus,
2959 869 3172 938 dignam
3197 873 3512 925 memoriam
3544 875 3680 927 οἰκία

2119 960 2243 1003 neat
2269 951 2321 1003 iu
2358 953 2744 1008 distributione
2772 957 3035 1012 civitatis.
3073 960 3162 1012 Vel
3194 962 3354 1013 etiam
3403 963 3481 1016 sic
3519 967 3686 1021 :Cum

2116 1043 2360 1098 Ecclesia
2398 1047 2447 1098 iu
2481 1048 2714 1101 veritate
2755 1052 3169 1120 contemplanda
3216 1065 3488 1122 versetur,
3513 1069 3569 1111 et
3610 1059 3697 1112 id-

2115 1132 2266 1186 circo
2299 1132 2428 1188 Sion
2469 1147 2836 1205 nuncupelur,
2866 1142 3120 1207 dogmata
3161 1142 3276 1208 ejus
3327 1156 3507 1198 mente
3536 1163 3686 1200 com-

2115 1222 2392 1291 plectenda
2427 1237 2574 1280 sunt.
2621 1228 2770 1283 Scite
2805 1231 2973 1299 igitur
3003 1235 3310 1288 doctrinam
3339 1236 3455 1303 ejus
3487 1254 3684 1305 expen-

2115 1315 2319 1376 dentes,
2356 1317 2609 1372 distincte
2659 1323 2865 1390 singula
2915 1328 3250 1380 examinate.
3294 1329 3493 1382 Domus
3543 1332 3687 1383 cuitu

2113 1404 2230 1472 ejus
2268 1417 2392 1460 sunt
2424 1411 2649 1478 singulae
2683 1417 3193 1485 COilICIﬂIIIﬂIIOIICS,
3227 1420 3276 1470 in
3309 1422 3506 1488 quibus
3538 1437 3688 1474 com-

2116 1510 2398 1552 morantur
2425 1504 2675 1572 dogmata
2709 1508 2944 1574 pietatis.
2976 1510 3037 1562 Et
3064 1527 3184 1563 cum
3217 1513 3362 1580 prior
3390 1514 3688 1578 generatio,

2113 1607 2232 1659 qute
2265 1594 2541 1649 civitatem
2572 1607 2627 1650 et
2681 1601 2941 1653 virtutem
2995 1602 3112 1672 ejus
3145 1615 3450 1672 reetépcrat,
3488 1606 3690 1674 iniqui-

2117 1686 2240 1736 tatis
2274 1689 2521 1741 convicta
2575 1689 2680 1752 sit;
2716 1691 2803 1742 ubi
2854 1692 3194 1760 exploratam
3247 1695 3548 1750 habueritis
3597 1713 3692 1767 po-

2116 1777 2337 1828 tentiam
2383 1778 2639 1841 civitatis,
2667 1789 2720 1833 et
2757 1781 3051 1835 diviseritis
3086 1785 3276 1839 domos
3315 1786 3453 1854 ejus,
3487 1803 3692 1852 cogno-

2044 1875 2086 1928 B
2117 1867 2282 1921 sectis
2316 1870 2658 1924 vocationem
2690 1883 3027 1937 sanctorum,
3075 1891 3193 1942 quae
3225 1885 3307 1928 est
3329 1877 3497 1930 altera
3531 1894 3690 1946 gene-

2115 1959 2256 2011 ratio
2309 1975 2470 2027 quam
2527 1963 2719 2030 prior,
2770 1966 3036 2033 siquidem
3076 1971 3242 2020 etiam
3293 1972 3687 2026 annuntiahilis

2114 2050 2370 2118 quoniam
2396 2052 2484 2106 hic
2519 2063 2599 2107 est
2637 2054 2800 2121 Deus,
2825 2057 2914 2123 qui
2961 2061 3212 2125 praedicta
3243 2060 3506 2114 mirabilia
3534 2063 3683 2121 fecit.

2116 2141 2368 2208 rejiciens
2401 2144 2634 2210 priorem
2670 2148 3099 2214 generationem,
3144 2167 3266 2204 cum
3316 2154 3384 2206 sit
3428 2165 3683 2220 anei-ints,

2113 2241 2168 2282 ct
2205 2246 2418 2298 semper
2465 2236 2654 2287 eodem
2697 2238 2856 2290 modo
2896 2253 2955 2291 se
3003 2239 3224 2294 habeat.
3279 2243 3338 2295 Et
3376 2245 3490 2312 ipse
3535 2258 3686 2315 reget

2114 2337 2232 2381 nos,
2263 2321 2416 2390 juxta
2460 2324 2591 2376 illud
2641 2339 2652 2370 :
2708 2344 2724 2376 ι
2782 2326 2996 2380 Statnet
3046 2339 3100 2382 et
3149 2331 3368 2394 videbit,
3410 2345 3465 2387 et
3501 2347 3686 2403 paseet

2109 2429 2324 2482 gregem
2354 2429 2509 2467 sumu
2544 2417 2594 2468 in
2632 2416 2948 2472 fortitudine
2989 2420 3242 2475 Dominus
3283 2425 3344 2475 ¹⁶.
3380 2442 3396 2474 ι

420 2519 679 2580 ὡσαύτως
711 2518 866 2587 ἔχων.
909 2519 1016 2570 Καὶ
1053 2517 1214 2580 αὐτὸς
1250 2517 1504 2586 ποιμανεῖ
1536 2514 1681 2584 ημᾶς
1727 2510 1866 2564 κατὰ
1904 2509 2029 2562 τό·‹
2062 2508 2323 2579 Στήσεται
2372 2511 2466 2562 καὶ
2510 2510 2722 2580 ὄψεται,
2758 2514 2851 2568 καὶ
2885 2520 3142 2586 ποιμανεῖ
3189 2519 3250 2570 τὸ
3299 2520 3546 2590 ποίμνιον
3598 2523 3685 2576 αὺ-

419 2613 511 2666 τοῦ
540 2616 597 2666 ἐν
629 2614 771 2682 ἰσχύϊ
808 2613 1030 2683 Κύριος.
1062 2630 1081 2663 ι

489 2709 597 2762 Καὶ
649 2709 1072 2762 aurati/£18003
1113 2710 1221 2772 τὰς
1263 2707 1477 2773 ,ϐάρεις
1525 2702 1738 2770 αὐτῆς,
1773 2721 1826 2756 κ.
1859 2719 1908 2754 τ.
1954 2703 1980 2754 ἐ

419 2798 607 2852 Ταῦτα
655 2799 986 2869 πληροῦνται
1031 2798 1140 2867 (73)
1177 2797 1269 2850 ἐπὶ
1315 2797 1424 2848 τῶν
1474 2795 1731 2865 μαθητῶν
1783 2789 2003 2863 μεριζο-

421 2891 596 2957 μένων
626 2889 723 2960 τὴν
757 2891 1101 2960 οἰκουμένην,
1127 2890 1218 2942 ἐπὶ
1251 2888 1328 2959 τῷ
1360 2886 1738 2958 διηγήσασθαι,
1766 2886 1846 2938 ὅτι
1873 2885 2005 2954 Χρι-

418 2983 542 3044 στός
578 2984 721 3034 ἐστιν
747 2983 775 3034 ὁ
801 2983 930 3045 Θεὸς
957 2981 1115 3052 ἡμῶν
1144 2982 1172 3033 ὁ
1207 2980 1514 3050 ποιμαίνων
1544 2980 1710 3049 ἡμᾶς.

972 3161 1266 3214 ΨΛΛΜΟΣ
1305 3161 1446 3213 MlI'.
1792 3121 1798 3126 ι
2029 3160 2070 3217 C

489 3257 592 3320 Εἰς
631 3254 698 3308 τὸ
728 3254 920 3320 τέλος,
959 3253 1084 3320 τοῖς
1116 3253 1268 3318 υἱοῖς
1303 3252 1452 3319 Κορὲ
1501 3251 1760 3320 dra/Lude.
1799 3249 1998 3302 Ἀκού-

415 3363 563 3400 σατε
619 3346 835 3410 ταῦτα,
878 3345 1076 3398 πάντα
1118 3344 1187 3397 τὰ
1242 3344 1420 3411 ἔθνη,
1476 3360 1529 3399 κ.
1574 3360 1624 3395 τ.
1671 3342 1716 3394 ἐ.
1764 3341 1999 3394 Δύναται

416 3437 495 3498 είς
535 3436 644 3506 (76)
681 3436 780 3506 τὴν
815 3435 1045 3488 ἑκάστου
1088 3435 1242 3505 νίκην
1277 3434 1384 3489 τῶν
1426 3437 1483 3488 ἐν
1511 3434 1590 3504 τῷ
1638 3432 1998 3503 ἀγωνίζεσθαι

416 3526 689 3580 νικώντων
723 3526 1148 3598 ἁναφέρεσθαιή
1179 3526 1481 3596 ἐπιγραφή.
1520 3526 1592 3577 Τὸ
1626 3525 1705 3588 δὲ,
1753 3543 1772 3576 t
1813 3524 2000 3578 Ἀκού-

418 3633 570 3681 σατε,
597 3635 615 3668 ι
653 3617 889 3688 Χριστοῦ
943 3617 1124 3688 φωνὴ,
1159 3617 1340 3670 πάντα
1373 3618 1440 3670 τὰ
1475 3617 1597 3670 ἑθντ
1655 3615 1996 3687 προσκαλουν

419 3712 602 3781 μένου,
657 3711 750 3763 τοῦ
811 3711 1054 3774 εἰπόντος
1077 3727 1090 3742 ’
1144 3728 1162 3759 t
1191 3710 1354 3762 Δεῦτε
1407 3709 1545 3780 πρὸς
1579 3709 1667 3779 μὲ,
1706 3707 1906 3771 πάντες
1946 3709 1996 3760 οἱ

416 3801 735 3863 κοπιῶντες.
762 3821 781 3852 ι
819 3801 928 3854 Καὶ
958 3803 1079 3854 ἐπεὶ
1111 3799 1220 3854 ἀπὸ
1253 3799 1352 3869 τῆς
1390 3799 1592 3864 λέξεως
1623 3799 1732 3851 τῶν
1764 3797 1998 3871 Γραιρῶν

411 3893 774 3963 οἰκοδομεῖται
805 3891 896 3944 καὶ
925 3890 1290 3962 ἁπλούστερον
1325 3892 1566 3960 γηγενής
1595 3907 1678 3952 τις
1703 3891 1798 3942 καὶ
1829 3890 1998 3960 πένης

413 3985 510 4048 ὢν,
538 3984 826 4053 ὠφελεῖται
858 3985 914 4037 δὲ
946 3983 1146 4054 μᾶλλον
1177 3985 1271 4036 καὶ
1301 3985 1329 4035 ὁ
1359 3981 1655 4034 διαϐαίνειν
1696 3980 1996 4050 δυνάμενος

414 4076 510 4129 ἐπὶ
556 4076 624 4128 τὰ
677 4075 1055 4144 πνευματικὰ,
1091 4075 1206 4137 υίὸς
1256 4072 1546 4144 ἀνθρώπου
1599 4073 1693 4143 καὶ
1743 4072 1997 4135 πλούσιος

412 4168 723 4238 τυγχάνων,
763 4167 848 4220 δια
895 4167 1052 4220 τοῦτο
1100 4169 1214 4238 ἅμα
1254 4168 1348 4220 καὶ
1380 4167 1472 4218 ἐπὶ
1507 4163 1569 4218 τὺ
1597 4165 1730 4218 αὐτὸ
1763 4165 1992 4228 πάντας,

413 4262 489 4321 ὡς
528 4257 618 4311 ἐπὶ
647 4258 744 4328 τὴν
771 4257 1031 4324 ἑστίασιν,
1062 4257 1160 4329 τὴν
1191 4258 1453 4329 ἀκρόασιν
1484 4256 1658 4310 καλεῖ.
1701 4257 1764 4309 Ἡ
1797 4257 1890 4310 ἐπὶ
1935 4255 1996 4309 τὸ

413 4350 544 4404 αὐτὸ
592 4349 780 4420 κλῆσις
817 4348 1066 4402 πλουσίου
1111 4348 1205 4401 καὶ
1241 4348 1472 4419 πένητος
1503 4348 1596 4400 ἐπὶ
1641 4348 1865 4418 ἰσότητα
1899 4348 1994 4401 καὶ

411 4437 654 4506 ἀτυφίαν
707 4437 1092 4507 προσκαλεῖται
1157 4438 1322 4508 ἡμᾶς.
1382 4438 1542 4507 Τρεῖς
1615 4437 1672 4491 δὲ
1729 4434 1882 4492 εἶπεν
1937 4438 1994 4502 ἐξ

2191 2697 2356 2751 Vens.
2409 2697 2496 2752 14.
2537 2698 2602 2751 Et
2647 2701 2951 2757 distrilmite
2997 2705 3179 2759 domos
3233 2707 3367 2774 ejus,
3418 2717 3522 2762 etc.
3562 2709 3684 2762 Ihee

2113 2792 2378 2860 completa
2421 2801 2548 2844 sunt
2591 2794 2642 2845 iu
2697 2794 3003 2864 discipulis,
3039 2800 3129 2866 qui
3173 2799 3274 2852 sibi
3301 2803 3487 2854 urbem
3515 2812 3680 2857 terra-

2113 2897 2231 2935 rum
2272 2883 2570 2936 (IIVlsCI‘tllll
2600 2895 2658 2936 ut
2698 2900 3023 2942 enarrat-ent
3047 2889 3327 2944 Christum
3361 2909 3480 2948 esse
3516 2893 3682 2948 Deum

2116 2983 2362 3026 uostrmu
2391 2974 2482 3041 qui
2512 2976 2685 3042 pascit
2720 2992 2838 3031 nos.

2603 3153 2927 3210 PSALMUS
2961 3155 3189 3213 XLVIII.

2183 3243 2342 3300 Vens.
2383 3246 2501 3300 1.2.
2535 3245 2602 3300 In
2643 3248 2824 3314 ﬁnem,
2856 3249 2983 3315 ﬁliis
3033 3247 3166 3302 Core
3189 3249 3446 3319 psalmus.
3489 3251 3680 3306 Audite

2100 3335 2232 3404 ha'c,
2269 3355 2447 3393 omnes
2483 3351 2683 3408 gentes,
2708 3353 2813 3396 etc.
2850 3340 3034 3396 Potest
3070 3343 3352 3412 inscriptio
3389 3344 3578 3399 referri
3612 3346 3680 3398 ad

2100 3428 2395 3496 cujuslibet
2417 3431 2644 3485 victoris
2676 3432 2726 3484 in
2773 3433 3166 3488 certaminibus
3195 3434 3513 3488 victoriam.
3542 3433 3675 3489 Illud

2109 3531 2315 3586 autem,
2351 3539 2370 3572 ι
2413 3523 2630 3588 Audite,
2667 3543 2685 3576 ι
2719 3525 2917 3579 Christi
2963 3541 3064 3577 vox
3120 3536 3223 3588 est,
3272 3540 3460 3580 onmes
3489 3537 3678 3594 gentes

2103 3609 2390 3666 invitantis
2431 3629 2495 3668 ac
2519 3614 2753 3668 dicentis
2782 3634 2795 3669 :
2830 3634 2849 3667 ‹
2888 3615 3080 3669 Venite
3115 3617 3182 3668 ad
3227 3632 3332 3680 me,
3370 3633 3558 3672 (ηιιιιυε
3587 3619 3678 3687 qui

2101 3701 2366 3760 laboratis
2397 3708 2464 3759 ¹¹.
2505 3726 2522 3758 ι
2559 3707 2623 3761 Ει
2675 3710 2928 3778 quoniam
2976 3709 3205 3764 lectione
3260 3711 3674 3779 Scripturarum

2099 3803 2267 3856 etiam
2290 3799 2593 3869 simplicius
2629 3801 2932 3855 instituitur
2967 3802 3010 3856 is
3034 3805 3123 3871 qui
3160 3804 3426 3872 terrigena
3459 3816 3511 3858 ct
3541 3820 3676 3874 pau-

2101 3909 2199 3964 per
2230 3891 2466 3956 exsistit,
2494 3891 2615 3959 plus
2643 3906 2772 3946 vero
2802 3893 2935 3947 lucri
2972 3894 3114 3961 capit
3142 3895 3231 3962 qui
3263 3895 3330 3948 ad
3370 3896 3534 3966 718
3564 3898 3676 3964 spi-

2099 3983 2281 4037 ritalia
2314 3984 2458 4038 valet
2488 3985 2896 4049 transcendere,
2929 3985 3072 4038 ﬁlius
3125 3985 3365 4041 hominis
3408 4002 3472 4042 ac
3499 3989 3672 4052 dives,

2099 4074 2304 4128 idcirco
2331 4073 2491 4127 simul
2541 4082 2596 4128 et
2633 4073 2686 4128 in
2720 4090 2886 4127 unum
2921 4089 3110 4130 omnes
3138 4078 3204 4129 ad
3241 4076 3675 4143 auscultandum.

2099 4177 2204 4216 nou
2242 4177 2401 4217 secus
2435 4173 2600 4233 atque
2650 4165 2718 4218 ad
2771 4165 3106 4229 convivium,
3167 4166 3383 4220 invitat.
3445 4167 3573 4223 I‘lmc
3621 4171 3672 4224 iu

2099 4270 2266 4309 unum
2301 4255 2485 4310 divitis
2514 4270 2576 4312 ac
2610 4257 2868 4325 pauperis
2914 4258 3184 4322 invitatio,
3211 4259 3279 4312 ad
3307 4261 3672 4329 :equalitatetn

2097 4355 2153 4400 et
2181 4345 2352 4400 fastus
2394 4346 2788 4415 (Iepusilionem
2819 4363 2917 4405 nos
2950 4349 3294 4408 adhortatur.
3328 4351 3464 4406 Tres
3489 4364 3669 4408 autem

2099 4436 2385 4505 oppositas
2429 4437 2609 4505 posuit
2637 4439 3093 4507 combinationes,
3131 4452 3321 4509 gentes
3365 4449 3418 4495 ct
3445 4446 3671 4514 Ierrigc~

411 4530 658 4594 ἑναντίας
694 4528 974 4597 συζυγίας,
1000 4529 1124 4601 ἔθνη
1155 4530 1249 4582 καὶ
1295 4533 1568 4600 γηγενεῖς,
1608 4530 1863 4584 πλούσιον
1899 4532 1993 4585 καὶ

2105 4541 2219 4592 uas,
2252 4527 2474 4583 divitem
2499 4538 2552 4583 et
2579 4543 2898 4599 pauperem,
2931 4532 3118 4585 orbem
3147 4543 3416 4586 terrarum
3451 4544 3504 4589 et
3533 4535 3671 4590 ﬁlios

411 4625 652 4693 πένητα,
685 4624 1012 4693 οἰκουμένην
1052 4623 1144 4675 καὶ
1187 4622 1337 4684 υίοῦς
1373 4620 1694 4692 ἀνθρώπιον.
1733 4623 1797 4674 Οἱ
1833 4623 1991 4676 ἁλλό-

411 4732 552 4785 τριοι
586 4716 683 4784 τῆς
717 4713 951 4776 πίστεως
981 4712 1068 4766 διὰ
1099 4712 1206 4765 τῶν
1250 4712 1422 4765 ἐθνῶν
1465 4712 1791 4785 ἐκλήθησαν.
1825 4715 1888 4767 Ol
1934 4716 1992 4767 ἐν

409 4806 474 4874 τῇ
544 4803 839 4873 Ἐκκλησία
899 4803 1036 4856 είσὶν
1097 4805 1146 4855 οί
1206 4803 1585 4868 κατοικοῦντες
1643 4804 1740 4876 τὴν
1808 4809 1988 4859 οἰκου-

417 4891 600 4963 μένην.

489 4983 560 5036 Τὸ
627 4983 822 5052 στόμα
867 5001 987 5052 μου
1043 4983 1301 5050 λαλήσει
1355 4985 1601 5053 σοφίαν,
1651 4986 1751 5039 καὶ
1807 4989 1845 5057 ἡ
1883 5005 1986 5056 με-

408 5077 554 5142 λέτη
592 5075 704 5142 τῆς
733 5076 978 5143 καρδίας
1003 5085 1122 5144 μου
1154 5078 1429 5130 σύνεσιν.
1464 5078 1660 5131 Κλινῶ
1689 5080 1776 5145 εἷς
1813 5094 1991 5147 παρα-

409 5166 601 5233 ϐολὴν
629 5165 695 5220 τὸ
728 5162 834 5232 οὖς
861 5182 1010 5235 μου⁶
1038 5167 1258 5234 ἀνοὶξῳ
1283 5168 1353 5221 ἐν
1389 5169 1701 5236 ψαλτηρίῳ
1738 5169 1804 5222 τὸ
1843 5172 1986 5237 πρό-

408 5257 606 5325 ϐλημὰ
641 5275 780 5325 μου,
814 5275 868 5311 κ.
896 5275 946 5310 τ.
974 5259 1020 5311 ὲ.
1069 5257 1308 5328 Χριστοῦ
1341 5258 1401 5314 τὸ
1435 5260 1610 5331 στόμα
1643 5261 1754 5332 ('77)
1793 5262 1988 5330 σοφίαν

407 5350 577 5403 λαλεῖ.
615 5349 736 5402 Εἰσὶ
787 5350 844 5403 δέ
876 5350 1053 5420 στόμα
1105 5350 1341 5420 Χριστοῦ
1391 5355 1439 5404 oi.
1475 5353 1568 5405 τὸν
1618 5353 1776 5420 λόγον
1824 5352 1989 5405 αὐτοῦ

405 5439 799 5503 διακονοῦντες,
834 5442 882 5493 οί
924 5439 981 5492 δὲ
1032 5440 1208 5493 λοιποὶ⁷
1258 5440 1318 5493 τὸ
1355 5440 1539 5494 λοιπὸν
1586 5439 1753 5493 αὐτοῦ
1808 5441 1987 5511 σῶμα.

406 5531 517 5584 Καὶ
582 5531 632 5584 εί
688 5529 803 5583 ἐστι
859 5530 1054 5602 μελέτη
1108 5530 1352 5598 σύνεσις,
1411 5532 1495 5594 τίς
1551 5533 1586 5602 ἡ
1650 5530 1987 5599 ἐπαγγελία;

483 5651 527 5682 ¹⁰
567 5650 632 5704 Is.
675 5664 765 5712 XL,
801 5648 887 5702 il.
966 5647 1007 5677 ¹³
1049 5646 1234 5700 Matth.
1274 5662 1351 5712 XI,
1380 5645 1471 5703 28.

481 5743 596 5813 (πει
633 5745 823 5798 Ταῦτα
851 5743 1242 5812 πληροῦνται,
1282 5751 1388 5797 etc.
1430 5741 1633 5797 Catena
1678 5741 1901 5796 Barbari
1933 5749 1986 5796 ct

408 5816 620 5872 κατίεσθαι
646 5816 857 5872 Grabii.

2097 4619 2399 4674 hominum.
2454 4620 2492 4672 A
2554 4621 2658 4676 ﬁde
2697 4621 2859 4676 alieni
2915 4637 3013 4691 per
3062 4634 3255 4692 gentes
3293 4625 3464 4678 vocati
3520 4635 3667 4678 sunt.

2096 4708 2200 4775 Qui
2236 4711 2288 4764 in
2345 4711 2589 4768 Eaclesia
2635 4722 2944 4781 versantur,
2997 4714 3052 4768 hi
3079 4725 3206 4769 sunt
3233 4716 3325 4785 qui
3362 4715 3668 4772 inhabitant

2093 4806 2303 4860 orbem.

2175 4981 2333 5037 \‘aas.
2358 4981 2481 5041 4.5.
2520 4980 2592 5035 03
2627 4997 2796 5035 meum
2839 4983 3082 5051 loquetur
3110 4983 3447 5051 sapientiam,
3473 4992 3522 5036 et
3559 4999 3670 5036 me-

2095 5073 2285 5127 ditatio
2314 5076 2489 5128 cordis
2521 5075 2622 5128 mei
2659 5075 3019 5144 prudentiam.
3065 5073 3346 5128 lnclinnbo
3373 5075 3670 5143 inpurubo-

2095 5168 2202 5219 lam
2247 5183 2430 5220 aurem
2459 5184 2624 5220 nteant
2656 5170 2934 5236 :apcriam
2966 5169 3022 5222 in
3061 5168 3309 5237 psalterio
3358 5168 3668 5235 prepositio-

2096 5273 2210 5310 item
2243 5274 2448 5320 meam,
2502 5268 2611 5312 etc.
2661 5259 2734 5315 Os
2781 5261 2984 5314 Christi
3040 5260 3280 5328 loquitur
3318 5258 3663 5326 Sapientiam.

2090 5348 2230 5402 Sunt
2258 5356 2436 5402 autem
2469 5363 2532 5401 os
2579 5350 2780 5404 Christi
2809 5351 2900 5420 qui
2945 5365 3252 5404 sermonem
3283 5346 3402 5414 ejus
3426 5349 3668 5403 admini-

2087 5448 2262 5493 strant
2293 5479 2309 5500 .
2360 5441 2538 5494 caeteri
2573 5451 2753 5496 autem
2796 5451 2920 5495 sunt
2971 5443 3238 5511 reliquum
3291 5456 3490 5510 corpus
3517 5440 3664 5509 ejus.

2089 5531 2244 5598 Quod
2292 5532 2339 5587 si
2392 5534 2680 5588 meditatio
2709 5536 2780 5588 sit
2810 5533 3121 5602 prudentia,
3154 5549 3403 5603 qua'uatu
3434 5535 3539 5590 erit
3569 5549 3667 5590 au-

2165 5739 2278 5808 (76)
2302 5740 2555 5794 Δύναται
2591 5742 2699 5802 εἰς,
2729 5747 2836 5792 etc.
2864 5739 3067 5792 Catena
3091 5737 3359 5808 corderii.

2159 5805 2274 5880 (77}
2305 5811 2560 5879 Χριστοῦ
2595 5809 2661 5862 τὸ
2699 5809 2914 5877 στόμα,
2948 5818 3053 5862 etc.
3097 5807 3295 5862 Eadem
3329 5805 3556 5866 Catena.
