4110 6378
471 330 612 386 ίίίῦ

1887 328 1976 382 EX
2020 324 2324 382 ORIGENE

3620 338 3757 394 illa

477 441 796 496 utiutiatin?
827 442 1056 508 Quando
1105 441 1386 495 meditatio
1420 443 1602 496 cordis
1627 441 1913 511 prudentia
1947 452 2028 496 est

2163 439 2331 493 Ὅταν
2377 444 2409 511 ἡ
2477 441 2674 514 μελέτη
2731 443 2828 513 τῆς
2877 444 3102 517 καρδίας
3169 447 3384 513 σύνεσίς
3441 449 3609 514 ἐστιν,
3655 457 3754 506 eia

469 549 574 588 non
627 536 981 604 egrediuntur
1019 535 1088 588 ab
1129 535 1428 587 iutrinseeo
1456 535 1642 590 cordis
1695 537 2053 605 cogitationes

468 639 672 692 pravae,
707 641 881 696 neque
912 635 1036 679 Sunt
1066 641 1186 695 quae
1212 625 1496 694 inquinent
1539 627 1842 692 hominem,
1881 647 2058 698 neque

467 717 630 770 datur
659 718 808 772 locus
845 718 1081 772 diabolo.
1121 719 1418 789 Perspicne
1453 730 1634 773 autem
1673 721 1927 775 Salvator
1953 739 2020 776 au

463 824 554 864 res
581 823 710 862 suas
743 817 902 863 vocat
933 812 1228 878 prudentes
1258 812 1558 870 auditores.
1589 813 1739 867 Alius
1766 823 1946 867 autem
1976 816 2058 868 di-

465 901 626 968 xerit,
657 901 836 970 ipsnm
881 902 1101 970 quidem
1133 903 1279 970 loqui
1322 905 1644 973 sapientiam
1678 906 1729 956 in
1760 905 1909 958 Novo
1937 907 2037 960 Te-

463 1003 767 1056 stamento;
801 995 990 1048 audire
1033 1009 1164 1048 vero
1201 995 1366 1048 veluti
1413 995 1706 1064 parabolas
1745 995 1914 1052 Vetus
1949 998 2054 1050 Te-

462 1095 816 1140 stamentum.
872 1087 1064 1156 Aperit
1103 1087 1353 1142 Christus
1407 1090 1838 1158 propositionem
1895 1107 2049 1146 suam

461 1191 580 1245 qua}
601 1177 940 1232 obscuritate
961 1179 1200 1232 involuta
1234 1187 1376 1244 erat,
1405 1180 1622 1248 quando
1641 1180 1842 1248 reperit
1866 1192 2050 1250 aptum

461 1268 903 1336 instrumentum,
943 1279 996 1325 et
1038 1287 1132 1325 vas
1163 1271 1470 1334 electionis,
1509 1273 1654 1341 quod
1689 1282 1850 1326 vocat
1898 1273 2044 1340 psal-

462 1363 656 1416 terium
697 1381 708 1416 :
752 1377 851 1430 per
902 1364 1003 1418 hoc
1033 1364 1176 1417 enim
1211 1365 1387 1432 aperit
1422 1373 1476 1416 et
1521 1363 1764 1431 explicat
1815 1377 1876 1417 ea
1928 1379 2048 1432 qua:

459 1455 550 1518 iis,
587 1455 675 1522 qui
709 1453 847 1508 tales
882 1471 988 1508 non
1029 1465 1179 1520 sunt,
1207 1455 1544 1510 obscuritate
1577 1461 1738 1506 erant
1760 1453 2044 1511 obvoluta.

457 1543 583 1598 Ilaec
612 1545 774 1598 etiam
806 1547 1034 1614 apostoli
1079 1548 1258 1600 dicere
1285 1546 1580 1614 potuerint.

528 1637 806 1704 Ejusdem.
839 1637 940 1703 Qui
998 1653 1154 1705 ecquo
1184 1639 1366 1691 animo
1393 1647 1497 1700 cst,
1527 1637 1748 1706 psallit;
1785 1652 1880 1706 per
1905 1633 2046 1703 psal-

451 1729 650 1782 terium
715 1737 896 1781 autem
953 1727 1131 1794 aperit
1193 1729 1646 1798 propositionem.
1707 1727 1812 1781 Per
1871 1726 2038 1778 animi

2162 527 2474 598 ἐξέρχονται
2506 529 2708 584 ἔσωθεν
2743 532 2854 586 ἀπὸ
2883 534 2982 604 τῆς
3029 536 3258 607 καρδίας
3289 537 3627 610 διαλογισμοὶ
3657 560 3754 594 πο-

2159 619 2343 688 νηροὶ,
2387 619 2508 672 οὐδὲ
2545 620 2778 692 ὑπάρχει
2843 623 2910 676 τὰ
2957 625 3241 682 κοινοῦντα
3303 630 3392 682 τὸν
3441 631 3748 703 ἄνθρωπον,

2157 711 2276 763 οὐδὲ
2312 711 2510 765 δίδοται
2553 713 2716 777 τόπος
2750 715 2826 785 τῷ
2855 717 3112 790 διαϐόλῳ.
3157 723 3354 790 Σαφῶς
3397 724 3453 776 δὲ
3499 727 3527 778 ό
3561 727 3751 800 Σωτὴρ

2157 797 2271 854 ὦτα
2315 803 2512 858 ἑαυτοῦ
2553 804 2701 873 λέγει
2741 810 2870 871 τοὺς
2929 813 3180 876 συνετοὺς
3219 815 3516 886 ἀκροατάς.
3557 817 3750 882 Ἀλλος

2154 893 2198 945 δ’
2234 893 2299 947 ἂν
2357 895 2535 958 εἴποι,
2587 897 2668 950 ὅτι
2721 897 2868 966 λέγει
2919 900 3017 971 μὲν
3076 903 3268 972 σοφίαν
3311 908 3368 958 ὲν
3421 910 3487 978 τῇ
3543 909 3746 981 Καινῇ,

2155 983 2341 1037 ἀκούει
2387 985 2444 1038 δὲ
2491 986 2568 1050 ὡς
2621 989 2935 1062 παραϐολῆς
2985 993 3085 1064 τῆς
3133 994 3394 1059 Παλαιᾶς.
3455 998 3684 1068 Ἀνοίγει
3721 1003 3748 1054 ὁ

2154 1073 2392 1144 Χριστὸς
2425 1077 2812 1149 κεκλεισμένον
2844 1084 2901 1134 ἐν
2933 1083 3172 1156 ἀσαφείᾳ
3210 1086 3268 1139 τὸ
3298 1087 3588 1160 πρόϐλημα
3619 1091 3746 1144 ἑαυ-

2152 1165 2269 1230 τοῦ,
2297 1167 2434 1221 ἐπὰν
2461 1169 2596 1243 εὕρῃ
2632 1173 2950 1244 ἐναρμόνιον
2975 1175 3226 1247 ὄργανον,
3256 1181 3347 1232 καὶ
3379 1181 3572 1246 σκεῦος
3602 1185 3746 1238 ἐκλο-

2151 1258 2276 1328 γῆς,
2315 1259 2342 1312 ὅ
2370 1261 2525 1314 καλεῖ
2562 1261 2859 1335 ψαλτήριον
2884 1283 2897 1295 ·
2931 1266 3018 1321 διὰ
3047 1269 3156 1341 γὰρ
3194 1269 3287 1323 τοῦ
3322 1273 3564 1326 τοιούτου
3597 1277 3745 1330 ἀνοί-

2150 1368 2236 1418 γει
2271 1353 2362 1404 καὶ
2407 1353 2687 1423 σαφηνίζει
2719 1355 2786 1409 τά
2823 1360 2934 1420 τοῖς
2969 1359 3044 1430 μὴ
3081 1361 3344 1426 τοιούτοις
3383 1365 3742 1438 κεκλεισμένα

2149 1445 2214 1512 τῇ
2269 1444 2527 1516 ἀσαφείᾳ.
2583 1445 2768 1499 Ταῦτα
2819 1447 2876 1500 δὲ
2942 1449 3176 1506 δύναιντ’
3227 1457 3292 1508 ἂν
3339 1455 3522 1525 λέγειν
3569 1459 3666 1512 καὶ
3693 1460 3742 1514 οι

2149 1533 2461 1588 ἀπόστολοι.

2225 1627 2334 1680 Τοῦ
2371 1627 2576 1681 αὐτοῦ.
2621 1629 2678 1684 Ὀ
2707 1632 2960 1704 εὐθυμῶν
3005 1633 3116 1706 (78)
3166 1637 3384 1706 ψάλλειο
3423 1639 3512 1696 διὰ
3542 1641 3598 1695 δὲ
3643 1643 3738 1698 τοῦ

2146 1717 2448 1790 ψαλτηρίου
2491 1721 2698 1790 ἀνοίγει
2731 1725 2791 1777 τὸ
2826 1727 3139 1800 πρόϐλημα.
3174 1731 3272 1784 Διὰ
3320 1733 3423 1804 τῆς
3472 1735 3762 1806 εὐθυμίας·

456 1817 902 1885 tranquillitatem
941 1819 1218 1885 cnguoscit
1253 1819 1704 1889 propositionem.
1735 1819 1917 1872 Animi
1943 1835 2030 1871 au-

2141 1809 2492 1876 διαγινώσκει
2546 1813 2606 1866 τὸ
2649 1815 2962 1887 πρόϐλημα.
3016 1819 3266 1890 ΕὑΘυμία
3305 1801 3737 1880 5évé61'tvd‘1td-

453 1918 560 1960 tem
593 1907 962 1976 tranquillitas
992 1917 1072 1962 est
1102 1925 1224 1961 cum
1252 1908 1430 1962 anima
1457 1907 1741 1962 rationalis
1775 1917 1928 1962 caret
1955 1907 2038 1961 af-

451 1999 702 2053 l'ectibus.

523 2089 686 2145 Vens.
717 2091 769 2144 6.
803 2090 910 2144 Cur
937 2091 1124 2145 timebo
1147 2091 1202 2146 in
1237 2091 1321 2145 die
1349 2089 1490 2144 mala
1515 2089 1540 2142 ?
1565 2089 1818 2159 iniquitas
1847 2089 2028 2143 calca-

449 2183 531 2236 nei
577 2183 676 2236 imi
721 2183 1069 2236 circumdabit
1099 2199 1202 2246 me,
1227 2193 1332 2238 etc.
1361 2181 1475 2236 Non
1508 2181 1576 2234 de
1609 2196 1687 2244 se,
1717 2183 1810 2235 sed
1839 2181 1905 2236 de
1937 2181 2032 2234 Ju-

447 2275 600 2336 daeis,
636 2277 724 2342 qui
774 2275 1055 2345 jadicanli
1104 2283 1280 2338 erant,
1337 2287 1570 2342 quorum
1620 2272 1836 2340 plurimi
1904 2287 2033 2342 sup-

445 2367 624 2436 pliciis
651 2369 808 2436 digna
844 2369 1260 2430 commiserant,
1315 2367 1429 2420 haec
1472 2365 1619 2420 dicit.
1645 2363 1798 2432 Quod
1840 2365 1884 2418 si
1912 2381 2030 2435 qua:

445 2455 705 2524 loquitur,
739 2458 810 2510 sit
839 2473 1068 2526 persona
1097 2455 1300 2513 Christi
1327 2472 1340 2520 ;
1369 2455 1686 2510 calcaucum
1733 2453 1849 2523 ejus
1874 2457 2028 2510 inve-

445 2545 565 2598 nies
604 2562 725 2599 esse
756 2557 1059 2600 extremum
1097 2546 1365 2613 corporis,
1415 2555 1471 2598 et
1506 2555 1665 2600 terra:
1709 2547 2026 2602 viciniorem

441 2633 636 2688 Judam
670 2652 684 2686 :
718 2651 918 2706 corpus
969 2639 1114 2691 enim
1167 2638 1378 2692 Domini
1429 2648 1552 2691 sunt
1607 2638 1860 2706 apostoli.
1909 2638 2026 2692 Non

442 2727 646 2780 timebo
697 2725 863 2795 igitur
905 2725 1059 2781 Judae
1105 2730 1469 2797 proditionem
1527 2739 1772 2798 tempore
1811 2731 2024 2794 crucis;

441 2817 704 2883 quoniam
755 2832 856 2870 nec
899 2816 1132 2886 quilibet
1179 2820 1310 2874 Atla:
1369 2821 1792 2876 inobedientiam
1849 2820 2026 2873 timet.

439 2907 617 2972 (llanc
648 2907 793 2962 enim
829 2922 951 2963 esse
981 2911 1224 2965 calcanei
1261 2913 1598 2982 iniquitatem
1636 2913 1866 2966 latenter
1895 2911 2028 2964 insi-

443 3007 667 3050 unatum
701 2995 830 3069 est.)
857 2997 1049 3053 Nullus
1072 3001 1217 3052 cuitu
1250 3002 1320 3056 oh
1345 3002 1574 3057 alterius
1607 3003 1868 3056 malitiam
1898 3015 2022 3054 cou-

439 3089 804 3159 tletnnabitur.
850 3089 1200 3159 Iniquitatem
1227 3107 1359 3148 vero
1391 3095 1634 3149 calcanei
1673 3095 1802 3148 Adze
1838 3093 2024 3147 iuobe-

442 3157 700 3236 dientiam
749 3184 1083 3252 appellavit,
1131 3185 1274 3255 quod
1311 3199 1537 3256 serpens
1591 3186 1644 3240 in
1695 3185 2019 3241 calcaucum

439 3271 562 3344 eius
588 3281 915 3342 potestatem
947 3274 1167 3331 haheat.
1205 3275 1300 3332 Vel
1331 3279 1459 3347 quia
1493 3292 1598 3332 non
1629 3288 1790 3332 erant
1838 3278 2024 3332 istius-

439 3367 584 3422 modi
608 3369 860 3438 apostoli,
889 3385 1070 3439 neque
1101 3372 1367 3442 pr0pheta
1401 3373 1491 3442 qui
1531 3372 1646 3428 haec
1679 3373 1832 3437 dicit,
1875 3381 1932 3425 ut
1955 3371 2022 3426 de

441 3459 558 3526 ipso
604 3461 948 3526 pronuntiari
987 3463 1228 3529 potuerit
1261 3479 1276 3517 :
1310 3481 1330 3514 ι
1367 3463 1660 3518 Peccatum
1707 3479 1821 3518 non
1867 3462 2018 3528 fecit,

439 3561 614 3616 neque
647 3547 897 3602 inventus
923 3559 1006 3603 est
1031 3551 1186 3606 dolus
1215 3552 1267 3606 in
1307 3567 1404 3608 ore
1433 3551 1635 3623 ejus“,
1669 3573 1688 3607 ι
1729 3553 2023 3608 verisimile

437 3648 523 3692 est
567 3649 844 3704 postrema
901 3655 1094 3694 eorum
1149 3653 1204 3697 et
1263 3643 1456 3699 ultima
1507 3659 1786 3715 peccasse.
1842 3644 2022 3710 Quare

441 3732 806 3804 Symmachus
855 3735 1020 3806 719
1084 3735 1432 3806 iniquitatem
1485 3739 1844 3807 vestigiorum
1905 3737 2024 3806 ejus

437 3824 708 3890 exposuit.
737 3823 870 3877 Nam
899 3841 996 3878 ceu
1034 3825 1262 3895 vestigia
1288 3827 1524 3880 obscura
1559 3826 1872 3894 iniquitatis
1905 3825 2020 3879 sola

439 3917 492 3970 in
531 3917 662 3985 ipsis
710 3927 904 3982 erant;
959 3917 1162 3971 idcirco
1189 3919 1284 3984 ait,
1311 3918 1425 3973 Non
1466 3919 1666 3972 timebo
1707 3918 1848 3970 diem
1873 3917 2022 3986 judi-

433 4008 529 4062 cii.
561 4007 886 4062 Calcaneum
912 4017 1092 4062 autem
1137 4007 1342 4064 Christi
1369 4019 1496 4064 sunt
1525 4023 1752 4078 quoque
1781 4006 2018 4060 ﬁdelium

429 4099 677 4152 nuntium
714 4098 998 4166 postremi.

507 4189 780 4256 Ejusdem.
822 4189 968 4242 Diem
1016 4187 1236 4252 malam,
1267 4188 1406 4242 diem
1434 4184 1627 4255 jutlicii
1667 4193 1870 4250 vocat;
1906 4184 2018 4238 cal-

431 4297 660 4336 caucum
694 4291 876 4334 autem
913 4282 1054 4334 viam
1089 4293 1144 4335 et
1187 4282 1376 4334 vitam.

2145 1898 2262 1953 θεια
2287 1900 2466 1972 ψυχῆς
2491 1903 2736 1976 λογικῆς.

2213 2077 2334 2131 Ἵνα
2367 2079 2424 2131 τί
2452 2081 2744 2152 φοϐοῦμαι
2783 2084 2854 2136 ἐν
2896 2085 3086 2154 ἡμέρᾳ
3125 2089 3398 2157 domum};
3446 2093 3482 2160 ’ἡ
3515 2093 3731 2164 ἀνομία

2137 2166 2245 2236 τῆς
2293 2171 2554 2244 πτέρνης
2583 2192 2703 2242 μου
2740 2175 3039 2230 κυκλώσει
3077 2197 3190 2247 με,
3223 2199 3275 2234 κ.
3314 2199 3363 2234 τ.
3399 2183 3444 2236 ὲ.
3487 2185 3561 2236 Oti
3602 2188 3730 2257 περὶ

2137 2261 2332 2315 ἑαυτοῦ
2365 2263 2499 2335 (79),
2541 2265 2677 2321 ἀλλὰ
2724 2269 2849 2340 περὶ
2885 2269 2993 2324 τῶν
3034 2271 3302 2326 Ἰουδαίων
3337 2274 3729 2348 εὐλαϐούμενος

2135 2353 2570 2426 κριθησομένων,
2617 2353 2691 2412 ὧν
2739 2362 2789 2413 oi
2849 2361 3091 2415 πλεῖστοι
3143 2363 3269 2428 ἀξια
3325 2365 3599 2432 κολάσεως
3635 2387 3730 2422 πε-

2137 2447 2427 2516 ποιήκασι,
2465 2447 2640 2503 ταῦτά
2692 2469 2846 2523 φησι.
2899 2455 3008 2508 Καὶ
3053 2459 3102 2508 εί
3149 2457 3439 2526 πρόσωπον
3489 2459 3724 2530 Χριστοῦ

2133 2536 2194 2588 τὸ
2248 2537 2424 2606 λέγον,
2475 2539 2714 2612 πτέρναν
2775 2543 2940 2597 αὐτοῦ
2995 2545 3164 2617 εὕρῃς
3209 2549 3298 2601 τὸν
3351 2549 3578 2620 ἔσχατον
3629 2553 3723 2605 τοῦ

2135 2625 2406 2696 σώματος,
2463 2632 2555 2683 καὶ
2614 2634 2678 2702 τῇ
2728 2635 2798 2704 γῇ
2865 2634 3228 2706 πλησιάζοντα
3297 2639 3520 2692 Ἰούδαν·
3567 2641 3724 2714 σῶμα

2132 2719 2238 2792 γὰρ
2299 2721 2503 2790 Κυρίου
2552 2725 2600 2776 οἱ
2660 2714 2968 2781 ἀπόστολοι.
3019 2728 3092 2780 Οὐ
3148 2727 3418 2800 φοϐοῦμαι
3467 2727 3560 2785 οὖν
3623 2735 3723 2806 τὴν

2143 2813 2314 2865 Ἰούδα
2359 2813 2646 2884 προδοσίαν
2681 2819 2738 2870 ἐν
2799 2817 2876 2890 τῷ
2909 2820 3084 2891 καιρῷ
3141 2821 3236 2874 τοῦ
3282 2823 3547 2897 σταυροῦ·
3600 2827 3721 2878 ἐπεὶ

2133 2901 2268 2972 μηδὲ
2343 2903 2574 2968 ἕκαστος
2633 2903 2730 2975 τὴν
2791 2906 2885 2958 τοῦ
2950 2907 3120 2980 Ἀδὰμ
3191 2913 3476 2982 παρακοὴν
3537 2912 3722 2980 φοϐεῖς

2129 3011 2237 3048 ται.
2293 2995 2550 3068 (Ταύτην
2616 2996 2726 3068 γὰρ
2786 2999 3166 3071 ὑπῃνιξάμεθα
3219 3001 3456 3073 πτέρναν
3490 3003 3720 3076 ἀνομίας

2130 3081 2318 3157 εἶναι.)
2363 3087 2552 3151 Οὐδεὶς
2577 3087 2686 3161 γὰρ
2718 3089 2784 3142 δι’
2830 3091 2990 3144 ἄλλου
3033 3093 3230 3146 κακίαν
3274 3096 3715 3160 καταδικάζεται.

2143 3177 2398 3248 ’Δνομίαν
2428 3178 2485 3232 δὲ
2531 3180 2772 3252 πτέρνης
2827 3181 2925 3254 τὴν
2975 3184 3262 3256 παρακοήν
3313 3183 3464 3240 εἶπεν
3513 3189 3716 3261 Ἀδὰμ,

2127 3269 2203 3340 τῷ
2251 3271 2342 3323 τὸν
2381 3271 2504 3340 ὅφιν
2539 3273 2784 3340 ἐξουσίαν
2820 3275 2962 3346 ἔχειν
3002 3277 3142 3329 κατᾶ
3185 3277 3289 3349 τῆς
3330 3281 3569 3352 πτέρνης
3617 3284 3715 3336 αῦ-

2126 3359 2242 3416 τοῦ.
2269 3365 2336 3415 Ἢ
2400 3365 2523 3417 ἐπεὶ
2574 3365 2648 3436 μὴ
2711 3365 2943 3420 τοιοῦτοι
2994 3363 3136 3440 ἦσαν
3186 3373 3232 3424 οί
3279 3372 3588 3438 ἀπόστολοι,
3625 3375 3658 3446 ἢ
3690 3377 3716 3429 ὁ

2131 3453 2305 3509 ταῦτα
2337 3455 2510 3524 λέγων
2543 3460 2847 3530 προφήτης,
2880 3459 3022 3513 ὥστε
3059 3461 3316 3533 λεχθῆναι
3351 3467 3479 3536 περὶ
3517 3465 3680 3520 αὑτοῦ
3701 3484 3714 3496 ·

2139 3565 2158 3597 ι
2201 3547 2498 3619 Ἀμαρτίαν
2531 3550 2632 3602 οὐκ
2661 3551 2940 3622 ἐποίησεν,
2971 3552 3090 3604 οὐδὲ
3125 3553 3324 3627 εὑρέθη
3363 3555 3512 3621 δόλος
3551 3559 3608 3612 ὲν
3639 3558 3717 3628 τῷ

2133 3638 2362 3710 στόματι
2405 3641 2594 3705 αὐτοῦ,
2620 3661 2638 3693 ι
2682 3643 2828 3708 εἰκὸς
2884 3645 3046 3698 αὑτὸν
3094 3648 3472 3718 ἡμαρτηκέναι
3513 3647 3582 3701 τὰ
3628 3666 3716 3701 τε·-

2127 3728 2351 3783 λευταῖα
2413 3732 2506 3784 καὶ
2557 3731 2782 3804 ἔσχατα.
2829 3735 3030 3806 Διόπερ
3071 3739 3100 3790 ό
3145 3737 3443 3810 Σύμμαχος
3487 3739 3716 3810 ἀνομίαν

2131 3821 2319 3892 ἰχνὲων
2375 3821 2539 3876 αὐτοῦ
2594 3825 2876 3890 ἐξέδωκεν.
2939 3827 3114 3882 Οίονεὶ
3157 3827 3265 3901 γὰρ
3315 3832 3434 3902 ίχνη
3493 3832 3716 3904 ἀμαυρᾶ

2126 3913 2356 3982 ἀνομίας
2383 3910 2449 3985 ἦν
2472 3917 2654 3978 αὐτοῖς
2685 3915 2842 3986 μόνα,
2881 3917 3070 3990 διόπερ
3115 3921 3278 3990 φησίν
3297 3938 3311 3951 ·
3340 3922 3414 3974 Οὐ
3443 3921 3712 3992 φοϐοῦμαι

2125 4005 2223 4077 τὴν
2257 4007 2468 4078 ἡμέραν
2500 4007 2602 4077 τῆς
2645 4008 2899 4081 κρίσεως.
2939 4010 3154 4082 Πτέρνα
3184 4012 3240 4065 δὲ
3269 4013 3506 4086 Χριστοῦ
3539 4019 3633 4070 καὶ
3662 4019 3710 4069 οἱ

2127 4099 2344 4152 πάντων
2377 4099 2584 4153 πιστῶν
2615 4099 2932 4173 κατώτεροι.

2203 4190 2315 4244 Τοῦ
2349 4190 2557 4244 αὑτοῦ.
2615 4191 2860 4266 Ἠμέραν
2900 4193 3142 4266 πονηρὰν
3188 4195 3322 4261 (80),
3362 4195 3460 4267 τὴν
3501 4199 3713 4270 ἡμέραν

2125 4283 2274 4352 λέγει
2316 4284 2414 4354 τῆς
2457 4284 2713 4355 κρίσεως·
2768 4286 2860 4340 καὶ
2907 4287 3148 4359 πτέρναν
3194 4289 3292 4360 τὴν
3332 4289 3448 4344 ὁδὸν
3488 4291 3582 4345 καὶ
3620 4292 3710 4346 τὸν

2129 4376 2264 4446 βίον.

506 4463 653 4516 Vens
693 4462 746 4514 7.
769 4461 874 4526 Qui
903 4461 1174 4529 conﬁdunt
1211 4461 1264 4513 iu
1293 4461 1498 4524 virtute,
1529 4471 1635 4540 etc.
1659 4481 1676 4512 ι
1707 4461 1878 4516 llomo
1912 4479 2017 4516 non

2201 4471 2266 4522 Οἱ
2301 4470 2648 4536 πεποιθότες
2677 4471 2748 4522 ἐν
2779 4469 2856 4538 τῇ
2879 4471 3150 4540 δυνάμει,
3177 4489 3230 4525 κ.
3255 4491 3304 4525 τ.
3334 4475 3380 4528 ὲ.
3414 4491 3431 4524 ι
3465 4475 3708 4547 Ἀνθρω-

425 4555 584 4608 dabit
613 4554 722 4608 lico
749 4554 1112 4621 plaeatiouem
1141 4552 1246 4617 sui,
1280 4563 1334 4604 et.
1365 4553 1596 4622 pretium
1633 4555 2020 4623 redemptiOnis

429 4649 628 4698 auium
663 4659 806 4709 sum;
841 4662 862 4694 ι
897 4642 1057 4696 Iesus
1095 4645 1240 4698 cnim
1281 4645 1636 4712 semetipsum
1667 4645 1886 4698 tradidit
1921 4661 2018 4715 pro

431 4737 705 4790 onmibus.

509 4827 666 4880 Vens.
703 4831 770 4886 8.
796 4825 988 4879 Frater
1023 4843 1124 4880 nou
1165 4828 1412 4892 redimit,
1442 4827 1662 4880 redimet
1700 4827 1877 4894 homo,
1907 4840 2014 4883 etc.

427 4917 824 4988 interrogative
854 4917 1136 4987 legendum
1163 4935 1178 4972 :
1225 4937 1242 4970 ι
1271 4917 1522 4974 Redimet
1559 4919 1720 4974 homo
1741 4919 1790 4972 2»

499 5093 666 5150 Vens.
699 5095 752 5150 9.
799 5093 866 5147 Et
910 5095 1162 5151 laboravit
1200 5097 1254 5150 in
1290 5097 1584 5162 saeculum,
1619 5105 1726 5152 etc.
1775 5097 1875 5166 Qui
1917 5113 2014 5168 per

424 5203 643 5242 onmem
687 5199 898 5242 aetatem
941 5203 1092 5241 suam
1147 5202 1200 5242 ct
1229 5191 1394 5242 vitam
1433 5199 1760 5258 praesentem
1793 5190 2013 5244 labora-

428 5267 590 5346 verit,
623 5280 676 5334 in
703 5280 806 5334 line
835 5297 1018 5334 veram
1047 5279 1212 5334 vitam
1241 5282 1404 5349 vivet,
1431 5281 1651 5337 minime
1678 5282 1868 5338 videns
1889 5299 2017 5340 cor-

502 5375 544 5406 “
579 5375 595 5428 l
625 5373 774 5429 l’etr.
805 5390 866 5437 ιι,
901 5373 994 5428 ‘22.

455 5541 471 5558 Ἰ
501 5471 607 5558 (τβ)
645 5470 706 5554 ξς)
735 5470 1028 5540 εὐθυμῶν,
1062 5482 1168 5527 etc.
1218 5469 1448 5526 Scheda:
1477 5469 1661 5527 Crahii
1695 5481 1753 5528 et
1801 5475 2006 5530 Catena

455 5543 608 5590 ‘c-te
645 5543 705 5594 ”.

431 5543 721 5676 (ιτῒίηΐῧὺ
756 5614 888 5678 περὶ
923 5610 1160 5674 ἑαυτοῦ,
1198 5621 1303 5666 etc.
1338 5615 1537 5668 Catena
1577 5613 1846 5668 Cortlrrii.

503 5685 618 5751 (δυ)
671 5681 920 5750 Ἡμέραι·
985 5681 1276 5750 πονηράν,
1326 5695 1436 5739 etc.
1497 5685 1676 5740 Codex
1727 5685 2012 5740 Coisliltia-

435 5768 553 5804 IIIIS.

2117 4579 2217 4625 πος
2244 4562 2304 4615 οὺ
2329 4559 2490 4614 δώσει
2521 4562 2632 4632 (81)
2667 4563 2744 4635 τῷ
2768 4563 2886 4634 Θεῴ
2922 4564 3187 4636 ὲξίλασμα
3225 4567 3443 4635 ἑαυτοῦ,
3485 4571 3578 4623 καὶ
3611 4571 3708 4640 τὴν

2113 4653 2280 4726 τιμὴν
2340 4657 2439 4726 τῆς
2497 4654 2822 4726 λυτρὼσεως
2871 4657 2972 4726 τῆς
3024 4657 3204 4728 ψυχῆς
3255 4660 3454 4713 αὐτοῦ’
3515 4681 3534 4714 ι
3605 4664 3680 4734 ’1η

2116 4745 2243 4810 σοῦς
2275 4744 2385 4816 γὰρ
2414 4746 2607 4799 ἑαυτὸν
2643 4747 3029 4818 παραδέδωκεν
3072 4749 3212 4820 ὑπὲρ
3246 4751 3486 4804 πάντων.

2199 4834 2476 4904 Ἀδελρὲς
2531 4837 2601 4888 οὐ
2646 4835 2996 4904 λυτροῦται,
3045 4839 3414 4906 λυτρὼσεται
3478 4839 3704 4910 ἅνθρω-

2113 4941 2248 4992 πος,
2271 4942 2324 4978 κ.
2353 4943 2406 4978 τ.
2435 4926 2483 4978 ὲ.
2515 4925 2969 4996 Ἐπαπορητικῶς
2991 4927 3101 4996 (8'2)
3123 4929 3520 4996 ἀναγνωστέονο
3555 4947 3572 4982 ι
3597 4931 3706 4985 Λυ-

2119 5017 2388 5090 τρὼσεται
2417 5017 2513 5073 ἀνθ
2521 5036 2704 5090 ρωπος
2723 5036 2738 5086 ;
2781 5039 2799 5071 ι

2193 5111 2304 5164 Καὶ
2335 5111 2668 5165 ἐκοπίασεν
2708 5115 2797 5179 εἰς
2837 5115 2944 5167 τὸν
2977 5113 3178 5176 αἰῶνα.
3234 5133 3289 5168 κ.
3333 5131 3381 5170 τ.
3416 5115 3464 5169 ἑ.
3515 5116 3572 5170 '0
3617 5117 3704 5186 ἐφ’

2119 5201 2240 5256 ὅλον
2267 5203 2376 5274 (83)
2404 5203 2493 5256 τὸν
2542 5203 2736 5257 ἑαυτοῦ
2779 5207 2952 5260 αἰῶνα
3001 5207 3093 5259 καὶ
3135 5207 3232 5278 τὴν
3277 5207 3514 5263 ἐνταῦθα
3559 5209 3702 5276 ζωὴν

2124 5293 2372 5363 κάμνων,
2415 5295 2494 5358 εἰς
2523 5294 2678 5358 τέλος
2715 5294 2812 5366 τὴν
2843 5295 3101 5368 ἀληθινὴν
3145 5297 3369 5368 ζήσεται
3397 5295 3562 5368 ζωὴν,
3604 5300 3704 5353 οἰκ

2151 5476 2305 5558 "(81)
2333 5477 2666 5545 Ἀνθρωπος
2715 5479 2788 5532 οὐ
2831 5477 3046 5544 δώσει,
3077 5489 3184 5548 etc,
3247 5479 3446 5535 Catena
3495 5480 3700 5536 Corde-

2117 5563 2302 5684 miS‘Z)
2344 5617 2852 5684 Ἐπαπορητικῶς,
2887 5629 2992 5673 etc.
3027 5619 3204 5674 Codex
3243 5619 3626 5676 tioisliuianus.

2195 5689 2308 5756 (85)
2351 5690 2403 5740 Ὁ
2423 5689 2516 5758 ἐφ’
2543 5688 2712 5756 ὅλον,
2758 5701 2866 5743 ctc.
2901 5691 3103 5744 Catena
3133 5691 3402 5746 Corderti.
