4110 6390
374 389 507 444 4449

1321 373 1627 430 SELECTA
1670 373 1735 427 IN
1775 366 2114 425 PSALMOS.
2157 398 2224 408 --
2262 365 2458 419 PSAL.
2508 361 2689 418 XLIX.

3482 365 3619 420 “50

364 505 467 573 γῆν
491 503 597 556 ἀπὸ
632 500 903 555 ἀνατολῶν
945 497 1095 568 ἡλίου
1140 495 1299 566 μέχρι
1338 496 1574 565 δυσμῶν⁹
1614 513 1630 544 ι
1671 493 1778 545 ἀπὸ
1811 493 1940 544 ἁνα-

2050 499 2157 537 ram
2207 499 2233 535 a
2267 482 2394 535 solis
2441 491 2560 534 ortu
2596 492 2765 547 usque
2811 478 2876 531 ad
2923 492 3214 543 occasum;
3247 498 3266 530 ι
3325 495 3515 550 nempe
3551 486 3617 535 ab

364 596 532 648 στολῶν
596 593 688 646 τὸν
751 591 998 663 Ἰσραὴλ,
1050 589 1269 659 δυσμῶν
1311 588 1366 640 δὲ
1418 589 1544 649 τοὺς
1588 586 1940 652 δυσγενεστά-

364 705 507 750 τους.

445 782 538 833 Ἐκ
569 779 721 834 Σιὼν
746 779 784 845 ἢ
814 775 1134 842 εὐπρέπεια
1174 770 1283 839 τῆς
1319 771 1694 838 ὡραιότητος,
1721 787 1775 821 κ.
1809 785 1861 820 τ.
1890 768 1937 820 ἐ.

363 869 534 940 Εἴπερ
563 869 863 939 εὐπρέπεια
897 865 1006 935 (95)
1044 862 1138 916 καὶ
1160 862 1430 932 ὡραιότης
1464 861 1670 931 Κυρίου
1704 862 1736 928 ἡ
1780 858 1940 927 σοφία

364 962 530 1015 ἐστίν·
561 959 699 1030 αὕτη
736 961 792 1011 ἐν
825 960 888 1028 τῇ
930 955 1066 1010 Σιών
1106 957 1272 1007 ἐστιν.
1323 947 1491 1014 Οὗτος
1524 952 1607 1019 ἐφ’
1650 946 1708 1004 οὗ
1741 953 1805 1020 τῇ
1847 967 1940 1016 γε-

365 1054 510 1107 νέσει
555 1053 800 1121 λέγομεν·
861 1045 1204 1118 Ἐμμανουὴλ
1251 1042 1509 1115 ἐμφανῶς
1549 1039 1703 1113 ἦλθε,
1755 1042 1848 1094 καὶ
1880 1041 1940 1092 οὐ

367 1143 715 1214 παρασιωπᾷ,
750 1138 882 1193 ἀλλὰ
910 1138 1057 1205 λέγει
1086 1137 1152 1189 δι’
1182 1128 1256 1188 ὧν
1283 1133 1450 1196 θέλει,
1481 1133 1602 1184 ἐπεὶ
1623 1131 1756 1193 Θεὸς
1784 1132 1816 1200 ἡ
1827 1129 1942 1200 μῶν

366 1239 499 1288 ἐστι.
533 1233 644 1287 Νῦν
679 1234 797 1303 μὲν,
840 1231 1024 1301 φησὶν,
1063 1247 1082 1280 ι
1121 1230 1182 1280 οὑ
1215 1226 1729 1298 παρασιωπήσεταιο
1764 1241 1781 1274 ι
1817 1221 1942 1292 ἐξῆς

364 1327 441 1389 δέ,
485 1345 503 1376 ι
549 1325 722 1377 ταῦτα
769 1322 1050 1390 ἐποίησας,
1097 1319 1190 1373 καί
1241 1317 1493 1388 ἐσίγησα.
1540 1315 1659 1387 Πῦρ
1713 1313 1943 1367 ἐνώπιον

365 1416 551 1472 αὐτοῦ.
597 1435 613 1467 ι
648 1447 716 1457 -—
754 1432 772 1465 ι
811 1413 929 1484 Πῦρ
951 1411 1084 1483 γὰρ,
1115 1410 1298 1480 φησιν,
1323 1405 1486 1480 ἦλθον
1521 1407 1701 1478 βαλεῖν
1731 1407 1822 1458 ἐπὶ
1844 1406 1942 1476 τὴν

365 1511 488 1581 γῆν.
530 1529 549 1560 ι
580 1508 691 1561 Καὶ
721 1509 778 1561 ἐν
823 1505 901 1576 τῷ
933 1503 1148 1574 Δανιήλ·
1186 1520 1204 1552 ι
1240 1502 1492 1573 Ποταμὸς
1541 1499 1710 1571 πυρὸς
1761 1493 1943 1551 εἷλκεν

365 1600 673 1673 ἔμπροσθεν
701 1596 889 1651 αὐτοῦ.
935 1615 952 1648 ι
989 1595 1109 1666 Πῦρ
1153 1594 1209 1646 δέ
1247 1593 1338 1646 καὶ
1381 1592 1632 1659 καταιγίς
1687 1590 1780 1643 ἐπὶ
1818 1590 1943 1652 τοὺς

368 1695 441 1764 μὴ
471 1693 834 1762 προσέχοντας
868 1687 1034 1742 αὐτοῦ
1077 1688 1142 1756 τῇ
1189 1684 1482 1753 ἐπιφανείᾳ
1517 1683 1610 1736 καὶ
1640 1681 1716 1752 τῷ
1764 1681 1941 1750 Λόγῳ,

362 1785 421 1848 ὃς
461 1783 578 1854 ἥξει
613 1787 676 1836 ἐκ
708 1783 806 1853 τῆς
859 1777 1180 1850 ἐπουρανίου
1231 1775 1390 1839 Σιὼν,
1443 1773 1720 1846 ἰσοσθενὴς
1760 1771 1834 1825 ὢν
1867 1770 1944 1840 τῷ

2044 577 2251 630 oriente
2285 571 2557 635 Isi-uelem,
2593 573 2660 624 ab
2686 569 2969 624 occidente
3010 585 3138 624 vero
3172 571 3616 640 ignobilissinms.

2119 745 2282 800 Vens.
2324 745 2378 798 2.
2417 744 2501 797 Ea:
2529 742 2662 797 Sion
2691 741 2884 810 species
2917 740 3140 805 decoris,
3188 752 3294 797 etc.
3339 743 3620 814 Siquidem

2045 841 2209 893 decor
2240 846 2292 891 et
2322 836 2536 906 species
2568 832 2780 888 Domini
2809 843 2891 886 est
2915 834 3180 904 sapientia
3206 852 3219 888 :
3257 837 3372 905 ipsa
3407 838 3457 890 iu
3491 839 3620 892 Sion

2045 930 2278 984 exsistit.
2327 927 2428 981 llic
2463 927 2604 980 enim
2644 935 2730 980 est
2763 926 2815 979 in
2849 924 3007 994 cujus
3041 926 3318 981 nativitate
3351 928 3582 983 dicimus
3606 969 3621 991 ,

2047 1018 2361 1074 Emmanuel
2412 1016 2700 1072 manifeste
2750 1019 2939 1083 venit,
2979 1027 3032 1071 et
3067 1033 3170 1070 non
3220 1019 3364 1084 silet,
3399 1022 3491 1073 sed
3529 1037 3624 1088 per

2046 1127 2184 1180 quos
2217 1109 2332 1163 vnlt
2363 1109 2623 1178 loquitur,
2659 1109 2921 1178 quoniam
2952 1109 3094 1163 Deus
3122 1119 3308 1166 noster
3337 1121 3440 1166 est.
3470 1111 3623 1166 Nunc

2043 1189 2286 1274 quidem,
2312 1202 2521 1272 inquit,
2552 1219 2571 1252 ι
2599 1216 2703 1254 non
2728 1201 2936 1265 silebit;
2966 1220 2983 1252 ι
3013 1202 3268 1272 deinceps
3293 1219 3420 1258 vero
3447 1203 3620 1274 (rens.

2044 1296 2122 1368 ⁵5),
2145 1315 2162 1346 ι
2195 1295 2310 1350 hazc
2339 1294 2538 1359 fecisti,
2571 1302 2625 1346 et
2665 1293 2828 1345 tacui.
2860 1291 3001 1360 Ignis
3024 1293 3076 1346 in
3111 1305 3406 1362 conspectu
3437 1296 3554 1365 ejus
3603 1315 3620 1345 ι

2053 1407 2071 1439 ι
2100 1388 2282 1457 Ignem
2305 1387 2476 1451 enim,
2503 1384 2841 1454 inquit,veni
2868 1385 3083 1439 mittere
3113 1387 3164 1439 in
3200 1389 3488 1454 terramf’.
3512 1406 3530 1438 ι
3564 1390 3626 1442 Et

2046 1481 2098 1536 in
2131 1479 2379 1534 Daniele:
2429 1495 2447 1528 ι
2476 1476 2701 1531 Fluvius
2746 1477 2885 1543 ignis
2937 1479 3189 1532 trahebat
3237 1479 3291 1534 in
3327 1492 3625 1550 conspectu

2043 1573 2164 1642 ejus
2189 1571 2255 1624 “.
2286 1589 2306 1623 ι
2339 1570 2611 1624 Caeterum
2642 1568 2782 1638 ignis
2811 1579 2867 1623 et
2896 1578 3194 1638 tempestas
3221 1586 3387 1640 super
3415 1587 3509 1626 eos
3536 1578 3626 1641 qui

2046 1680 2154 1718 non
2207 1661 2492 1717 attendunt
2546 1661 2614 1716 ad
2663 1660 2953 1716 adventum
2983 1671 3037 1714 et
3081 1663 3147 1716 ad
3185 1661 3421 1717 Verbum
3469 1663 3626 1732 ejus,

2047 1756 2188 1823 quod
2225 1753 2407 1807 veniet
2435 1753 2502 1806 de
2533 1752 2906 1820 superccelesti
2939 1752 3092 1815 Sion,
3128 1735 3250 1806 cum
3278 1754 3350 1808 sit
3385 1753 3626 1821 ejusdem

366 1837 558 1948 ῐίατρῖί·
591 1837 840 1946 οὐράνίος
884 1837 1088 1944 γὰρ’ἦν
1121 1870 1275 1935 Θεὸς,
1307 1837 1400 1922 καί
1430 1869 1518 1920 ὅτε
1549 1837 1713 1938 ἦλθεν
1763 1837 1943 1935 ἐμφαξ

2050 1862 2168 1900 cum
2204 1844 2364 1898 Patre
2404 1843 2725 1911 potestatis:
2756 1842 3022 1910 siquidem
3055 1843 3194 1898 Deus
3214 1853 3335 1898 erat
3365 1845 3627 1913 caelestis,

363 1966 489 2031 νὼς,
519 1967 637 2038 ἦτοι
665 1967 753 2018 ὅτε
781 1964 971 2033 γέγονε
997 1958 1150 2032 σάρξ.
1189 1959 1322 2012 Τότε
1355 1956 1464 2028 γὰρ
1493 1954 1689 2028 ὁρατὸς
1717 1955 1943 2023 γέγονεν

365 2057 553 2122 ἐλθὼν,
579 2058 640 2109 οὐ
671 2053 1178 2126 παρασιωπήσεται,
1209 2047 1342 2101 ἀλλὰ
1369 2046 1462 2100 τοῦ
1494 2044 1700 2114 κόσμου
1735 2040 1944 2109 ἐλέγξει

364 2151 463 2220 τὴν
505 2148 796 2220 ἁμαρτίαν,
848 2147 1014 2217 ἤγουν
1063 2143 1161 2215 τὴν
1209 2141 1460 2212 βούλησιν
1517 2135 1806 2204 ἀναγγελεῖ
1851 2133 1942 2185 τοῦ

365 2242 596 2313 Πατρός.
632 2241 890 2295 Καλεῖται
915 2238 1023 2309 γὰρ
1061 2257 1080 2290 ι
1119 2237 1360 2308 μεγάλης
1392 2233 1589 2304 βουλῆς
1633 2228 1882 2297 ἄγγελος.
1922 2246 1939 2277 ³

363 2335 438 2387 Τὸ
464 2335 521 2388 δὲ
550 2321 661 2404 πῦρ
687 2333 748 2386 τὸ
782 2332 895 2400 φῶς
938 2331 1193 2402 σημαίνει
1253 2328 1311 2381 τὸ
1359 2325 1417 2390 ἐξ
1455 2322 1640 2378 αὐτοῦ·
1686 2322 1786 2391 τῆς
1836 2319 1945 2391 γὰρ

363 2428 616 2496 γνώσεως
655 2425 750 2479 τοῦ
798 2424 1033 2496 Χριστοῦ
1103 2423 1163 2476 τὸ
1202 2421 1290 2475 διὰ
1337 2419 1568 2480 πίστεως
1603 2413 1791 2484 νοητὸν
1830 2413 1946 2482 φῶς

363 2523 596 2593 ἡγεῖται.
632 2520 864 2589 Νοήσεις
895 2517 952 2570 δέ
979 2517 1071 2570 καὶ
1093 2514 1256 2568 οὕτωσ
1297 2513 1385 2565 Ἐν
1416 2508 1634 2578 ἐξουσίᾳ
1659 2507 1753 2559 καὶ
1787 2504 1945 2560 δυνά-

369 2632 457 2685 μει
484 2613 736 2682 θεότητος
771 2609 871 2672 ὢν,
903 2609 1106 2678 καίπερ
1131 2603 1366 2674 γεγονὼς
1389 2604 1445 2655 ἐν
1479 2599 1661 2670 σαρκὶ,
1694 2596 1944 2666 καθάπερ

363 2725 414 2760 τι
452 2704 563 2776 πῦρ
599 2704 692 2756 καὶ
739 2702 993 2770 καταιγὶς
1029 2697 1332 2770 προσέϐαλε
1378 2696 1493 2757 τοῖς
1548 2689 1944 2762 ἀντικειμένοις

364 2796 511 2868 αὑτῷ
539 2794 772 2864 διαϐόλῳ
796 2794 890 2846 καὶ
905 2791 1176 2861 δαίμοσιν.

447 2979 500 3031 Ὁ
539 2978 683 3042 Θεὸς
719 2973 995 3044 ἐμφανῶς
1043 2971 1196 3038 ἥξει,
1239 2971 1270 3022 ό
1329 2966 1474 3032 Θεὸς
1520 2962 1707 3032 ἡμῶν,
1748 2961 1844 3014 καὶ
1875 2961 1946 3013 οὐ

363 3068 913 3140 παρασιωπήσετιιι,
947 3082 999 3117 κ.
1027 3081 1078 3116 τ.
1109 3065 1153 3114 ἐ.
1201 3061 1259 3112 '0
1291 3058 1422 3121 Θεὸς
1456 3055 1611 3126 ἡμῶν
1639 3053 1746 3122 (96)
1769 3056 1947 3122 ἐμφα-

363 3161 469 3224 νῶς
498 3159 635 3229 ἥξει·
661 3157 793 3219 Θεὸς
823 3157 878 3208 δέ
908 3151 1064 3224 ἡμῶν
1089 3154 1116 3204 ὁ
1143 3148 1375 3220 Χριστός
1416 3148 1550 3198 ἐστι·
1588 3143 1820 3214 Χριστὸς
1847 3144 1944 3212 ἐμ-
1973 3175 2015 3230 C

365 3251 546 3321 φανῶς
573 3248 714 3319 ἥξει.

441 3342 549 3397 Τοῦ
581 3337 786 3393 αὐτοῦ.
823 3333 1056 3407 Χριστὸς
1103 3329 1364 3402 ἐλήλυθεν
1402 3327 1512 3397 (97)
1554 3327 1610 3378 ἐν
1657 3323 1836 3394 σαρκί.
1873 3323 1947 3375 Τὸ

370 3452 388 3485 ι
421 3430 676 3502 ἐμφανῶς
705 3449 722 3480 ι
757 3429 864 3499 ἄρα
889 3429 986 3496 τὴν
1016 3423 1194 3496 σάρκα
1220 3421 1389 3493 δηλοῖ·
1423 3416 1652 3488 αἰσθητὴ
1680 3416 1788 3486 γὰρ
1816 3410 1882 3484 ἦν
1910 3417 1943 3484 ἡ

366 3525 503 3596 σὰρξ
531 3524 624 3578 τοῦ
656 3525 700 3576 Χ
712 3519 914 3594 ριστοῦ.

434 3614 921 3689 Προσκαλέσεται
949 3611 1056 3664 τὸν
1084 3605 1344 3676 οὐρανὸν
1373 3604 1516 3664 ἄνω,
1541 3619 1595 3654 κ.
1625 3619 1675 3689 τ.
1709 3600 1754 3651 ἐ.
1795 3597 1948 3689 Ἐπεὶ

365 3713 422 3764 ἐν
451 3682 852 3779 Ᾰευτερονομίῳ
888 3699 997 3771 (98)
1030 3697 1276 3757 δοθέντος
1322 3691 1413 3746 τοῦ
1452 3690 1618 3760 νόμου
1649 3687 1724 3738 διε
1735 3682 1943 3779 μαρτύῖ

369 3819 498 3876 ρατο
512 3776 752 3867 Μωῧσῆς
771 3795 860 3849 τὸν
888 3789 1113 3860 οὐρανὸν
1145 3786 1238 3840 καὶ
1263 3779 1738 3876 τὴνῂγῆνχὸμοίφς
1771 3776 1836 3876 δὲ.
1854 3777 1949 3876 καὶ

364 3867 665 3966 ἀρχόμενος
698 3887 798 3955 τῆς
841 3883 983 3954 ᾠδῆς
1023 3877 1245 3939 τούτους
1291 3873 1466 3926 καλεῖ⁸
1509 3870 1592 3922 ἔτι
1645 3869 1718 3966 δὲ.
1754 3867 1847 3918 καὶ
1888 3867 1946 3965 ἐν

375 3956 574 4054 Ἠσαίᾳ
605 3975 1140 4050 παραλαμϐάνονται·
1163 3967 1253 4022 διὰ
1277 3965 1456 4027 τοῦτο,
1491 3959 1832 4054 κρινομένου-ν
1853 3956 1943 4054 του

364 4077 518 4141 λαοῦ,
551 4051 992 4146 -προσκαλέσεται
1049 4065 1139 4117 τὸν
1198 4057 1426 4131 οὐρανὸν
1479 4055 1575 4146 καί
1616 4053 1715 4146 τὴν
1750 4051 1871 4146 Δγῆν
1917 4051 1944 4100 ὀ

365 4170 517 4233 Θεός.
546 4141 660 4221 Νυν
683 4165 739 4217 δέ
761 4163 822 4214 τὸ
863 4181 879 4210 ι
919 4158 1189 4226 διακρῖναι
1229 4171 1246 4202 ›
1277 4149 1423 4217 λέγει
1467 4144 1586 4198 ἀντὶ
1609 4141 1715 4233 τοῦλ
1745 4141 1943 4233 stay-o-

369 4259 517 4330 ρίσαι
545 4256 670 4317 τοὺς
695 4251 857 4311 ἰδίους
887 4243 1076 4305 αὐτοῦ,
1109 4241 1267 4303 ὄντας
1310 4237 1438 4289 λαὸν
1469 4230 1658 4295 αὑτοῦ,
1695 4229 1803 4282 ἀπὸ
1833 4227 1942 4280 τῶν

366 4322 657 4422 αλλοτρίων
690 4341 852 4399 αὑτοῦ
883 4339 992 4394 τῶν
1023 4331 1432 4404 συννεμομένων
1468 4329 1579 4389 τοῖς
1626 4323 1809 4378 αὐτοῦ·
1859 4322 1946 4374 ἵνα

365 4443 443 4514 τῷ
494 4413 590 4512 μέν
636 4434 850 4510 οὐρανῷ
891 4428 1073 4498 ἀποδῴ
1123 4427 1247 4487 τοὺς
1299 4422 1484 4482 ἰδίους,
1525 4421 1590 4489 τῇ
1631 4416 1688 4469 δὲ
1719 4417 1790 4485 γῇ
1820 4413 1944 4474 τοὺς

2048 1935 2211 1989 etiam
2259 1933 2475 2002 quando
2516 1933 2665 1986 venit
2716 1931 3041 1997 manifeste,
3089 1934 3202 1988 sive
3251 1937 3466 2002 quando
3501 1951 3630 1991 caro

2048 2023 2224 2077 factus
2271 2021 2389 2076 fuit.
2444 2019 2597 2074 Tunc
2647 2021 2791 2074 enim
2822 2036 2944 2076 cum
2998 2023 3345 2090 aspectabilis
3378 2026 3625 2092 venerit,

2050 2131 2152 2168 non
2193 2114 2414 2180 silebit,
2451 2115 2544 2168 sed
2576 2113 2756 2166 mundi
2795 2123 3077 2182 peccatum
3112 2125 3346 2183 arguet,
3375 2118 3490 2171 sive
3528 2135 3615 2170 vo-

2050 2206 2312 2259 luntatem
2344 2206 2520 2260 Patris
2548 2205 2917 2258 ammntiabit.
2955 2205 3192 2260 Vocatur
3213 2208 3355 2260 enim
3395 2227 3413 2258 ι
3447 2212 3628 2277 magni

2049 2298 2266 2352 consilii
2318 2299 2566 2368 angelus.
2606 2319 2624 2350 ι
2667 2299 2806 2369 Ignis
2837 2312 2967 2351 vero
3000 2299 3276 2368 signiﬁcat
3310 2304 3483 2356 lucem
3512 2319 3633 2372 qua:

2051 2406 2114 2444 es
2155 2391 2269 2459 ipso
2316 2400 2428 2444 est:
2467 2391 2714 2444 notitiam
2756 2391 2900 2443 enim
2947 2390 3152 2445 Christi
3205 2391 3469 2460 spiritalis
3505 2394 3631 2449 ﬁdei

2052 2481 2141 2534 lux
2176 2481 2456 2550 praecedit.
2493 2481 2802 2547 Quinetiam
2832 2481 2932 2534 hoc
2967 2481 3126 2535 modo
3161 2481 3431 2551 intelliges
3459 2501 3472 2538 :
3496 2484 3629 2539 Cum

2051 2573 2103 2626 in
2151 2581 2423 2642 potestate
2470 2587 2535 2627 ac
2569 2574 2764 2628 virtute
2795 2574 3095 2628 divinitatis
3126 2578 3436 2642 exsisteret,
3466 2579 3630 2632 etiam

2052 2666 2106 2720 in
2135 2680 2300 2722 carne
2346 2675 2505 2721 natus
2531 2706 2547 2733 ,
2586 2667 2757 2722 instar
2809 2667 2948 2736 ignis
2986 2682 3051 2721 ac
3081 2670 3420 2737 tempestatis
3454 2672 3636 2741 cujus-

2054 2757 2176 2811 dam
2226 2757 2388 2810 irruit
2434 2757 2486 2810 in
2521 2757 2863 2812 adversarios
2925 2771 3076 2821 suos,
3114 2759 3390 2814 diabolum
3431 2776 3495 2814 ac
3527 2763 3634 2815 da:-

2054 2864 2268 2903 munus.

2123 2941 2284 2994 Vens.
2322 2941 2374 2994 5.
2437 2938 2576 2992 Deus
2607 2939 2886 3008 manifeste
2937 2943 3101 2994 veniet
3125 2981 3139 3004 ,
3182 2941 3322 2995 Deus
3351 2954 3546 3008 noster,
3583 2956 3632 2998 et

2051 3049 2154 3085 non
2179 3032 2372 3092 silebit,
2401 3042 2505 3084 etc.
2545 3031 2684 3085 Deus
2718 3040 2903 3084 noster
2931 3033 3218 3086 manifeste
3249 3033 3452 3088 veniet.
3487 3035 3628 3090 Deus

2053 3131 2238 3176 noster
2273 3121 2522 3176 Christus
2554 3130 2658 3176 est.
2687 3121 2934 3178 Christus
2967 3122 3253 3178 manifeste
3285 3125 3485 3178 veniet.

2123 3294 2284 3364 722
2312 3293 2590 3363 Ejusdem.
2633 3292 2881 3347 Christus
2911 3294 3058 3348 venit
3084 3294 3138 3347 in
3166 3309 3354 3348 carne.
3391 3295 3533 3361 Ergo
3565 3297 3631 3347 il-

2054 3389 2164 3450 Iud,
2201 3405 2219 3438 ι
2255 3387 2563 3452 manifeste,
2591 3403 2608 3436 ι
2645 3398 2862 3439 carnem
2898 3386 3168 3455 signiﬁcat
3196 3405 3207 3440 :
3239 3404 3362 3442 nam
3387 3390 3488 3443 sub
3517 3405 3633 3443 sen-

2051 3497 2172 3536 sum
2208 3482 2441 3537 cadebat
2470 3495 2598 3536 caro
2624 3479 2850 3534 Christi.

2122 3573 2289 3630 Vens.
2313 3575 2367 3630 4.
2391 3575 2680 3628 Advocabit
2703 3573 2886 3626 caelum
2912 3575 3213 3639 desursum,
3231 3585 3336 3628 etc.
3366 3573 3630 3640 Quoniam

2055 3668 2108 3721 in
2144 3667 2562 3722 Deuteronomio
2597 3682 2723 3721 cutn
2757 3665 2845 3720 lex
2894 3666 3143 3732 daretur,
3182 3666 3504 3721 testificatus
3549 3676 3636 3720 est

2053 3759 2264 3835 Meyses
2289 3759 2485 3814 malum
2520 3769 2575 3814 et
2607 3768 2830 3824 terram,
2869 3758 3124 3814 similiter
3157 3767 3212 3812 et
3245 3759 3517 3812 canticum
3547 3759 3633 3812 in-

2053 3851 2260 3904 choans
2305 3851 2523 3904 eosdem
2581 3857 2751 3904 testes
2787 3849 3055 3907 advocat,
3105 3853 3266 3913 atque
3311 3845 3531 3914 insuper
3582 3847 3634 3898 in

2054 3942 2189 3996 Isaia
2217 3941 2583 4007 adhibentur;
2621 3941 2824 3995 idcirco
2853 3940 3017 3993 etiam
3049 3937 3193 3993 Deus
3223 3954 3346 3994 cum
3380 3939 3635 4008 populum

2053 4048 2213 4087 suum
2241 4033 2592 4101 jndicaturus
2620 4043 2724 4095 est,
2763 4031 2960 4086 caelum
2998 4041 3053 4085 et
3088 4041 3288 4084 terram
3323 4031 3632 4085 advocabit.

2053 4125 2207 4179 Nunc
2239 4136 2416 4178 autem
2450 4142 2469 4176 ι
2505 4124 2818 4178 discernere
2849 4141 2868 4174 ι
2902 4123 3030 4177 dicit
3060 4137 3158 4189 pro
3187 4135 3479 4194 segregare
3508 4138 3635 4191 pro-

2053 4217 2200 4287 prios
2227 4231 2354 4271 suos
2379 4257 2394 4281 ,
2431 4216 2520 4284 qui
2571 4225 2700 4270 sunt
2734 4215 2960 4285 populus
2988 4213 3104 4281 ejus
3127 4251 3145 4281 ,
3177 4214 3244 4268 ah
3278 4214 3470 4269 alienis
3491 4254 3505 4279 ,
3539 4215 3633 4283 qui

2056 4324 2160 4362 una
2193 4324 2315 4363 cum
2359 4309 2593 4377 propriis
2625 4308 2741 4378 ejus
2774 4308 2911 4378 pasti
2947 4307 3128 4370 fuere;
3158 4315 3215 4358 ut
3243 4307 3383 4360 coelo
3419 4308 3632 4374 quidem

2055 4401 2242 4456 reddat
2267 4401 2515 4470 proprios
2542 4417 2689 4470 suos,
2721 4411 2882 4456 terra:
2916 4417 3046 4456 vero
3083 4402 3310 4455 alienos.
3345 4397 3438 4453 Vel
3469 4399 3634 4452 advo-

367 4492 1274 4604 αλλοέτρίους..“Η’προσκαλέσεται
1317 4514 1443 4575 τοὺς
1473 4511 1530 4562 ἐν
1562 4509 1812 4604 ουρανοῖς
1848 4505 1946 4572 ἀγ-

2053 4493 2200 4549 cabit
2228 4493 2449 4562 angelos
2480 4495 2568 4561 qui
2609 4493 2662 4546 in
2699 4493 2854 4547 caelis
2880 4503 3042 4556 sunt,
3087 4503 3142 4548 et
3174 4492 3376 4549 electos
3404 4493 3456 4546 in
3489 4502 3633 4546 terra

366 4598 578 4689 γέλους,
611 4620 706 4673 καὶ
740 4617 866 4680 τοὺς
899 4607 1307 4680 ἐξειλεγμένους
1336 4606 1394 4656 ἐν
1421 4605 1492 4672 γῇ
1539 4599 1675 4670 πρὸς
1717 4598 1948 4689 ἀποστο-

370 4717 489 4787 λὴν,
522 4713 662 4766 ὥστε
685 4712 775 4763 τὸν
801 4703 965 4762 αὐτοῦ
989 4703 1117 4757 λαὸν
1152 4699 1456 4787 διακρῖναι.
1487 4694 1548 4787 Οἰ
1579 4690 1688 4760 γὰρ
1711 4688 1946 4787 rita-tonat?-

370 4776 628 4868 10-9109;
680 4803 776 4874 μέν
821 4795 1175 4866 πειθομένους
1226 4782 1621 4861 προσεκόμιζον
1670 4779 1746 4850 τῷ
1799 4776 1941 4846 Θεῷ,

367 4903 491 4963 τοὶς
512 4899 568 4952 δὲ
602 4898 675 4967 μὴ
704 4892 976 4954 τοιούτους
999 4889 1228 4958 ἠφίεσαν
1259 4881 1336 4952 τῷ
1365 4877 1598 4946 Σατανᾷ.

439 4960 810 5060 έυναγιίγετε
854 4981 1013 5047 αὺτῷ
1061 4980 1201 5044 τοὺς
1246 4975 1458 5038 ὁσίους
1523 4965 1732 5060 αὐτοῦ,
1806 4960 1946 5060 εοὺς

368 5054 808 5150 (haudquia;on
846 5075 972 5142 τὴν
1003 5071 1303 5136 Διαθήκην
1342 5062 1526 5120 αὑτοῦ
1559 5058 1655 5113 ἐπὶ
1685 5054 1943 5150 θυσίαις.

371 5173 480 5228 Καὶ
517 5144 958 5239 ἀπαγγελοῦσιν
1007 5166 1058 5216 οἰ
1101 5159 1344 5228 οὐρανοὶ
1394 5154 1507 5222 τὴν
1552 5144 1948 5239 δικαιοσιξνην

368 5262 578 5326 αὑτοῦ,
758 5260 900 5324 Θεὸς
949 5254 1152 5324 κριτής
1189 5253 1350 5311 ἐστι,
1391 5265 1443 5300 κ.
1479 5263 1530 5297 τ.
1565 5245 1610 5294 ἐ.
1672 5239 1744 5291 Ἦ
1783 5236 1948 5305 οὐρα-

371 5360 452 5412 νοὶ
472 5356 578 5427 (99)
595 5358 642 5408 οἰ
665 5375 681 5404 ι
705 5355 803 5423 τὴν
828 5351 1008 5404 εἰκόνα
1038 5369 1054 5399 ι
1077 5344 1366 5415 φοροῦντες
1388 5359 1403 5390 ι
1427 5337 1519 5392 τοῦ
1552 5331 1898 5404 ἐπουρανίου.
1928 5347 1943 5376 ι

443 5529 489 5561 ’³
529 5525 665 5580 an.
699 5537 798 5588 sit,
827 5520 910 5574 49.
991 5519 1033 5549 ’ἰ
1063 5520 1196 5572 Dan.
1232 5531 1324 5579 vn,
1357 5515 1442 5570 l0.
1518 5513 1561 5543 '5
1595 5511 1609 5563 Ι
1639 5510 1765 5563 Cor.
1803 5520 1890 5569 xv,
1923 5501 2011 5556 49.

441 5688 556 5760 (95)
585 5679 1138 5760 Efﬂ§p_£i13fpéﬂ8ta,
1160 5688 1268 5760 etc.
1298 5676 1514 5760 _Ea_denl
1535 5672 1757 5760 Catena.

467 5741 557 5820 se}
599 5757 652 5810 '0
689 5741 831 5819 Θεὸς
868 5741 1054 5820 ήζιιῶν,
1088 5741 1190 5802 etc.
1223 5741 1686 5820 Scliet_|a:_Gt'al)ii_.

588 5809 841 5894 Χριστὸξι
867 5809 1185 5887 simulas};
1216 5827 1320 5871 etc.
1357 5815 1564 5870 Eaedem
1601 5809 1832 5865 schedgc.

693 5920 958 5977 Parnm.
1009 5915 1122 5973 Gn.
1175 5914 1314 5973 XII.

2058 4589 2126 4641 ad
2161 4587 2542 4658 apostolatum,
2573 4595 2630 4639 ut
2658 4587 2913 4656 populum
2950 4601 3106 4641 suum
3138 4586 3458 4656 dijudicent.
3492 4587 3636 4653 Apo-

2056 4680 2176 4736 stoli
2208 4681 2352 4734 enim
2388 4679 2570 4734 ﬁdeles
2596 4679 2812 4748 quidem
2841 4679 2906 4733 ad
2937 4681 3104 4733 Deum
3137 4679 3510 4745 adduxerunt;
3543 4693 3638 4733 eos

2053 4786 2187 4826 vero
2237 4769 2330 4840 qui
2379 4785 2486 4826 non
2526 4779 2684 4824 erant
2721 4769 3130 4836 hujuscemodi,
3171 4768 3392 4824 Satanae
3431 4770 3634 4838 permi-

2050 4874 2254 4919 serunt.

2126 4953 2292 5009 Vens.
2328 4954 2383 5019 5,
2412 4953 2467 5008 6.
2502 4954 2824 5025 (Iongregate
2865 4953 2946 5006 illi
2994 4962 3202 5006 sanctos
3236 4953 3351 5022 ejus
3378 4991 3393 5016 ,
3430 4953 3519 5022 qui
3547 4969 3638 5005 or.

2055 5048 2240 5100 dinam
2270 5044 2656 5099 Testamentum
2687 5045 2803 5113 ejus
2831 5061 2988 5114 super
3022 5044 3306 5112 sacriﬁcia.
3335 5042 3404 5096 Et
3433 5060 3636 5096 annun-

2055 5138 2260 5191 tiabunt
2293 5137 2406 5191 caeli
2439 5136 2699 5203 iustitiam
2729 5137 2868 5205 ejus,
2894 5137 3144 5204 quoniam
3178 5136 3314 5189 Deus
3338 5135 3506 5202 judex
3536 5143 3635 5197 est,

2057 5238 2163 5284 etc.
2213 5229 2304 5283 Vel
2333 5230 2455 5284 caeli
2495 5241 2623 5284 sunt
2652 5230 2705 5283 hi
2736 5230 2826 5298 qni
2863 5229 3041 5282 ferunt
3081 5247 3097 5279 ι
3135 5227 3428 5297 imaginem
3467 5227 3633 5280 caele-

2059 5324 2157 5379 stis
2177 5324 2243 5376 ’⁸.
2275 5343 2292 5373 ι
2331 5321 2423 5376 Vel
2459 5323 2560 5378 hoc
2597 5333 2678 5376 est
2712 5321 3058 5375 manifestum
3087 5360 3102 5384 ,
3140 5319 3347 5374 Domini
3378 5317 3635 5387 populum

2129 5658 2241 5727 (98)
2285 5655 2442 5707 Ἐπεί
2475 5654 2543 5705 ἐν
2575 5648 3028 5717 Δευτερονομίῳ,
3054 5653 3161 5701 etc.
3186 5643 3392 5698 Catena
3431 5642 3633 5698 Cordec

2053 5749 2237 5869 mimi)
2268 5798 2335 5852 Ἢ
2363 5792 2627 5860 οὐρανοί,
2665 5800 2769 5846 etc.
2805 5787 3006 5842 Eadem
3041 5787 3274 5840 Catena.

3242 5879 3319 5940 46
