4110 6404
494 373 638 428 ἨΞΙ

1923 366 2010 420 EX
2044 365 2352 421 'ORlGENE

3620 372 3758 425 “5?.

502 487 800 554 judicatum
834 488 896 540 iri
935 501 963 538 a
996 484 1348 538 rationalibus
1377 483 1684 546 virtutibus.
1711 492 1764 536 et
1794 485 1858 537 ab
1888 484 1951 536 iis
1974 482 2067 552 qui

2187 483 2246 533 “ll
2290 482 2445 534 τοῦτό
2492 482 2636 534 ἐστιν
2686 481 2950 553 ἐναργῶς,
2994 481 3053 537 τὸ
3092 482 3462 553 διακρίνεσθαι
3501 484 3591 538 τὸν
3638 486 3764 541 λαὸν

507 590 561 631 et
590 578 880 632 salutarem
918 576 1358 645 praedicationem
1392 573 1801 639 administrant,
1833 585 1887 627 et
1917 574 2079 631 Chri-

509 680 591 723 sto
622 678 955 737 congregant
989 676 1208 721 sanctos
1237 665 1376 735 ejus,
1412 683 1431 716 ‹
1466 679 1601 734 quos
1644 666 1951 734 prteseivit,
1996 665 2080 718 in-

515 761 656 829 quit,
688 772 742 815 et
772 759 1218 827 prtedestinavit;
1255 767 1308 812 et
1354 772 1489 827 quos
1517 759 1751 824 vocavit,
1789 758 1889 812 hos
1917 765 1972 811 et
1994 755 2083 826 ju-

507 853 763 908 stiﬁcavit
790 854 857 918 ’⁵,
882 871 901 904 ι
927 854 1015 921 qui
1050 851 1344 922 adimplent
1370 852 1798 917 Testamentum,
1821 868 1925 907 non
1955 867 2082 907 san-

507 944 783 1011 guiuibus,
815 946 908 999 sed
942 943 1274 1013 spiritalibus
1310 943 1620 997 sacrilieiis.

582 1124 852 1193 Ejusdem.
908 1123 1007 1178 ilic
1059 1124 1341 1179 manifeste
1392 1122 1665 1179 CitriStum
1717 1122 1851 1177 dicit.
1890 1123 2079 1177 Deum.

513 1235 530 1268 ι
560 1216 731 1272 Omne
769 1235 788 1269 ι
822 1216 966 1270 enim
1004 1233 1023 1266 ι
1053 1216 1315 1285 judicium
1348 1214 1511 1269 Pater
1536 1214 1681 1269 dedit
1710 1213 1845 1267 Filio
1869 1214 1935 1267 ".
1974 1233 1992 1266 ι

580 1401 743 1455 Vens.
794 1399 848 1454 8.
899 1398 1024 1453 Non
1053 1401 1105 1452 in
1146 1399 1421 1467 sacriﬁciis
1460 1398 1563 1450 tuis
1609 1412 1826 1464 arguam
1869 1408 1937 1459 te,
1972 1406 2077 1450 etc.

509 1491 584 1544 De
609 1489 917 1546 Judteorum
946 1490 1228 1544 sacriﬁciis
1258 1503 1378 1556 quae
1405 1498 1523 1557 post
1554 1487 1757 1541 Christi
1789 1486 2080 1540 adventum

508 1584 767 1652 abrogata
799 1592 926 1637 sunt
955 1624 971 1647 ,
1006 1583 1122 1636 hate
1172 1582 1426 1635 convenit
1456 1577 1710 1646 pra-dicta
1749 1576 1936 1632 fuisse.
1987 1578 2080 1632 Vel

510 1691 615 1728 non
650 1689 837 1743 prava,
876 1673 1070 1742 inquit,
1100 1671 1398 1727 intentione
1434 1669 1661 1732 otl‘eras,
1691 1678 1911 1737 propter
1939 1669 2079 1738 quod

508 1766 639 1820 Cain
674 1764 969 1833 ittcrepavi.

577 1857 741 1912 Vsus.
772 1856 857 1909 10.
890 1854 1155 1920 Quoniam
1198 1869 1325 1906 mea:
1362 1864 1479 1905 sunt
1512 1868 1686 1905 omnes
1721 1852 1899 1905 (restire
1928 1850 2079 1919 agri,

504 1958 609 2002 etc.
642 1946 833 2003 Omnia
871 1945 1124 2000 animalia
1155 1946 1285 1998 dicit
1311 1958 1432 1997 esse
1459 1946 1560 1997 sub
1588 1942 1927 2013 providentia
1957 1940 2077 1994 Dei.

512 2056 529 2088 ι
564 2037 749 2091 Nonne
788 2037 933 2091 enim
979 2036 1083 2089 duo
1125 2048 1368 2105 passeres
1398 2046 1519 2086 asse
1554 2041 1826 2096 veneunt,
1857 2040 1911 2085 et
1944 2044 2083 2083 unus

506 2145 569 2182 ex
593 2130 697 2184 illis
721 2146 825 2183 non
853 2130 1007 2181 cadet
1040 2127 1155 2181 sine
1172 2125 1332 2179 Patre
1354 2138 1474 2179 meo
1496 2125 1584 2193 qui
1608 2124 1660 2177 in
1683 2123 1839 2179 caelis
1863 2131 1947 2177 est
1965 2122 2009 2153 ’⁸
2025 2122 2076 2174 ?o

584 2306 738 2359 \‘tztts.
792 2306 876 2357 15.
938 2301 1191 2371 Nunquid
1249 2299 1583 2353 manducabo
1640 2313 1824 2350 carnes
1902 2305 2082 2349 tauro-

509 2416 658 2461 rum,
685 2407 773 2449 aut
810 2395 1118 2464 sanguinem
1149 2394 1415 2446 hircorum
1452 2390 1682 2457 potabo?
1706 2398 1814 2444 etc.
1847 2388 2084 2457 Abrogat

508 2487 776 2544 sacriﬁcia
807 2482 1086 2540 seusibilia
1112 2498 1125 2535 :
1163 2497 1289 2536 nam
1320 2499 1337 2532 ι
1371 2478 1696 2535 sacriﬁcium
1728 2478 1836 2533 Deo
1861 2477 2084 2548 Spiritus

507 2576 908 2634 contribulatus
943 2576 1007 2627 ³⁸.
1042 2593 1059 2626 ι

582 2670 747 2723 Vsus.
789 2665 872 2721 16.
914 2663 1186 2718 Peccatori
1226 2673 1399 2715 autem
1429 2661 1562 2713 dixit
1596 2659 1773 2713 Deus:
1806 2660 1985 2723 Quare
2025 2667 2083 2711 tu

506 2777 725 2819 enarra:
750 2759 992 2828 justitias
1022 2760 1212 2811 meas?
1256 2762 1363 2807 etc.
1422 2752 1537 2806 Non
1579 2752 1679 2806 soli
1729 2752 1889 2807 obvio
1921 2766 2083 2806 sensu

508 2849 778 2919 peceatori
830 2848 943 2901 tunc
972 2862 999 2900 a
1050 2844 1158 2900 Deo
1188 2843 1329 2897 dicta
1373 2842 1647 2908 existimo,
1698 2857 1883 2897 verum
1919 2841 2083 2896 etiam

431 2944 435 2951 '
503 2941 706 3012 populo
741 2936 1201 2994 circumeisionis.
1229 2934 1500 2989 Cmterum
1538 2940 1790 3002 peccator
1818 2932 2087 2987 duntaxat

506 3048 605 3102 per
631 3047 693 3087 os
725 3031 924 3101 accipit
956 3028 1360 3083 Testamentum
1392 3024 1552 3095 723
1596 3024 1707 3089 Dei,
1752 3039 1873 3078 cum
1923 3022 2086 3077 disci-

508 3126 707 3195 rliuam
753 3123 971 3186 oderit,
1022 3132 1074 3175 et
1103 3135 1165 3175 ea
1213 3134 1334 3189 quae
1362 3118 1449 3173 hic
1478 3126 1834 3171 recensentur
1862 3124 2083 3186 peccata
2114 3149 2155 3205 Ο

509 3216 832 3270 cmntuittat.
873 3211 964 3267 Vel
1011 3212 1138 3281 quia
1181 3228 1200 3260 ι
1234 3208 1465 3279 populus
1496 3208 1618 3273 hic,
1662 3206 1873 3275 inquit,
1924 3205 2083 3260 labiis

506 3321 594 3360 me
624 3308 877 3366 honorat.
916 3318 1014 3357 cor
1040 3312 1216 3357 autent
1248 3317 1434 3356 eorum
1473 3302 1632 3370 longe
1658 3309 1741 3353 est
1772 3314 1802 3352 a
1848 3312 1933 3353 tne
1959 3298 2025 3350 ⁸ο.
2058 3316 2078 3350 ›

500 3402 600 3456 isti
627 3403 690 3455 de
711 3396 1131 3454 circumcisione
1150 3398 1379 3451 oderant
1402 3396 1738 3465 disciplinam
1773 3394 1827 3445 in
1850 3392 2081 3446 adventu

508 3491 734 3556 Christi,
766 3498 822 3544 et
863 3502 1145 3543 sermones
1179 3485 1271 3539 Dei
1300 3501 1435 3553 quos
1478 3484 1638 3540 Jesus
1671 3482 1922 3538 Christus
1960 3494 2085 3549 pro-

509 3585 764 3647 ferebat,
814 3591 1118 3636 retrorsum
1160 3578 1556 3649 projiciebant;
1608 3575 1906 3631 currebant
1957 3586 2084 3626 vero

499 3691 632 3727 cum
665 3674 781 3727 fure
810 3687 872 3726 ac
900 3670 1179 3740 proditore
1217 3669 1379 3735 Juda,
1413 3677 1469 3723 et
1498 3684 1621 3722 cum
1647 3668 1908 3722 adulteris
1940 3666 2082 3735 ligna

515 3776 571 3819 et
593 3767 799 3837 lapides
828 3764 1135 3831 portionem
1166 3778 1317 3815 suam
1353 3760 1666 3830 ponebant;
1701 3769 1753 3813 et
1785 3758 1926 3826 apud
1950 3758 2085 3811 alios

509 3866 671 3912 etiam
702 3856 857 3910 fratri
889 3869 1009 3919 suo,
1044 3853 1252 3908 scilicet
1282 3853 1480 3922 populo
1506 3866 1571 3906 ex
1603 3852 1875 3920 gentibus,
1911 3850 2086 3904 obtre-

507 3958 695 4016 ctant,
728 3948 856 4017 quin
902 3957 955 4002 et
994 3945 1292 4000 couterinis
1327 3946 1461 4009 suis,
1507 3943 1713 3997 scilicet
1749 3941 1996 3996 ﬁdelibus
2019 3941 2084 3994 de

509 4040 944 4104 circumcisione,
968 4038 1226 4095 scandala
1247 4047 1474 4108 ponunt,
1500 4035 1742 4090 volentes
1764 4034 1907 4100 ipsos
1930 4047 2084 4086 aver-

511 4148 656 4190 tere:
691 4143 978 4203 propterea
1021 4130 1171 4186 siluit
1199 4130 1328 4199 ipsis
1375 4129 1538 4181 Deus.
1577 4124 1873 4196 Oportebat
1902 4132 2081 4178 autem

513 4228 633 4281 illos
668 4226 720 4280 iu
746 4222 923 4280 oculis
952 4236 1097 4287 esse,
1128 4236 1316 4275 rerum
1349 4219 1565 4291 projicit
1595 4233 1688 4273 eos
1725 4226 2043 4272 retrorsum.

588 4409 863 4478 Ejusdem.
897 4407 1046 4475 Quia,
1074 4421 1178 4461 tton
1219 4412 1432 4473 oportet
1469 4410 1813 4472 peccatorem
1839 4399 2083 4455 doctoris

510 4515 737 4557 munere
769 4498 941 4569 fungi.

584 4593 747 4646 Vens.
795 4590 879 4643 l7.
912 4587 991 4642 Tu
1019 4603 1136 4641 vero
1175 4587 1333 4640 odisti
1367 4583 1725 4651 distiplinam,
1764 4589 1869 4635 etc.
1904 4578 2078 4635 Disci-

511 4686 655 4754 plina
682 4692 763 4755 est
786 4681 1071 4734 affectuum
1102 4679 1311 4731 modica
1338 4672 1692 4745 perturbatio.

588 4774 746 4829 Vsus.
782 4773 865 4827 t8.
900 4771 1117 4826 Etcum
1148 4770 1409 4823 adulteris
1434 4766 1730 4834 portionem
1754 4773 1896 4815 tuam
1926 4776 2085 4830 pone-

514 4869 627 4929 bas,
650 4876 755 4918 etc.
790 4862 971 4918 Portio
1000 4871 1186 4917 nostra
1209 4870 1291 4916 est
1321 4858 1558 4929 cognitio
1582 4855 1698 4909 Dei.
1728 4852 1880 4907 Hane
1905 4863 2083 4907 autem

512 4974 634 5015 cum
659 4957 919 5011 adulteris
947 4954 1220 5026 ponimus,
1244 4968 1366 5007 cum
1400 4950 1615 5004 illorum
1655 4946 1959 5017 portionem
1994 4960 2085 4998 as-

512 5053 797 5108 sumimus.
826 5052 1143 5104 Adulterum
1185 5048 1291 5101 hoc
1325 5046 1444 5099 loco
1488 5041 1870 5095 fornicatorem
1908 5047 2082 5099 vocat,

506 5159 561 5199 et
598 5144 935 5214 quibuslibet
966 5140 1286 5196 libidinibus
1316 5136 1577 5191 deditum.

2185 574 2388 644 Κυρίου
2412 573 2564 644 παρὰ
2598 590 2653 625 τε
2693 573 2976 643 δυνάμεων
3004 574 3237 641 λογικῶν
3270 574 3363 627 καὶ
3406 574 3513 626 τῶν
3554 576 3767 649 ἱερουρ-

2182 666 2420 733 γούντων
2446 666 2505 718 τὸ
2537 666 2800 736 σωτήριον
2853 666 3135 737 κήρυγμα,
3166 666 3214 718 οἳ
3251 666 3344 721 καὶ
3383 666 3768 739 συναγείρουσι

2183 755 2405 827 Χριστῷ
2432 758 2557 818 τοὺς
2580 757 2760 819 ὁσίους
2792 756 2977 810 αὐτοῦ’
3019 776 3037 808 ι
3069 757 3163 821 οὓς
3193 758 3461 831 προέγνω,
3496 760 3648 829 φησὶ,
3674 763 3770 814 καὶ⁵

2185 847 2475 918 προώρισε·
2509 848 2602 900 καὶ
2628 846 2721 910 οὓς
2748 847 2995 911 ἐκάλεσε,
3019 849 3111 902 καὶ
3140 848 3474 902 ἐδικαίωσεψ
3505 868 3523 900 ι
3549 849 3599 901 οἳ
3630 848 3771 921 πλη-

2186 938 2339 1011 ροῦσι
2366 940 2464 1009 τὴν
2493 938 2788 1009 Διαθήκην,
2812 940 2870 991 ού
2901 940 2967 992 δι’
2988 939 3255 1010 αἱμάτων,
3286 940 3419 994 ἀλλὰ
3448 942 3567 1003 ταῖς
3601 956 3766 993 πνευ-

2187 1031 2444 1098 ματικαῖς
2480 1028 2713 1091 θυσίαις.

2261 1119 2370 1173 Τοῦ
2410 1119 2613 1174 αὐτοῦ.
2657 1118 2923 1174 Ἐνταῦθα
2969 1120 3251 1191 προδήλως
3289 1119 3364 1191 (l)
3403 1122 3496 1174 τὸν
3532 1121 3767 1192 Χριστὸν

2183 1209 2330 1278 λέγει
2355 1210 2504 1262 Θεόν.
2539 1227 2557 1259 ι
2593 1211 2780 1263 Πᾶσαν
2809 1231 2826 1264 ι
2856 1212 2965 1282 γὰρ
2998 1228 3016 1260 ι
3048 1210 3145 1282 τὴν
3169 1210 3347 1281 κρίσιν
3372 1210 3567 1264 ἔδωκεν
3595 1194 3765 1266 ὁΠα-

2183 1301 2287 1373 τὴρ
2318 1302 2394 1373 τῷ
2423 1301 2552 1372 Υἱῴ.
2589 1321 2607 1353 ι

2256 1396 2378 1447 Οὐκ
2406 1394 2507 1448 ἐπὶ
2543 1394 2671 1460 ταῖς
2700 1396 2939 1461 θυσίαις
2976 1410 3093 1449 σου
3142 1394 3369 1464 ἐλέγξω
3399 1410 3494 1458 σε,
3536 1414 3591 1449 κ.
3626 1416 3677 1451 τ.
3712 1399 3758 1450 ἑ.

2182 1486 2319 1555 Περὶ
2350 1485 2457 1539 τῶν
2498 1486 2574 1555 (2)
2610 1486 2747 1557 μετὰ
2786 1486 2883 1557 τὴν
2926 1488 3224 1557 παρουσίαν
3267 1486 3504 1558 Χριστοῦ
3550 1489 3767 1541 ἀθετου-

2186 1575 2360 1646 μένων
2390 1575 2541 1646 παρὰ
2592 1576 2866 1639 Ἰουδαίοις
2909 1576 3108 1629 θυσιῶν
3154 1575 3327 1628 ταῦτα
3363 1578 3597 1647 ἁρμόσει
3636 1596 3767 1650 προ-

2182 1668 2532 1738 φητεύεσθαι.
2561 1669 2633 1722 “Η
2662 1668 2781 1722 οὐδὲ
2811 1670 3041 1739 πονηρᾷ,
3082 1668 3233 1737 φησὶ,
3264 1668 3497 1722 διαθέσει
3522 1669 3765 1740 πρόσαγε

2180 1760 2266 1827 ἐφ’
2291 1750 2335 1825 ᾧ
2359 1759 2449 1811 τὸν
2471 1758 2609 1811 Κάῖν
2637 1758 2907 1829 διήλεγξα.

2257 1851 2379 1903 ’Ὁτι
2403 1850 2515 1919 ἐμά
2535 1851 2665 1904 ἐστι
2687 1851 2882 1904 πάντα
2900 1850 2972 1904 τὰ
2993 1852 3167 1918 θηρία
3195 1852 3300 1905 τοῦ
3323 1853 3530 1921 ἀγροῦ,
3564 1871 3620 1907 κ.
3644 1871 3693 1905 τ.
3714 1855 3760 1906 ἐ.

2184 1941 2369 1995 Πάντα
2400 1941 2547 2011 λέγει
2588 1942 2663 2012 ('5)
2708 1937 2847 1995 εἶναι
2889 1942 2994 1995 ὑπὸ
3030 1942 3129 2012 τὴν
3172 1944 3426 2015 πρόνοιαν
3467 1944 3562 1996 τοῦ
3600 1943 3760 1999 Θεοῦ.

2190 2049 2209 2083 ι
2246 2032 2379 2103 Οὐχὶ
2408 2032 2516 2103 γὰρ
2560 2033 2653 2086 δύο
2704 2033 2962 2105 στρουθία
3003 2032 3099 2086 τοῦ
3157 2034 3422 2106 ἀσσαρίου
3479 2034 3763 2096 πωλεῖται,

2185 2124 2277 2177 καὶ
2314 2124 2370 2177 ἓν
2413 2124 2472 2188 ἐξ
2506 2124 2682 2177 αὐτῶν
2722 2126 2781 2177 οὐ
2827 2126 3073 2177 πεσεῖται
3108 2124 3235 2178 ἄνευ
3268 2124 3361 2177 τοῦ
3408 2125 3619 2196 Πατρός
3665 2142 3766 2195 μου

2184 2212 2277 2266 τοῦ
2302 2214 2359 2267 ἐν
2389 2216 2501 2276 τοῖς
2529 2213 2811 2284 ούρανοῖςς
2865 2232 2883 2264 ι

2253 2303 2350 2372 Μὴ
2378 2305 2633 2373 φάγομαι
2659 2304 2804 2371 κρέα
2836 2304 3088 2371 ταύρων,
3120 2303 3156 2371 ἣ
3192 2298 3335 2373 αἷμα
3360 2305 3589 2374 τράγων
3635 2306 3765 2358 πίο-

2177 2410 2316 2466 μαι;
2349 2412 2402 2447 κ.
2430 2412 2482 2450 τ.
2510 2396 2556 2447 ἐ.
2595 2395 2833 2465 Ἀναιρεῖ
2863 2395 3054 2459 θυσίας
3084 2396 3159 2467 (4)
3190 2396 3472 2466 αἰσθητάς·
3507 2417 3525 2450 ι
3559 2397 3715 2451 θυσία
3743 2415 3760 2449 ι

2184 2488 2291 2560 γὰρ
2337 2505 2354 2537 ι
2391 2486 2468 2557 τῷ
2494 2486 2611 2557 Θεῷ
2638 2486 2853 2556 πνεῦμα
2882 2489 3359 2559 συντετριμμένον.
3398 2508 3418 2542 ›

2260 2664 2344 2731 Τῷ
2369 2665 2437 2718 δὲ
2458 2664 2782 2734 ἁμαρτωλῷ
2802 2665 2974 2719 εἶπεν
2996 2667 3028 2719 ό
3054 2666 3219 2732 Θεόςο
3255 2667 3379 2719 Ἵνα
3406 2666 3462 2719 τί
3486 2666 3568 2719 σὺ
3589 2666 3769 2737 διηγῇ

2185 2756 2256 2811 τὰ
2274 2754 2632 2824 δικαιώματά
2655 2770 2877 2824 μου;κ.
2911 2771 2963 2806 τ.
2994 2756 3040 2807 ὲ.
3078 2755 3152 2806 Οὐ
3188 2755 3346 2824 μόνον
3370 2754 3465 2825 (5),
3487 2753 3661 2825 οἶμαι,
3689 2756 3769 2826 τῷ

2188 2847 2553 2921 ἁπλούστερον
2568 2847 2843 2917 νοουμένῳ
2871 2845 3177 2916 ἁμαρτωλῷ
3198 2846 3368 2899 ταῦτα
3395 2840 3547 2900 εἶπεν
3571 2850 3600 2900 6
3614 2848 3768 2914 Θεὸς,

2187 2938 2322 2994 ἀλλὰ
2342 2940 2437 2993 καὶ
2470 2938 2548 3009 τῷ
2581 2936 2696 3007 λαῷ
2724 2938 2823 3008 τῆς
2845 2936 3185 3007 κατατομῆς.
3239 2937 3298 2989 'O
3343 2936 3401 2990 δὲ
3440 2938 3767 3009 ἁμαρτωλὸς

2186 3031 2273 3086 διὰ
2298 3032 2459 3102 μόνου
2498 3031 2764 3100 στόματος
2798 3028 3171 3099 ἀναλαμϐάνει
3212 3030 3311 3101 τὴν
3354 3031 3627 3102 Διαθήκην
3674 3032 3769 3085 τοῦ

2188 3123 2322 3176 Θεοῦ
2338 3140 2353 3154 ο
2388 3125 2538 3195 μισεῖ
2564 3122 2691 3191 γοῦν
2714 3123 2961 3177 παιδείαν
2990 3125 3084 3177 καὶ
3111 3123 3179 3177 τὰ
3202 3124 3573 3195 ἐπιφερόμενα
3594 3125 3772 3196 ἁμαρ-

2189 3215 2382 3269 τάνων.
2413 3216 2484 3267 ’Ἡ
2517 3215 2639 3267 ἐπεὶ
2672 3233 2691 3265 ι
2728 3217 2756 3269 ό
2798 3214 2927 3279 λαὸς
2964 3208 3138 3281 οὗτος,
3198 3216 3351 3287 φησὶ,
3398 3219 3510 3280 τοῖς
3565 3216 3773 3286 χείλεσί

2193 3324 2259 3377 με
2310 3307 2461 3377 τιμᾷ.
2523 3308 2555 3375 ὴ
2601 3306 2658 3358 δὲ
2701 3306 2899 3377 καρδία
2939 3306 3117 3360 αὐτῶν
3170 3308 3362 3379 πόρρω
3422 3307 3616 3377 ἀπέχει
3675 3308 3773 3360 ἀπ’

2189 3398 2344 3469 ἐμοῦ.
2403 3417 2421 3448 ι
2462 3399 2523 3451 Οἱ
2561 3398 2625 3449 ἐκ
2666 3397 2968 3467 περιτομῆς
3005 3397 3276 3469 ἐμίσησαν
3314 3398 3561 3451 παιδείαν
3606 3400 3664 3451 ἐν
3707 3401 3772 3468 τῇ

2191 3486 2454 3557 ἐπιδημίᾳ
2474 3484 2730 3557 Χριστοῦ,
2751 3485 2843 3539 καὶ
2861 3486 3257 3557 ἐκϐεϐλήκασιν
3279 3489 3357 3551 είς
3374 3486 3441 3540 τὰ
3460 3487 3635 3540 ὀπίσω
3650 3490 3776 3550 τοὺς

2190 3578 2276 3632 διὰ
2306 3577 2477 3649 Ἰησοῦ
2510 3576 2748 3649 Χριστοῦ
2766 3576 2956 3646 λόγους
2973 3578 3065 3631 τοῦ
3084 3576 3239 3631 Θεοῦ·
3264 3578 3592 3650 συνέδραμον
3623 3578 3680 3630 δὲ
3696 3578 3776 3648 τῷ

2192 3669 2399 3741 κλέπτῃ
2421 3669 2514 3721 καὶ
2547 3668 2785 3741 προδότῃ
2818 3666 3009 3732 Ἰούδα,
3028 3668 3123 3720 καὶ
3139 3667 3275 3737 μετὰ
3289 3668 3395 3720 τῶν
3417 3668 3775 3738 μοιχευόντων

2192 3759 2324 3826 ξύλα
2355 3761 2447 3813 καὶ
2470 3760 2651 3823 λίθους
2679 3758 2879 3830 ἔθηκαν
2914 3759 3119 3813 ἑαυτῶν
3146 3759 3243 3831 τὴν
3270 3760 3483 3832 μερίδα·
3517 3760 3611 3814 καὶ
3638 3760 3777 3830 πρὸς

2192 3852 2384 3916 ἄλλους
2406 3851 2708 3905 καταλαλοῦ
2717 3870 2766 3905 σι
2786 3850 2880 3905 τοῦ
2898 3850 2955 3917 ἐξ
2984 3852 3152 3905 ἐθνῶν
3168 3852 3399 3921 ἀδελφοῦ
3424 3852 3602 3905 αὐτῶν
3618 3851 3773 3905 λαοῦ·

2189 3944 2324 3997 ἀλλὰ
2337 3945 2429 3997 καὶ
2451 3944 2569 3997 κατ’
2584 3943 2761 3997 αὐτῶν
2776 3943 2880 3997 τῶν
2896 3945 2997 4015 ὁμο
3005 3942 3268 4015 μητρίων,
3285 3946 3376 3998 καὶ
3392 3947 3455 3998 ἐκ
3468 3943 3778 4016 περιτομῆς

2190 4036 2553 4089 πιστευόντων
2584 4034 2855 4089 σκάνδαλα
2896 4035 3130 4101 τιθέασι,
3163 4035 3484 4106 βουλόμενοι
3524 4036 3780 4107 διαστρέ-

2190 4146 2309 4197 φειν
2343 4127 2559 4190 αὐτούς·
2596 4126 2688 4180 διὰ
2714 4126 2886 4179 ταῦτα
2913 4127 3170 4196 ἐσίγησεν
3198 4128 3381 4190 αὐτοῖς
3411 4129 3439 4180 ὁ
3472 4128 3621 4191 Θεός.
3645 4127 3777 4181 Δέον

2188 4218 2245 4271 δὲ
2279 4219 2475 4280 αὐτοὺς
2510 4216 2647 4270 εἶναι
2678 4218 2785 4287 πρὸ
2804 4216 3119 4286 ὀφθαλμῶν,
3151 4220 3179 4271 ὁ
3201 4218 3258 4271 δὲ
3284 4218 3536 4271 ἐκϐάλλει
3570 4218 3772 4281 αὐτοὺς

2186 4312 2267 4376 είς
2298 4309 2367 4364 τὰ
2398 4311 2591 4363 ὀπίσω.

2268 4402 2377 4455 Τοῦ
2406 4402 2611 4456 αὐτοῦ.
2643 4404 2762 4455 ’Ότι
2804 4404 2865 4455 οὐ
2908 4402 2985 4454 δεῖ
3016 4401 3087 4471 (6)
3117 4403 3503 4473 ἁμαρτάνοντά
3543 4421 3663 4456 τινα
3718 4405 3780 4456 ἐν

2114 4502 2160 4561 D
2189 4491 2508 4545 διδασκάλου
2544 4492 2979 4561 προκαθέζεσθαι
3002 4492 3173 4557 τάξει.

2257 4585 2339 4638 Σὺ
2386 4585 2454 4638 δὲ
2490 4585 2787 4653 ἐμίσησας
2823 4584 3121 4647 παιδείαν,
3163 4603 3215 4638 κ.
3244 4602 3293 4638 τ.
3326 4587 3373 4641 ἐ.
3406 4585 3627 4640 Παιδεία
3657 4585 3779 4637 ἐστὶ

2187 4676 2267 4753 (7)
2300 4678 2688 4749 μετριοπάθεια
2721 4676 2929 4730 παθῶν.

2262 4770 2369 4823 Καὶ
2412 4769 2563 4839 μετὰ
2600 4767 2821 4837 μοιχῶν
2870 4768 2983 4835 τὴν
3017 4768 3229 4837 μερίδα
3269 4782 3387 4822 σου
3424 4766 3672 4832 ἐτίθεις,
3718 4785 3777 4821 κ.

2191 4881 2240 4915 τ.
2278 4863 2323 4914 ἐ.
2373 4862 2435 4913 Ἡ
2485 4863 2642 4931 μερὶς
2674 4860 2830 4930 ἡμῶν
2862 4859 2935 4929 (8)
2976 4861 3121 4912 ἐστιν
3163 4860 3195 4930 ἡ
3242 4859 3440 4927 γνῶσις
3473 4859 3567 4911 τοῦ
3616 4855 3776 4913 Θεοῦ.

2194 4954 2408 5025 Ταύτην
2451 4954 2507 5006 δέ
2548 4952 2766 5023 τίθεμεν
2805 4952 2941 5022 μετὰ
2978 4952 3202 5022 μοιχῶν,
3248 4951 3343 5021 τὴν
3381 4951 3604 5003 ἐκείνων
3642 4952 3779 5005 ἁνα-

2190 5045 2575 5114 λαμόόινοντες.
2609 5043 2811 5113 Μοιχὺν
2857 5042 3091 5098 ἐνταῦθα
3126 5044 3215 5096 τὸν
3245 5042 3441 5113 πόρνον
3481 5041 3653 5109 καλεῖ,
3683 5050 3782 5096 καὶ

2193 5140 2440 5189 παντοῖον
2466 5136 2633 5190 ἁκόλα
2641 5154 2782 5189 στον.

584 5291 630 5321 ’⁸
659 5289 817 5345 Rom.
862 5304 973 5350 \ttt,
1003 5286 1092 5349 29,
1124 5286 1213 5341 50.
1286 5286 1327 5316 ’⁷
1355 5283 1508 5337 Joan.
1545 5298 1593 5347 γ,
1631 5281 1721 5336 ‘29-.
1803 5283 1845 5311 ³⁸
1884 5282 2072 5336 Matth.

2187 5284 2274 5349 29,
2355 5287 2399 5317 ³⁸
2431 5284 2576 5338 [’sal.
2604 5300 2656 5349 L,
2696 5284 2778 5337 19.
2858 5283 2901 5314 ³⁰
2928 5281 3117 5336 Matth.
3150 5297 3240 5347 xv,
3266 5282 3317 5333 8.

586 5432 663 5501 (ι)
711 5429 995 5484 Ἐνταῦθα
1027 5425 1363 5495 προδήλως,
1404 5436 1508 5480 etc.
1567 5426 1746 5481 Codex
1806 5424 2091 5479 Coislinia-

514 5519 667 5657 nui?)
697 5572 835 5657 ζζερὶ
860 5569 1129 5657 abacto.
1156 5566 1656 5657 GatenanCorder-ii.

587 5573 667 5712 ἒξ)
697 5573 835 5657 Περὶ
860 5573 999 5634 τῶν,
1024 5577 1129 5622 etc.
1156 5573 1360 5623 Catena
1392 5573 1666 5651 Corderii..
1727 5638 1735 5646 _
1784 5636 1795 5647 ο

612 5642 665 5709 ο)
700 5642 1122 5712 Πανταίλέγει,
1171 5649 1279 5693 etc.
1348 5637 1528 5691 Codex
1577 5636 1970 5700 (.otsltmanus,
2036 5646 2088 5690 et

521 5709 729 5765 scneda'
751 5709 959 5763 Graltii.

576 5780 657 5844 tt)
708 5778 953 5843 Ἀναιρεῖ
986 5780 1220 5848 θυσίας,
1258 5777 1549 5833 etc..lidcm
1593 5794 1721 5833 mss.

2264 5429 2342 5499 (Ei)
2375 5429 2456 5482 Οὐ
2484 5428 2699 5497 μόνον,
2735 5434 2845 5478 etc.
2878 5422 3083 5479 Catena
3113 5420 3378 5476 Corderii.

2262 5520 2338 5589 (6)
2376 5520 2503 5573 Ὅτι
2532 5520 2604 5572 οὺ
2636 5516 2745 5579 δεῖ,
2777 5527 2880 5572 etc.
2911 5515 3088 5569 Codex
3116 5512 3491 5568 Coisliuiauus
3531 5516 3587 5563 et
3616 5505 3779 5562 sche-

2190 5592 2269 5645 tlzn
2300 5590 2505 5645 Grabii.

2259 5682 2334 5751 ('7)
2365 5680 2607 5734 Παιδειά
2644 5679 2799 5740 ἐστί,
2838 5687 2942 5731 etc.
2974 5676 3139 5731 tidem
3179 5688 3313 5727 mss.

2261 5775 2338 5837 (8)
2392 5773 2462 5825 ’11
2486 5770 2648 5837 (rem:
2678 5767 2869 5834 ἡμῶν,
2904 5777 3011 5821 etc.
3046 5764 3207 5819 Iidem
3256 5777 3385 5817 mss.
