4110 6390
451 370 589 422 HIS?)

1832 373 1923 427 EX
1964 371 2263 429 ORIGENE

3593 371 3723 428 Ιίΐὶὗ

457 506 546 574 qui
594 513 839 556 naturam
892 496 1144 551 formavit
1190 496 1370 550 multis
1420 497 1624 549 morbis
1665 498 2033 550 ubnuxiamet

2148 513 2221 546 σιν
2254 493 2360 564 (15)
2411 494 2437 545 6
2476 492 2683 555 πλάσας
2730 492 2898 562 αὐτὴν
2939 492 3332 547 πολυνοσοῦσαν
3365 493 3422 545 τὸ
3467 492 3719 565 άδρανές·

460 596 807 654 imbecillem:
825 594 1025 661 peccati
1047 590 1187 643 enim
1210 591 1459 643 inventor
1479 600 1713 644 mentem
1734 592 2033 658 perturbat,

460 690 779 758 adiutricem
812 686 1019 740 habens
1064 683 1231 753 legem
1271 684 1321 736 in
1364 682 1622 736 membris
1664 682 1847 736 carnis
1894 680 2039 735 fero-

458 784 692 837 cientem
727 800 738 833 :
781 778 846 831 ad
883 778 1049 831 Deum
1091 788 1223 843 ergo
1253 773 1619 827 accedendum
1659 782 1779 836 est;
1820 772 1887 825 ab
1923 773 2037 839 ipso

459 876 602 927 enim
631 872 808 926 omnis
846 868 1128 922 fortitudo.
1166 865 1415 919 Forsitan
1456 878 1584 917 vero
1617 878 1737 916 eum
1780 863 2041 931 praevide-

467 975 575 1029 ret,
605 964 720 1019 fore
747 972 803 1015 ut
825 962 1075 1016 Christus
1096 958 1386 1031 aliquando
1408 956 1459 1010 in
1482 955 1641 1009 terris
1673 954 2035 1017 illucesceret,

457 1067 511 1111 et
541 1068 702 1111 omne
744 1054 928 1108 mundi
984 1060 1265 1121 peccatum
1306 1048 1568 1110 auferret,
1604 1047 2037 1100 misericordiam

459 1164 711 1221 magnam
759 1148 955 1202 merito
996 1147 1136 1198 hanc
1188 1142 1324 1195 adeo
1370 1139 1636 1206 insignem
1679 1147 1732 1191 et
1773 1137 2037 1189 illustrem

458 1248 691 1316 gratiam
721 1241 976 1311 appellat.
1008 1238 1287 1308 Siquidem
1307 1235 1565 1302 scriptum
1592 1239 1693 1293 est,
1719 1228 1860 1297 quod
1881 1247 1897 1279 ι
1920 1243 2037 1281 om-

458 1342 545 1393 nis
595 1336 854 1405 iniquitas
904 1331 1169 1402 oppilabit
1217 1344 1277 1381 os
1327 1341 1483 1380 suum
1510 1323 1575 1377 ³⁵.
1633 1342 1649 1372 ι
1706 1320 1837 1374 Nam
1884 1320 2038 1388 juxta

460 1431 778 1501 Apostolum
807 1426 875 1492 ³⁸,
913 1445 927 1474 ι
957 1427 1095 1479 Deus
1126 1418 1518 1489 quijustiiieat,
1545 1414 1664 1482 quis
1695 1423 1777 1467 est
1798 1412 1885 1481 qui
1912 1427 2041 1465 con-

462 1523 718 1577 (lt-umet?
756 1540 772 1570 ι

533 1617 697 1668 Vens.
715 1614 765 1666 4.
791 1611 1025 1672 Amplius
1045 1609 1158 1659 lava
1182 1612 1396 1667 me,etc.
1414 1597 1907 1665 Deleturiniquitas
1923 1596 2039 1664 ejus

462 1708 554 1775 qui
580 1721 681 1757 non
705 1702 937 1771 amplius
961 1700 1143 1766 inique
1167 1695 1296 1762 agit;
1316 1693 1404 1760 qui
1425 1706 1551 1745 vero
1568 1688 2038 1759 mnpliuslavatur,

460 1800 505 1853 is
535 1814 563 1851 a
617 1804 840 1864 peccato
872 1806 968 1845 suo
1007 1787 1315 1843 mandatur.
1352 1782 1523 1837 Unius
1554 1782 1722 1850 igitur
1766 1780 2038 1849 operatio-

2141 586 2416 639 κατασείει
2442 584 2551 655 γὰρ
2573 585 2662 636 τὸν
2691 584 2815 637 νοῦν
2842 588 2869 636 6
2896 586 2995 655 τῆς
3029 586 3300 654 ἁμαρτίας
3332 586 3578 656 εὑρετὴς,
3609 604 3727 639 συν-

2140 694 2163 729 ε
2173 678 2297 746 ργὺν
2320 676 2457 745 ἔχων
2477 675 2565 727 τὸν
2589 676 2644 725 ἐν
2667 676 2780 737 τοῖς
2815 674 3000 744 μέλεσι
3029 676 3126 745 τῆς
3150 676 3349 745 σαρκὸς
3374 676 3726 747 ἀγριαίνοντα

2140 768 2300 836 νόμον
2321 783 2332 795 ·
2365 765 2647 838 προσιτέον
2674 759 2767 817 οὖν
2799 763 2945 833 Θεῷ·
2975 766 3121 820 πᾶσα
3150 764 3257 836 γὰρ
3288 766 3439 834 ἰσχὺς
3470 766 3599 837 παρ’
3631 769 3725 820 αὐ-

2139 858 2253 911 τοῦ.
2286 858 2438 927 Τάχα
2466 858 2522 910 δὲ
2549 858 2642 910 καὶ
2670 858 2955 927 προγνοὺς,
2982 858 3062 910 ὅτι
3086 857 3225 911 κατὰ
3254 860 3475 929 καιροὺς
3496 859 3727 930 ἐπιλάμ-

2138 950 2228 1019 ψει
2256 954 2367 1013 τοῖς
2399 952 2490 1003 ἐπὶ
2528 949 2629 1020 γῆς
2662 952 2690 1001 6
2732 949 2967 1020 Χριστὸς
3013 949 3308 1019 ὲξαλείιίων
3340 952 3518 1003 πᾶσαν
3550 951 3727 1022 ἁμαρ-

2138 1044 2258 1096 τίαν
2287 1042 2380 1095 τοῦ
2422 1043 2647 1113 κόσμου,
2674 1042 2819 1104 ἕλεος
2852 1041 2991 1112 μέγα
3040 1042 3140 1111 τὴν
3184 1041 3325 1095 οὕτω
3364 1042 3622 1115 λαμπρὰν
3652 1047 3727 1097 εί-

2141 1138 2312 1201 κότως
2340 1138 2497 1209 χάριν
2528 1138 2710 1190 καλεῖ·
2739 1137 3047 1207 γέγραπται
3072 1138 3181 1208 γάρ
3205 1138 3284 1191 ὅτι
3319 1157 3337 1189 ι
3370 1140 3517 1192 πᾶσα
3549 1140 3727 1211 ἁμαρ-

2140 1228 2229 1279 τία
2258 1227 2525 1297 ὲμφράξει
2553 1227 2614 1279 τὸ
2638 1228 2811 1297 στόμα
2842 1226 3031 1296 αὐτῆς.
3074 1247 3091 1278 ›
3120 1227 3278 1281 Κατὰ
3314 1228 3422 1299 γὰρ
3443 1231 3533 1283 τὸν
3567 1233 3726 1284 Ἀπό-

2144 1317 2345 1379 στολον,
2380 1337 2397 1370 ι
2429 1317 2560 1380 Θεδς
2589 1319 2616 1370 6
2645 1316 2886 1382 δικαιῶν,
2923 1318 3004 1381 τίς
3032 1318 3059 1370 ὁ
3086 1320 3455 1391 κατακρίνων;
3490 1342 3506 1372 ι

2227 1590 2351 1643 Ἐπὶ
2382 1590 2592 1643 πλεῖον
2620 1589 2857 1643 πλῦνάν
2881 1608 2976 1657 με,
3003 1608 3054 1643 κ.
3087 1609 3137 1644 τ.
3171 1594 3218 1646 ἐ.
3249 1593 3354 1645 Τοῦ
3396 1592 3590 1664 μηκέτι
3613 1593 3723 1663 (14)

2142 1682 2470 1750 άνομοῦντος
2496 1681 2835 1748 ἐξαλείφεται
2858 1681 2919 1732 τὸ
2957 1682 3243 1752 ἁνόμημα·
3274 1686 3301 1736 ὀ
3335 1684 3391 1736 δὲ
3416 1686 3505 1737 ἐπὶ
3544 1684 3726 1738 πλεῖον

2143 1775 2364 1836 πλυθεὶς
2395 1774 2747 1844 καθαρίζεται
2780 1774 2886 1827 ἀπὸ
2911 1775 3011 1844 τῆς
3048 1777 3319 1848 ἁμαρτίας
3358 1779 3543 1831 αὑτοῦ.
3568 1781 3726 1835 Κατὰ

462 1844 563 1853 ,νε
617 1844 759 1864 νην
822 1844 827 1845 ,
912 1844 915 1845 ν
1578 1844 1604 1850 Ἴ
1804 1844 1816 1849 _

462 1890 543 1943 nis
572 1898 655 1941 est
681 1882 1030 1953 intelligentia
1060 1880 1272 1932 diversa
1302 1894 1313 1928 :
1341 1873 1610 1943 siquidem
1642 1872 1730 1925 illa
1759 1872 1876 1926 sine
1902 1871 2035 1939 lege,

2148 1867 2272 1937 μιᾶς
2301 1865 2481 1917 τοίνυν
2516 1865 2792 1935 ἐνεργείας
2840 1865 3051 1919 ἐπίνοια
3082 1844 3352 1941 διάφορος.
3392 1870 3453 1921 Ἡ
3493 1870 3591 1940 μὲν
3618 1872 3727 1942 γὰρ

465 1984 579 2036 hmc
611 1994 739 2033 vero
776 1977 907 2046 legis
931 1973 1281 2028 violationem
1318 1968 1628 2038 signiﬁcat;
1674 1974 1827 2033 rogat
1859 1973 2038 2017 autem

462 2086 517 2129 ut
547 2076 685 2127 hanc
721 2070 894 2133 cluat,
943 2069 987 2121 is
1024 2066 1115 2134 qui
1160 2079 1187 2116 a
1240 2077 1403 2131 prava
1446 2058 1734 2113 affectione
1773 2056 2040 2108 mundare

461 2176 657 2237 potest.
689 2164 895 2217 Rursus
937 2168 1118 2212 autem
1151 2158 1378 2210 observa
1410 2152 1611 2207 Christi
1665 2150 1981 2220 mysterium
2023 2164 2036 2200 :

460 2259 635 2312 virtus
669 2254 814 2308 enim
862 2248 1225 2319 baptismatis,
1267 2263 1387 2316 qua:
1437 2244 1661 2314 legalem
1693 2250 1915 2311 superat
1943 2255 2038 2294 ex-

461 2348 796 2419 piationem,
882 2340 1039 2410 hujus
1088 2355 1302 2408 quoque
1359 2339 1557 2392 anima:
1631 2334 2037 2389 mundationem

461 2440 641 2496 ciiicit.

534 2529 864 2602 725VEns.
881 2527 933 2581 6.
953 2523 1067 2577 Tibi
1085 2522 1184 2577 soli
1205 2524 1428 2590 peccavi,
1450 2530 1557 2573 etc.
1574 2518 1738 2581 istud,
1758 2534 1776 2568 ι
1800 2526 1877 2577 ιιι,
1903 2534 1920 2565 ›
1940 2515 2043 2567 hoc

464 2630 582 2683 loco
618 2642 722 2680 non
744 2634 825 2679 est
845 2620 1070 2676 redditio
1088 2630 1265 2672 causae
1286 2632 1297 2668 :
1322 2631 1427 2669 non
1453 2610 1598 2667 enim
1619 2611 1740 2665 ideo
1771 2623 2039 2677 peccave-

465 2729 615 2782 runt,
633 2726 686 2769 ut
704 2714 1091 2783 jttstiﬁcaretur
1109 2708 1249 2762 Deus
1269 2706 1320 2760 in
1338 2700 1681 2759 sermonibus
1697 2700 1830 2753 suis.
1850 2696 2042 2750 Merito

465 2824 647 2865 autem
673 2810 810 2863 Deus
826 2800 1249 2875 justiﬁcabatur,
1271 2797 1414 2865 quod
1438 2791 1540 2863 ipsi
1561 2789 1840 2843 beneﬁciis
1861 2785 2039 2839 alfecti

465 2904 793 2958 exsisterent
817 2895 1039 2965 ingrati.
1062 2892 1327 2959 Quoniam
1343 2902 1467 2942 cum
1487 2885 1624 2939 Deus
1640 2883 1704 2937 de
1721 2880 2041 2952 paenitentia

464 2995 827 3056 disseruisset,
864 2990 1094 3043 dicendo
1123 2998 1182 3038 se
1210 2997 1315 3035 non
1343 2979 1478 3034 velle
1509 2986 1738 3032 mortem
1788 2983 2041 3043 peccato-

466 3091 559 3151 ris,
597 3088 690 3142 sed
731 3095 787 3138 ut
830 3082 1001 3151 magis
1042 3084 1390 3134 convertatur
1432 3082 1485 3127 et
1537 3071 1717 3134 vivat,
1748 3067 2041 3137 prudenter

462 3181 842 3252 praedictorum
887 3175 1171 3228 verborum
1208 3165 1536 3222 mentionem
1577 3162 1723 3225 fecit,
1757 3160 1897 3215 idem
1928 3156 2040 3212 eili-
2067 3203 2109 3260 Ο

461 3276 613 3330 ciens
645 3288 705 3326 ac
739 3272 780 3325 si
817 3269 961 3323 dicat
998 3262 1303 3331 :Quoniam
1336 3257 1381 3312 si
1420 3256 1552 3309 mihi
1584 3254 1870 3324 poenitenti
1916 3267 2042 3305 con-

464 3363 773 3425 donaveris,
804 3369 858 3413 et
887 3354 1258 3410 eonvertentis
1278 3350 1529 3403 misertus
1558 3346 1744 3408 lueris,
1775 3342 2043 3412 jnstiﬁca-

466 3460 611 3512 beris
640 3457 693 3508 in
725 3450 1069 3508 sermonibus
1102 3446 1305 3509 tuis,ut
1328 3439 1419 3511 qui
1460 3454 1623 3493 verax
1656 3437 2045 3492 demonstreris

465 3552 517 3604 in
558 3546 841 3619 promissis
875 3543 1023 3604 tuis;
1058 3548 1114 3591 et
1157 3539 1209 3591 in
1261 3545 1503 3602 tempore
1556 3530 1930 3584 retributionis
1961 3542 2045 3581 me

464 3662 530 3698 ex
575 3639 891 3712 paenitentia
949 3630 1385 3687 misericordiam
1438 3634 1793 3680 consecutum
1828 3623 1880 3676 in
1938 3636 2045 3675 me-

465 3738 613 3790 dium
646 3726 1111 3795 adducens,jusle
1140 3720 1413 3790 judieabis
1442 3732 1535 3773 eos
1564 3717 1653 3786 qui
1689 3731 1794 3769 non
1835 3714 2047 3783 egerint

466 3824 864 3895 paenitentiam.

539 3921 812 3990 Ejusdem.
848 3915 978 3970 Cum
1006 3912 1214 3983 agendo
1240 3920 1547 3978 peccamus,
1579 3914 1690 3958 tum
1716 3900 2043 3964 hominibus,

469 4028 580 4067 tum
616 4014 723 4066 Deo
752 4022 1075 4079 peccamus;
1106 4018 1226 4057 cum
1258 4016 1387 4053 vero
1419 4006 1598 4051 metite
1640 3992 2004 4062 delinquimus
2032 4032 2043 4053 ,

470 4111 579 4163 Deo
610 4105 711 4159 soli
744 4114 1055 4173 peccamus.
1090 4096 1180 4151 Vel
1209 4110 1306 4165 pro
1331 4107 1396 4146 eo
1431 4092 1480 4143 id
1508 4089 1741 4159 positum
1770 4094 1851 4138 est
1883 4102 1893 4135 :
1922 4083 2045 4136 Tibi

470 4204 564 4257 solt
596 4200 869 4270 cognitum
892 4205 976 4249 est
1000 4201 1297 4262 peceatum.

545 4294 702 4377 Vens.
741 4290 825 4344 M.
859 4286 1034 4340 Redde
1075 4281 1200 4335 mihi
1242 4279 1505 4341 Imtitianr,
1549 4286 1654 4329 ete.
1695 4272 1791 4326 Cui
1841 4270 2044 4339 aliquid

469 4362 720 4445 debetur,
743 4382 816 4436 illi
844 4379 1125 4433 redditur:
1156 4372 1397 4426 redditur
1417 4384 1547 4439 ergo
1568 4377 1774 4421 naturre
1797 4362 2043 4417 rationali

468 4478 656 4533 lmtitia
683 4472 938 4530 salutaris
971 4470 1100 4532 Dei;
1127 4475 1181 4520 et
1213 4462 1511 4533 qnispiritu
1538 4457 1822 4529 principali
1850 4454 2050 4509 conﬁr-

2141 1960 2308 2030 χωρὶς
2335 1960 2519 2028 νόμου,
2557 1961 2585 2028 ἡ
2618 1958 2673 2011 δὲ
2701 1960 2841 2013 κατὰ
2870 1961 3034 2032 νόμου
3083 1961 3393 2032 παράϐασιν
3440 1962 3607 2034 δηλοῖ.
3640 1966 3729 2015 Αἰ-

2142 2055 2226 2105 τεῖ
2257 2051 2311 2105 δὲ
2345 2052 2548 2123 ταύτην
2596 2053 2860 2107 ἐκπλῦναι
2890 2055 2979 2107 τὸν
3014 2054 3252 2126 καθᾶραι
3296 2056 3589 2125 δυνάμενον
3620 2058 3727 2109 ἀπὸ

2142 2145 2241 2215 τῆς
2294 2144 2535 2215 χείρονος
2567 2144 2753 2211 ἕξεως.
2788 2147 2928 2217 Ὅρα
2958 2146 3016 2198 δὲ
3062 2146 3156 2199 τοῦ
3200 2148 3434 2219 Χριστοῦ
3478 2148 3637 2201 πάλιν
3670 2150 3729 2201 :6

2146 2238 2441 2308 μυστήριον
2461 2254 2473 2267 ·
2506 2236 2602 2307 τὴν
2643 2237 2751 2309 γὰρ
2781 2240 2837 2291 ὲν
2872 2238 3020 2309 νόμῳ
3049 2239 3313 2309 κάθαρσιν
3338 2242 3371 2309 ἡ
3401 2240 3493 2293 τοῦ
3538 2239 3731 2308 βαπτί-

2145 2346 2347 2399 σματος
2387 2329 2791 2400 ὑπερὸαίνουσα
2826 2329 3071 2401 δύναμις,
3118 2331 3212 2383 καὶ
3244 2329 3447 2401 ταύτης
3484 2332 3582 2400 τῆς
3627 2333 3727 2400 ψυ-

2143 2423 2242 2491 χῆς
2273 2421 2565 2493 ἐργάζεται
2599 2422 2883 2493 κάθαρσιν.

2214 2514 2312 2566 Σοὶ
2356 2516 2522 2581 μόνῳ
2566 2513 2852 2582 ἥμαρτον,
2890 2532 2943 2567 κ.
2979 2532 3027 2565 τ.
3071 2516 3116 2568 ἐ.
3146 2514 3259 2567 Οὐκ
3288 2514 3585 2569 αἰτιατικόν
3616 2514 3727 2584 (15)

2144 2607 2259 2657 ἐστι
2286 2604 2443 2657 τοῦτο
2474 2605 2554 2667 τὸ,
2586 2623 2603 2655 ι
2638 2606 2784 2666 ὅπως
2805 2622 2817 2634 ·
2865 2625 2882 2655 ι
2913 2605 2972 2655 οὐ
3000 2605 3109 2674 γὰρ
3150 2605 3236 2656 διὰ
3286 2605 3441 2657 τοῦτο
3482 2606 3730 2676 ήμάρτα--

2144 2713 2251 2759 νον,
2283 2697 2431 2759 ὅπως
2476 2697 2543 2748 ἂν
2577 2695 2837 2766 δικαιωοῇ
2871 2696 2899 2744 6
2939 2696 3069 2757 Θεὸς
3106 2698 3162 2746 ἐν
3194 2698 3304 2758 τοῖς
3332 2696 3508 2762 λόγοις
3543 2697 3726 2751 αὐτοῦ.

2158 2785 2489 2841 Ἐδικαιοῦτο
2520 2786 2575 2839 δὲ
2596 2789 2624 2840 6
2652 2787 2783 2850 Θεὸς
2807 2787 3029 2848 εἰκότως
3056 2787 3146 2854 ἀφ’
3177 2779 3249 2839 ὧν
3283 2788 3478 2838 ἐκεῖνοι
3507 2788 3727 2857 εὐεργε-

2142 2881 2236 2934 τοῦ
2247 2897 2394 2951 μενοι
2432 2879 2801 2950 ἠγνωμόνουν.
2828 2880 2970 2933 Ὅτι.
3003 2877 3169 2931 πολὺν
3200 2878 3292 2931 τοῦ
3318 2878 3451 2930 Θεοῦ
3480 2879 3570 2931 τὸν
3602 2880 3730 2949 περὶ

2147 2973 2433 3044 μετανοίας
2460 2972 2616 3039 λόγον
2659 2970 3051 3041 ποιησαμένου,
3089 2971 3145 3022 ἐν
3178 2970 3255 3040 τῷ
3283 2970 3461 3035 λέγειν
3499 2972 3571 3041 μὴ
3605 2971 3727 3040 βού-

2142 3065 2327 3118 λεσθαι
2361 3064 2448 3115 τὸν
2482 3063 2710 3116 θάνατον
2742 3063 2833 3115 τοῦ
2881 3063 3228 3134 ἁμαρτωλοῦ,
3263 3063 3338 3125 ὡς
3369 3062 3429 3114 τὸ
3475 3064 3729 3134 ἐπιστρέ-

2144 3176 2285 3225 φειν,
2320 3157 2410 3210 καὶ
2444 3156 2543 3229 ζῇν
2579 3157 2759 3219 αὐτὸν,
2796 3156 2974 3224 σοφῶς
3002 3156 3109 3208 τῶν
3145 3156 3522 3227 προκειμένων
3566 3158 3733 3228 ἐμνη-

2150 3251 2376 3321 μόνευσε
2428 3251 2684 3320 ῥημάτιον
2746 3247 3201 3312 κατασκευάζων⁸
3259 3248 3398 3309 Ὅτι,
3459 3249 3554 3300 ἐὰν
3613 3250 3735 3318 ἐμοὶ

2152 3343 2497 3413 μετανοοῦντι
2526 3341 3017 3415 συγχωρήσῃςμκαὶ
3043 3339 3419 3411 ἐπιστρέφοντι
3445 3340 3732 3411 ίλασθήσῃ.

2146 3436 2482 3508 δικαιωθήσῃ
2523 3437 2579 3487 ἐν
2611 3437 2723 3496 τοῖς
2764 3434 2941 3500 λόγοις
2987 3450 3100 3496 σου,
3148 3430 3223 3493 ὡς
3272 3430 3479 3500 ἀληθὴς
3524 3430 3733 3482 ἀναδει-

2149 3528 2299 3597 χθεὶς
2335 3530 2455 3590 ταῖς
2487 3530 2605 3589 σαῖς
2640 3526 2996 3594 ὑποσχέσεσι·
3033 3523 3127 3575 καὶ
3161 3524 3218 3574 ὲν
3243 3521 3423 3592 καιρῷ
3447 3522 3548 3591 τῆς
3574 3522 3736 3574 ἀντα-

2150 3620 2441 3681 ποδόσεως,
2472 3619 2571 3686 ἐμὲ
2610 3618 2699 3670 τὸν
2731 3619 2793 3669 ἐκ
2828 3615 3112 3685 μετανοίας
3147 3613 3433 3684 έλεηθέντα
3464 3616 3542 3676 είς
3574 3614 3736 3683 μέσον

2151 3711 2523 3779 παραγαγὼν,
2576 3706 2797 3768 δικαίως
2867 3706 3071 3775 κρινεῖς
3132 3705 3254 3764 τοὺς
3330 3703 3405 3773 μὴ
3474 3703 3738 3772 μετανοή-

2153 3818 2371 3862 σαντας.

2228 3893 2336 3946 Τοῦ
2388 3892 2593 3945 αὐτοῦ.
2646 3892 2781 3945 Κατ’
2836 3889 3115 3960 ἐνέργειαν
3156 3886 3263 3959 (16)
3311 3888 3735 3957 ἁμαρτάνοντες,

2152 3984 2244 4036 καὶ
2270 3981 2577 4052 ἀνθρώποις
2608 3984 2700 4035 καὶ
2734 3982 2852 4052 Θεῷ
2878 3978 3297 4050 ἁμαρτάνομεν·
3355 3978 3495 4032 κατὰ
3530 3977 3585 4030 δὲ
3619 3977 3728 4053 διά-

2151 4092 2299 4127 νοιαν
2342 4073 2784 4143 πλημμελοῦντες
2819 4074 2937 4144 Θεῷ
2980 4075 3123 4144 μόνῳ
3170 4071 3640 4143 ἐξαμαρτάνομεν.
3669 4071 3737 4121 Ἢ

2153 4166 2273 4216 ἀντὶ
2298 4162 2411 4225 τοῦ,
2435 4165 2525 4216 Σοὶ
2560 4163 2704 4233 μόνῳ
2729 4164 2995 4231 ἔγνωσται
3026 4163 3086 4214 τὸ
3116 4160 3525 4231 ἡμαρτημένον.

2238 4256 2477 4322 Ἀπόδος
2493 4274 2589 4325 μοι
2617 4255 2727 4323 τὴν
2749 4255 3136 4325 ἀγαλλίασιῆ
3164 4271 3215 4305 κ.
3242 4270 3291 4304 τ.
3318 4246 3440 4320 ἐ.⁷ῼ
3468 4248 3741 4319 ὀφείλεταί

2153 4368 2203 4403 τι
2232 4351 2363 4420 (l7),
2396 4348 2732 4402 ἀποδίδοται·
2785 4346 3093 4401 ἀποδίδοται
3132 4341 3223 4398 οὖν
3258 4348 3324 4416 τῇ
3356 4344 3545 4413 λογικῇ
3582 4342 3739 4411 φύσει

2154 4440 2472 4509 ἀγαλλίασις
2494 4439 2761 4511 σωτηρίου
2787 4437 2922 4491 Θεοῦ
2946 4456 2958 4468 ο
2993 4438 3088 4491 καὶ
3112 4440 3143 4489 6
3172 4437 3250 4507 τῷ
3277 4435 3586 4507 ἡγεμονικῷ
3612 4452 3741 4505 στη-

471 4583 649 4624 matus
673 4576 775 4624 est,
811 4563 1034 4617 minime
1062 4559 1261 4613 serviet
1297 4564 1540 4625 peccato.
1577 4546 2043 4617 Quemadmodum

2159 4531 2439 4603 ριζὸμενος
2463 4531 2731 4601 πνεύματι
2760 4531 2819 4583 οὐ
2847 4529 3120 4583 δουλεύσει
3146 4532 3211 4600 τῇ
3236 4527 3498 4598 ἁμαρτίᾳ.
3532 4528 3739 4594 ’Ὠσπερ

461 4676 491 4705 »ι
532 4660 631 4714 nisi
667 4655 928 4710 Dominus
969 4650 1320 4706 aediﬁcaverit
1355 4646 1597 4704 donnnn,
1654 4642 1705 4692 in
1740 4651 1936 4690 vanum
1973 4634 2049 4685 la-

473 4755 806 4805 boraverunt
845 4742 937 4811 qui
983 4739 1251 4794 aediﬁcant
1298 4750 1414 4789 eam
1449 4733 1533 4795 36;
1576 4750 1593 4781 ι
1631 4730 1701 4783 ita
1742 4726 1843 4801 nisi
1870 4722 2051 4776 Domi-

474 4860 577 4898 nus
625 4837 893 4894 creaverit
919 4836 969 4889 in
1003 4832 1185 4901 aliquo
1217 4844 1309 4882 cor
1344 4840 1565 4883 novum,
1605 4836 1710 4875 non
1748 4815 1943 4873 sufﬁcit
1982 4814 2049 4865 ad

476 4943 578 4992 huc
615 4936 835 4987 lilmrtas
863 4940 917 4983 et
956 4929 1129 4979 virtus
1160 4925 1419 4977 humana.
1461 4917 1704 4970 Primum
1745 4917 1924 4962 autem
1957 4920 2050 4958 cor

478 5031 742 5084 mundum
771 5032 1007 5081 creatur,
1047 5016 1239 5073 deinde
1278 5015 1328 5066 in
1358 5014 1475 5078 ipso
1506 5006 1733 5077 spiritus
1768 5010 1949 5054 rectus
1973 4998 2051 5049 in-

476 5131 710 5175 tmvnttlt‘
745 5117 795 5167 in
846 5110 1166 5171 visceribus,
1221 5114 1385 5170 atque
1433 5101 1547 5152 haec
1603 5095 1806 5163 Spiritu
1861 5100 2050 5141 saneto

475 5216 703 5270 minime
744 5208 941 5262 ablato.
988 5202 1192 5255 Deinde
1232 5207 1347 5266 post
1389 5196 1525 5247 duos
1563 5189 1812 5253 Spiritus,
1858 5179 2049 5250 spiritu

477 5299 759 5369 print-ip.in
793 5297 965 5364 quisa
1002 5294 1107 5344 Deo
1142 5288 1515 5344 conﬁrmatur,
1552 5288 1610 5331 ut
1655 5277 1841 5328 ﬁrmus
1871 5280 1929 5325 et.
1973 5271 2054 5321 in-

476 5402 775 5447 eunttuuus
796 5396 1129 5460 permaneat.

550 5532 593 5561 "
616 5526 755 5581 Psal.
779 5541 888 5588 esu,
918 5522 1012 5577 42.
1090 5521 1132 5551 ³⁸
1160 5518 1315 5570 Rom.
1344 5529 1458 5577 \‘lll,
1490 5511 1577 5563 55.

543 5649 665 5715 415)
704 5646 885 5698 Ὲλεδι
926 5642 995 5694 δὲ
1022 5639 1135 5707 τὴν
1160 5638 1365 5707 φύσιν,
1402 5645 1508 5687 etc.
1568 5631 1767 5684 Catena
1815 5622 2057 5680 Corderii

478 5730 535 5770 et
558 5719 757 5769 Catena
791 5715 1032 5766 Barbari.

555 5788 666 5849 (14)
703 5786 810 5838 Τοῦ
839 5781 1073 5850 μηκέτι,
1106 5790 1208 5830 etc.
1234 5770 1738 5850 Calenatlorderii.

554 5846 666 5920 lli»)
691 5859 809 5907 Οὐκ
838 5846 1180 5911 αἰτιατικῶν,
1216 5856 1319 5900 eae.
1356 5846 1573 5899 Eadeun

2164 4644 2180 4673 ι
2218 4623 2311 4676 ἐὰν
2339 4622 2411 4693 μὴ
2442 4624 2643 4693 Κύριος
2664 4622 2991 4693 οἰκοδομήσῃ
3013 4616 3178 4684 οἷκον,
3201 4622 3278 4683 εἰς
3319 4620 3493 4687 ttiqu
3519 4617 3742 4671 ἐκοπία-

2160 4734 2258 4770 σαν
2285 4716 2333 4768 οἱ
2374 4714 2779 4785 οἰκοδομοῦντες
2816 4715 3007 4766 αὐτόν’
3048 4733 3065 4764 ι
3096 4711 3288 4774 οὕτως,
3326 4712 3421 4762 ἐὰν
3454 4712 3526 4779 μὴ
3549 4711 3577 4761 ὁ
3612 4707 3742 4769 Θεὸς

2160 4809 2318 4877 κτίσῃ
2352 4807 2577 4877 καρδίαν
2610 4806 2855 4877 καθαρὰν
2892 4804 2946 4857 ἕν
2976 4822 3102 4869 τινι,
3147 4804 3247 4855 οὐκ
3293 4802 3573 4872 αὐτάρκης
3610 4797 3742 4868 πρὸς

2159 4901 2317 4955 τοῦτο
2360 4901 2675 4973 προαίρεσις
2720 4898 2810 4951 καὶ
2854 4896 3081 4965 δύναμις
3132 4893 3468 4963 ἀνθρωπίνη.
3522 4890 3743 4961 Πρῶτον

2158 4997 2213 5048 δὲ
2243 4997 2437 5068 καρδία
2488 4994 2729 5056 κτίζεται
2778 4988 3015 5058 καθαρὰ,
3065 4984 3181 5039 εἷτα
3232 4986 3324 5037 ἐπὶ
3362 4984 3532 5053 ταύτῃ
3591 4982 3741 5044 εὑθὲς

2163 5089 2377 5159 πνεῦμα
2427 5085 2789 5156 ἐγκαινίξεται
2836 5086 2947 5145 τοῖς
2987 5081 3259 5149 ἐγκάτοις,
3313 5078 3407 5129 καὶ
3457 5075 3630 5129 ταῦτα
3668 5075 3742 5144 μὴ

2162 5180 2635 5252 ἁνταναιρεθέντος
2686 5177 2776 5229 τοῦ
2824 5176 2979 5243 ἁγίου
3040 5173 3375 5241 Πνεῦματος.
3425 5164 3558 5221 Εἶτα
3610 5164 3748 5233 μετὰ

2162 5274 2252 5325 δύο
2274 5273 2557 5342 πνεύματα
2584 5271 2850 5339 πνεύματι
2877 5266 3190 5339 ἡγεμονικῷ
3210 5282 3291 5326 τις
3327 5262 3429 5313 ὑπὸ
3459 5258 3596 5312 Θεοῦ
3626 5274 3746 5327 στη-

2168 5366 2391 5434 ρίζεται.
2425 5365 2509 5415 ἵνα
2542 5362 2750 5432 έδραῖὀς
2780 5378 2862 5421 τις
2892 5361 2983 5411 καὶ
3015 5360 3262 5417 ἅσειστος

1659 5508 1701 5538 ³⁶
1726 5504 1866 5559 l’sal.
1900 5518 2084 5566 cxxvt,
2118 5504 2168 5554 l.

2242 5621 2352 5689 (16)
2388 5618 2524 5671 Κατ’
2556 5616 2879 5689 ἐνέργειαν,
2921 5623 3038 5689 εις..
3060 5608 3286 5689 501ιθι1ιῐι
3310 5603 3516 5663 Grabii,
3578 5602 3747 5655 codex

2172 5680 2567 5749 Coislinianus,
2603 5680 2663 5740 et,
2692 5680 2892 5740 Catena
2922 5680 3167 5734 Barbari.

2246 5782 2359 5852 (l7)
2388 5777 2461 5851 τῼ
2494 5776 2797 5849 (ﬁge/slew!
2826 5792 2898 5839 τι,
2932 5784 3037 5827 etc.
3064 5773 3268 5825 Catena
3306 5763 3570 5821 Corderii.
