4110 6456
500 469 519 520 i
533 469 632 521 4.57

1046 579 1340 632 ΨΑΛΜΟΣ
1377 579 1423 630 Ν
1429 579 1504 630 Α’.

568 677 627 731 Τί
656 669 923 744 ἐγκαυχᾷ
954 674 1022 726 ἑν
1055 673 1234 740 κακίᾳ
1268 675 1299 725 ό
1340 671 1598 736 δυνατὸς
1635 669 1910 739 ἀνομίαν,
1939 687 1994 722 κ.
2022 687 2074 722 τ.

489 768 536 821 ἑ.
579 786 597 818 ι
640 769 696 820 'U
724 765 1076 836 καυχώμενος
1109 765 1240 834 (18),
1290 765 1454 833 φησὶν
1506 762 1843 826 ’Λπόστολος,
1873 764 1930 815 ἐν
1964 764 2079 816 Κυ-

492 859 594 929 ρίῳ
622 856 933 927 καυχάσθω.
979 875 998 906 ›

567 949 677 1003 Τοῦ
714 947 920 1002 αὑτοῦ.
945 946 1057 998 Οὐκ
1086 940 1237 996 εἶπεν
1266 942 1372 1014 (19)
1400 943 1570 1013 ὄνομα
1605 943 1788 1014 μέσον,
1813 944 2076 1014 ἐμφαῖνον

490 1040 551 1093 τὸ
583 1038 804 1108 φαῦλον.
854 1037 926 1089 Οὐ
975 1034 1082 1105 γὰρ
1115 1029 1258 1100 εἷπε,
1295 1053 1312 1085 ι
1358 1034 1422 1087 Τί
1472 1036 1676 1105 καυχᾷ;
1719 1056 1736 1086 ι
1763 1036 1918 1100 ἀλλὰ,
1955 1056 1972 1086 ι
2013 1037 2078 1089 Τί

493 1133 766 1201 ὲγκαυχᾷ;
807 1149 824 1182 ι
851 1129 1104 1183 οὐδέποτε
1129 1127 1184 1180 δὲ
1216 1129 1272 1180 ἐν
1292 1126 1480 1197 ἀγαθῷ
1500 1126 1715 1195 λέγεται
1741 1128 1800 1180 τὸ
1827 1147 1846 1179 ί
1880 1130 2079 1195 ἐγκαυ-

492 1223 710 1294 χᾶσθαι·
741 1241 759 1272 ι
787 1220 900 1276 ἀλλ’
919 1220 973 1272 εἴ
997 1238 1079 1282 τις
1110 1219 1436 1290 ἁμαρτάνει,
1469 1220 1822 1290 ὲγκαυχᾶται.
1847 1220 2077 1274 Δύναται

491 1317 548 1369 δὲ
575 1316 670 1369 καὶ
695 1314 829 1385 πρὸς
858 1314 950 1366 τὸν
978 1313 1151 1367 Σαοὺλ
1179 1315 1206 1366 6
1232 1313 1386 1380 λόγος
1415 1313 1689 1384 εἰρῆσθαι.

572 1407 682 1462 Τοῦ
712 1405 922 1461 αὐτοῦ.
946 1406 1008 1458 Ei
1056 1405 1170 1458 ἔστι
1210 1405 1434 1468 δυνατὸς
1465 1404 1574 1475 (20)
1606 1406 1662 1457 ἐν
1703 1404 1922 1476 ἀνομίᾳ,
1964 1405 2077 1461 ἔστι

493 1499 588 1552 καὶ
615 1499 872 1561 ἀδύνατος
897 1499 953 1550 ἐν
981 1497 1200 1568 ἀνομίᾳ.
1243 1498 1352 1552 Καὶ
1380 1500 1408 1550 6
1442 1498 1540 1568 μὲν
1587 1497 1810 1562 δυνατὸς
1851 1499 1907 1549 ἐν
1957 1499 2080 1552 ἀνο-

497 1590 595 1660 μίᾳ
628 1589 886 1651 ἀδύνατος
911 1590 968 1642 ὲν
995 1588 1312 1662 δικαιοσύνῃ
1330 1606 1342 1618 ·
1371 1590 1399 1640 ὁ
1428 1588 1483 1640 δὲ
1511 1588 1770 1652 ἀδύνατος
1799 1591 1856 1642 ὲν
1879 1589 2078 1660 ἀνομίᾳ

491 1682 714 1744 δυνατὸς
736 1684 793 1736 ὲν
814 1681 1152 1752 δικαιοσύνῃ.

578 1773 691 1828 Τοῦ
723 1773 932 1827 αὐτοῦ.
973 1773 1178 1827 Φαῦλον
1226 1772 1324 1844 μὲν
1369 1772 1480 1844 (21)
1526 1773 1588 1825 τὸ
1629 1792 1647 1824 ι
1681 1771 2097 1842 ὲγκαυχᾶσθαι,›

496 1865 658 1934 μέσον
674 1866 730 1919 δὲ
747 1867 807 1920 τὸ
835 1886 851 1917 ι
879 1866 1205 1937 καυχᾶσθαι.
1233 1886 1252 1919 ι
1294 1868 1350 1920 '0
1377 1867 1475 1937 μὲν
1494 1867 1753 1931 ἀδύνατος
1775 1869 1868 1920 καὶ
1889 1867 2076 1930 ἄτονος

1515 459 1824 514 SELECTA
1859 458 1921 511 ΞΝ
1959 456 2296 512 I’SAI..\IOS.
2337 486 2402 512 -_—
2446 455 2639 508 l’SAL.
2679 454 2764 507 LI.

2101 583 2148 638 Α

3632 460 3766 511 Νξιὸ

2740 570 3060 625 I’SALMUS
3101 569 3184 625 LI.

2258 663 2420 718 Vnus.
2457 665 2509 717 5.
2543 664 2685 728 Quid
2717 665 2965 733 gloriaris
3000 665 3052 716 in
3083 662 3315 726 malitia,
3355 664 3444 731 qni
3489 675 3671 729 potens
3714 683 3767 718 es

2186 758 2238 810 in
2271 755 2590 825 iniquitate?
2619 767 2724 810 etc.
2761 774 2778 806 ι
2816 754 2916 821 Qui
2957 753 3255 824 gloriatur,
3307 754 3479 823 inquit
3523 755 3757 824 Aposto—

2187 849 2270 903 lus
2294 849 2359 912 ³⁷,
2392 849 2444 901 in
2476 847 2707 902 Domino
2743 846 3026 916 glorietur.
3066 866 3084 898 ι

2258 940 2529 1009 Ejusdem.
2560 939 2674 994 Non
2710 939 2843 994 dixit
2869 954 3062 992 nomen
3093 939 3310 1008 aliquod
3343 941 3763 1011 medium,un

2187 1034 2514 1102 pravitatem
2547 1033 2808 1086 declaret.
2865 1029 2982 1085 Non
3020 1033 3166 1086 enim
3217 1031 3386 1096 dixit,
3423 1031 3488 1084 Τί
3539 1034 3762 1103 καυχᾷ;

2185 1125 2378 1188 sed,Ti
2405 1125 2686 1194 ὲγκαυχᾷ;
2715 1138 2991 1191 nunquam
3040 1137 3169 1177 vero
3203 1123 3264 1175 τὸ
3303 1125 3674 1195 ὲγκαυχᾶσθαι
3711 1130 3765 1181 in

2186 1219 2383 1272 bonam
2425 1227 2634 1287 partem
2668 1215 2894 1276 dicitur,
2929 1213 3020 1266 sed
3053 1214 3097 1268 si
3149 1215 3274 1284 quis
3309 1227 3523 1283 peccat,
3566 1221 3766 1287 ἐγκαυ-

2185 1312 2365 1380 χᾶται.
2400 1310 2583 1364 Potest
2611 1312 2774 1365 etiam
2814 1313 2915 1365 hoc
2949 1321 3137 1365 contra
3172 1310 3298 1364 Saul
3325 1312 3525 1366 dictum
3551 1327 3691 1365 esse.

2259 1400 2534 1469 Ejusdem.
2576 1401 2631 1455 Si
2670 1412 2860 1471 potens
2904 1412 2990 1456 est
3041 1403 3093 1456 in
3134 1404 3443 1473 iniquitate,
3488 1412 3570 1458 cst
3599 1404 3762 1456 etiam

2187 1495 2454 1564 impotens
2484 1496 2536 1548 in
2571 1495 2880 1563 iniquitate.
2912 1493 3013 1561 Qui
3039 1503 3231 1562 potens
3258 1506 3342 1550 est
3375 1495 3427 1549 in
3457 1497 3763 1564 iniquitate,

2186 1587 2454 1654 impotens
2487 1595 2572 1640 est
2606 1585 2929 1653 injustitia;
2959 1589 3052 1659 qui
3078 1599 3260 1646 autem
3296 1591 3561 1659 impotens
3596 1599 3674 1641 est
3711 1589 3763 1640 in

2187 1677 2492 1745 iniquitate,
2526 1686 2717 1746 potens
2751 1687 2834 1732 est
2859 1679 2909 1732 in
2943 1681 3178 1749 justitia.

2256 1766 2534 1836 Ejusdem.
2589 1769 2645 1824 lu
2689 1772 2886 1825 malam
2940 1785 3148 1842 partem
3207 1776 3431 1842 ponitur
3491 1773 3767 1842 ὲγκαυχᾶ-

2188 1858 2344 1920 σθαι,
2383 1861 2547 1931 726
2578 1863 2948 1918 indifferenter
2982 1875 3163 1920 autem
3204 1865 3406 1918 dicitur
3437 1863 3765 1933 καυχᾶσθαι.

493 1959 588 2012 καὶ
602 1957 780 2026 ὀλίγος
810 1959 867 2011 ὲν
884 1959 1075 2028 κακίᾳ,
1091 1957 1473 2023 πλεονάζοντος
1497 1957 1646 2029 αὑτῷ
1661 1959 1752 2011 τοῦ
1777 1958 2080 2030 κρείττονος

2192 1950 2286 2016 Qui
2323 1954 2498 2008 nullas
2539 1963 2632 2008 aut
2673 1953 2786 2009 fere
2820 1956 2995 2012 nullas
3030 1965 3082 2010 et
3127 1955 3351 2026 exiguas
3391 1955 3456 2008 ad
3499 1941 3764 2007 malitiam

493 2049 726 2120 τρόπου,
787 2048 862 2112 ὡς
913 2048 1301 2120 ἀσθενέστερος
1354 2052 1412 2103 ὲν
1477 2050 1665 2121 κακίᾳ,
1719 2050 2084 2120 ἐγκαλύψαιτο

493 2141 842 2210 ἁμαρτάνων,
881 2140 974 2194 καὶ
1017 2141 1122 2193 ὑπὸ
1155 2141 1252 2210 τῆς
1299 2143 1653 2212 συνειδήσεως
1707 2141 2082 2212 κεντούμενος,

498 2233 880 2302 μετανοήσειεν
913 2234 1007 2287 ἄν’
1040 2237 1068 2287 6
1097 2234 1153 2286 δὲ
1186 2233 1406 2298 δυνατὸς
1429 2237 1485 2287 ἐν
1517 2235 1686 2306 κακίᾳ
1710 2235 1972 2303 τυφοῦται
1996 2236 2084 2288 ἐπ’

494 2323 655 2394 αὐτῇ,
685 2323 779 2376 καὶ
809 2325 1164 2394 ὲγκαυχᾶται,
1198 2326 1272 2389 ὡς
1315 2327 1407 2378 ἐπὶ
1451 2325 1668 2395 μεγάλῳ
1702 2324 2086 2396 κατορθώματι

497 2414 911 2484 σεμνυνόμενος.
943 2417 1032 2468 Ἐν
1068 2416 1213 2487 πάσῃ
1261 2418 1315 2470 δὲ
1359 2418 1541 2488 ἡμέρᾳ
1578 2417 1960 2488 διδασκόμενός
2003 2435 2085 2480 τις

494 2504 584 2556 τὸν
611 2505 752 2559 θεῖον
775 2507 951 2574 λόγον,
971 2508 1066 2561 ἐὰν
1097 2509 1408 2581 ἁμαρτάνῃ,
1436 2509 1529 2562 καὶ
1545 2509 1814 2577 λογίζεται
1838 2509 1964 2578 ὃλην
1987 2509 2084 2578 τὴν

497 2596 730 2668 ἡμέραν.
764 2599 833 2651 Ἢ
861 2599 940 2662 τὸ,
968 2601 1201 2672 ἡμέραν,
1233 2602 1538 2671 φανέρωσιν
1577 2601 1743 2673 δηλοῖ,
1778 2602 1810 2672 ἦ
1844 2602 1964 2655 ὅλον
1997 2602 2087 2654 τὸν

496 2687 704 2758 χρόνον,
729 2691 849 2744 καθ’
881 2691 938 2743 ὃν
973 2693 1184 2762 ἀνομεῖ.

571 2870 755 2936 Ὅλην
782 2870 896 2937 τὴν
921 2869 1146 2940 ἡμέραν
1167 2871 1405 2926 ἀδικίαν
1431 2870 1750 2939 ἐλογίσατο
1773 2873 1810 2938 ἠ
1836 2870 2090 2940 γλῶσσά

496 2975 641 3015 σου·
671 2961 815 3016 ὡσεὶ
851 2962 1037 3030 ξυρὸν
1063 2964 1444 3032 ἠκονημένον
1467 2966 1764 3030 ἐποίησας
1795 2962 2000 3025 δόλον,
2031 2981 2082 3016 κ.

496 3067 546 3102 τ.
575 3051 622 3103 ἐ.
649 3049 721 3102 Τὸ
751 3050 1094 3120 λογιζόμενον
1137 3050 1270 3123 (22),
1317 3053 1379 3104 τὸ
1401 3052 1746 3122 ἡγεμονικὸν,
1775 3051 1868 3104 καὶ
1891 3053 1924 3120 ή
1952 3067 2088 3120 καρ-

495 3142 603 3206 δία,
627 3141 724 3212 οὐχ
757 3143 791 3212 ἡ
823 3142 1044 3211 γλῶσσα
1092 3141 1185 3194 τοῦ
1223 3142 1381 3212 Δωὴκ
1430 3143 1642 3196 ἀδικίαν
1683 3141 1986 3208 ἐλογίσατο.
2014 3141 2087 3192 Τὸ

497 3233 576 3300 δὲ,
594 3233 898 3302 ἐλογίσατο,
917 3235 1078 3304 ἦτουν
1101 3233 1318 3297 ἀδίκους
1339 3234 1653 3306 λογισμοὺς,
1672 3235 1795 3287 ἐπεὶ
1824 3253 1842 3285 ι
1874 3236 1932 3286 ὲν
1963 3234 2084 3286 στό-

2187 2044 2336 2098 vires
2365 2043 2530 2098 habet
2564 2044 2636 2100 ob
2671 2047 2941 2101 bonorum
2976 2062 3188 2100 morum
3217 2047 3609 2116 praestantiam,
3651 2055 3768 2098 tan-

2187 2153 2344 2205 quam
2392 2139 2444 2197 in
2489 2139 2693 2192 malitia
2740 2139 3097 2202 imbecillior,
3134 2141 3176 2193 si
3215 2151 3423 2208 peccat,
3482 2141 3768 2192 abscondit

2188 2247 2266 2296 se,
2297 2241 2352 2285 et
2378 2231 2612 2286 stimulis
2639 2232 2988 2285 conscientiae
3017 2233 3281 2301 agitatus,
3335 2231 3632 2299 rcsipiscet.
3665 2232 3765 2296 Qui

2187 2335 2365 2377 autem
2391 2335 2582 2393 potens
2615 2333 2699 2379 est
2747 2324 2798 2377 in
2830 2324 3058 2388 malitia,
3107 2326 3157 2376 in
3212 2325 3326 2392 ipsa
3378 2324 3684 2377 obcaecatur
3717 2331 3769 2376 et

2187 2417 2471 2486 gloriatur,
2506 2431 2570 2471 ac
2609 2416 2762 2485 quasi
2801 2416 2868 2470 de
2914 2417 3178 2483 praeclaro
3221 2416 3468 2470 facinore
3514 2431 3634 2469 sese
3675 2431 3771 2467 ex-

2192 2508 2348 2562 tollit.
2385 2509 2484 2575 Qui
2523 2522 2654 2562 vero
2684 2517 2794 2562 tota
2835 2509 2923 2562 die
2964 2508 3128 2562 discit
3168 2509 3392 2563 verbum
3431 2508 3546 2570 Dei,
3591 2507 3636 2561 is
3661 2548 3676 2571 ,
3725 2507 3768 2561 si

2190 2610 2398 2669 peccat,
2422 2601 2585 2653 etiam
2620 2601 2818 2669 cogitat
2845 2609 2953 2654 leta
2984 2601 3089 2654 die.
3125 2600 3236 2656 Iloc
3267 2601 3387 2655 loco
3414 2600 3519 2652 diei
3553 2600 3773 2652 nomine

2192 2689 2274 2743 vel
2304 2691 2671 2744 manil‘estatio
2698 2691 3060 2762 signiﬁcatur,
3096 2691 3181 2746 vel
3218 2705 3379 2744 omne
3416 2700 3648 2756 tempus,
3677 2704 3773 2757 per

2189 2783 2334 2851 quod
2379 2794 2588 2852 peccat.

2266 2874 2431 2929 Vens.
2460 2877 2512 2930 4.
2547 2875 2678 2931 Tota
2699 2877 2786 2930 die
2812 2878 3132 2946 injustitiam
3153 2877 3396 2945 cogitauit
3417 2874 3600 2944 lingua
3625 2884 3714 2927 tua
3754 2887 3769 2922 :

2189 2966 2325 3018 sicut
2355 2967 2612 3019 novacula
2648 2975 2806 3019 acuta
2842 2967 3014 3034 fecisti
3039 2965 3240 3029 dolum,
3273 2975 3376 3018 etc.
3411 2963 3772 3018 Rationabilis

2187 3065 2242 3110 et
2273 3058 2542 3126 praecipua
2572 3057 2772 3110 mentis
2804 3072 2965 3125 pars,
3004 3064 3054 3109 et
3085 3071 3201 3117 cor,
3260 3070 3365 3109 non
3408 3055 3589 3123 lingua
3625 3054 3771 3122 [)oeg

2189 3147 2506 3216 injustitiam
2534 3147 2812 3217 cogitavit.
2841 3146 2992 3213 Quod
3019 3157 3200 3200 autem
3233 3147 3454 3209 dicitur,
3487 3146 3769 3215 cogitavit,

2190 3237 2292 3291 hoc
2335 3248 2440 3302 est,
2482 3238 2740 3306 quoniam
2789 3253 2808 3287 ε
2857 3237 2911 3290 in
2959 3250 3056 3291 ore
3092 3236 3386 3291 stultorum
3437 3251 3535 3290 cor
3579 3250 3769 3289 eorum

501 3341 631 3392 ματι
663 3323 860 3396 μωρῶν
883 3328 915 3394 ἡ
953 3323 1150 3396 καρδία
1187 3323 1388 3388 αὐτῶν,
1427 3344 1443 3375 ι
1474 3323 1563 3378 διὰ
1600 3323 1755 3377 τοῦτο
1794 3327 1826 3395 ἡ
1865 3325 2087 3394 γλῶσσα

2192 3339 2273 3383 est
2299 3329 2365 3389 ³⁸,
2403 3347 2420 3381 ι
2453 3342 2735 3398 propterea
2772 3331 2952 3402 lingua
2989 3331 3135 3401 Doeg
3164 3330 3380 3396 iniquas
3411 3327 3771 3398 cogitationes

496 3414 592 3468 τοῦ
617 3416 778 3488 Δωὴκ
802 3415 1099 3485 ἐφθέγξατο
1119 3434 1130 3446 ·
1155 3417 1215 3469 οὐ
1239 3415 1350 3487 γὰρ
1373 3415 1509 3487 αὑτὴ
1538 3419 1571 3487 ἡ
1599 3415 1941 3489 λογιζομένῃ,
1973 3417 2084 3472 ἀλλ’

498 3503 531 3571 ἡ
555 3506 666 3567 τοῖς
693 3504 971 3574 λογισμοῖς
1001 3505 1506 3577 ὲξυπηρετουμένη.

588 3595 927 3666 Ἠγάπησας
961 3600 1177 3653 κακίαν
1215 3600 1367 3668 ὑπὲρ
1404 3601 1821 3670 ἀγαθωσύνην,
1857 3617 1911 3654 κ.
1949 3617 1999 3653 τ.
2037 3601 2083 3652 ὲ.

499 3689 651 3740 Εἰσὶν
680 3690 728 3740 οί
764 3689 1003 3760 ὡσπερεὶ
1032 3691 1142 3761 (25)
1168 3691 1237 3745 τὰ
1260 3692 1477 3746 ἐναντία
1506 3691 1852 3760 ἀγαπῶντες
1881 3690 1958 3762 τῷ
1985 3694 2088 3763 μή-

502 3796 631 3832 ποτε
668 3780 844 3851 πάντη
866 3782 1184 3836 ἀνακεῖσθαι
1217 3784 1406 3854 ἀρετῇ,
1437 3785 1572 3855 μήτε
1597 3784 1693 3858 ὅλῃ
1732 3785 1901 3855 κακίᾳ
1927 3801 2090 3855 προσ-

501 3871 644 3939 έχειν
676 3870 881 3924 ἐθέλειν
901 3890 913 3902 ·
940 3873 1144 3925 τούτων
1175 3875 1226 3926 οἱ
1258 3875 1356 3944 μὲν
1385 3875 1704 3946 φαυλότεροι
1733 3876 1928 3930 κακίαν
1961 3877 2090 3946 μᾶλ-

501 3961 592 4013 λον
626 3963 914 4030 ἀγαπῶσιν
949 3963 980 4034 ἢ
1011 3965 1211 4035 ἀρετήν
1231 3981 1246 3995 ⁸
1282 3966 1330 4019 οἱ
1355 3965 1411 4019 δὲ
1430 3966 1718 4021 ἀνάπαλιν.

587 4140 927 4210 Ἠγάπησας
953 4141 1151 4196 πάντα
1197 4143 1436 4212 ῥήματα
1481 4142 1986 4210 καταποντισμοῦ,
2029 4161 2083 4197 κ.

502 4252 553 4287 τ.
601 4235 648 4288 ἑ.
709 4234 956 4304 Ῥήματα
1000 4236 1442 4306 καταποντισμοῦ
1480 4236 1614 4308 (24),
1653 4235 1951 4290 διαϐάλλων
1997 4235 2086 4288 τὸν

505 4323 688 4387 Δαυῖδ,
717 4325 1002 4394 ἠγάπησεν
1029 4326 1057 4377 6
1085 4327 1267 4396 Δωήκ.

575 4418 677 4471 Διὰ
705 4418 878 4472 τοῦτο
905 4421 937 4472 ό
967 4420 1110 4485 Θεὸς
1140 4418 1376 4475 καθέλοι
1404 4437 1478 4474 σε
1513 4423 1600 4487 εις
1637 4421 1830 4488 τέλος,
1860 4421 2088 4477 suum

505 4525 581 4562 σε
607 4509 706 4562 καὶ
746 4512 1226 4578 μεταναστεύσαι
1267 4528 1340 4564 σε
1374 4511 1492 4565 ἀπὸ
1534 4511 1947 4580 σκηνώματος,
1990 4513 2087 4566 καὶ

506 4601 575 4654 τὸ
598 4601 822 4672 ῥίζωμά
867 4617 985 4657 σου
1015 4604 1084 4656 ἐκ
1118 4603 1229 4672 γῆς
1255 4603 1501 4668 (terrm,
1535 4623 1589 4659 κ.
1621 4623 1671 4658 τ.
1702 4607 1748 4659 ὲ.
1798 4605 1856 4658 Ὁ
1896 4607 2089 4661 καθαι-

667 4666 780 4766 (2ἑ)
815 4697 884 4751 τὰ
933 4666 1188 4768 μοχθηρὰ*
1206 4666 1621 4769 οἰκοδομήματα
1661 4699 1794 4762 Θεὸς
1835 4699 2092 4772 καθαιρεῖ
2117 4666 2170 4727 D

505 4786 598 4840 τὸν
638 4787 818 4856 Δωὴκ,
867 4789 984 4858 ἦτοι
1017 4788 1095 4858 τῷ
1142 4788 1276 4860 μηδὲ
1305 4789 1394 4842 τὸν
1411 4791 1586 4859 τοῖχον
1635 4789 1733 4860 τῆς
1783 4791 2090 4862 οἰκοδομίας

507 4875 673 4932 αὐτοῦ
712 4880 1030 4933 καταλιπεῖν
1062 4881 1122 4934 τὸ
1156 4883 1264 4934 πᾶν
1300 4881 1393 4934 καὶ
1431 4880 1489 4946 ἐξ
1525 4881 1660 4935 ὅλων
1693 4882 2090 4953 οἰκοδομεῖσθαι

509 4970 692 5034 κακῶς
729 4970 761 5041 ἢ
810 4972 932 5023 ἐπεὶ
979 4975 1028 5025 οἱ
1067 4974 1280 5043 χείρευς
1323 4975 1621 5027 τελευταῖοι
1662 4975 2089 5047 οἱκοδομοῦνται,

511 5062 766 5124 κάκιστος
799 5061 854 5115 δέ
883 5064 1028 5115 ἐστιν
1052 5064 1080 5114 6
1103 5063 1278 5135 Δωὴκ,
1310 5067 1475 5134 ἐγγὺς
1498 5065 1590 5117 τοῦ
1627 5065 1719 5118 τὸν
1747 5065 1972 5136 ἔσχατον
1999 5070 2093 5138 ὲχ-

512 5153 640 5223 Θρδν
665 5153 1057 5224 καταργεῖσθαι
1092 5155 1182 5208 τὸν
1221 5155 1469 5222 Θάνατον,
1502 5157 1593 5210 ἐπὶ
1626 5155 1702 5228 τῷ
1733 5157 1875 5210 τέλει
1904 5158 2094 5213 καθαι-

513 5241 821 5312 ρεθήσεται.
867 5244 927 5296 Εἰ
965 5244 1022 5297 δὲ
1055 5244 1114 5298 τὸ
1148 5245 1361 5316 ρίζωμα
1398 5247 1696 5318 Ἰδουμαίου
1719 5248 1879 5320 Δωὴκ
1917 5251 2093 5305 ἐκτίλ-

510 5333 662 5390 λεται
687 5337 751 5389 ὲκ
773 5338 874 5407 γῆς
898 5336 1134 5401 ζώντων,
1158 5341 1271 5392 ἐκεῖ
1304 5339 1624 5408 πεφύτευτο.

586 5426 818 5482 3"lCor.
860 5445 898 5494 I,
934 5430 1021 5484 5i.
1099 5431 1142 5461 ³⁸
1167 5430 1333 5485 Eccli.
1375 5447 1488 5497 xm,
1517 5432 1606 5487 29.

556 5523 698 5603 ⁵(18)
736 5524 798 5577 '0
837 5524 1242 5595 καυχώμενος,
1291 5537 1400 5581 etc.
1450 5527 1631 5582 Codex
1663 5529 1872 5597 primus
1902 5525 2092 5581 Coisli.

517 5609 856 5730 magiam
885 5661 1072 5730 εἶπεν,
1107 5676 1212 5722 etc.
1246 5667 1446 5720 Catena
1473 5667 1738 5721 Corderii.

585 5735 700 5814 (20)
742 5739 810 5788 Et
853 5736 983 5789 ἐστι
1022 5737 1301 5804 δυνατός,
1353 5748 1462 5793 etc.
1505 5737 1686 5792 Codex
1729 5737 2095 5793 Coislinianus

536 5821 580 5854 ι’
611 5824 654 5854 Ill
715 5824 746 5860 ‘.

515 5819 969 5946 “'(2i)s¢1>¢1ﬁ.lor
990 5877 1127 5948 μέν,
1162 5888 1268 5934 etc.
1295 5878 1659 5935 Coislinianus
1691 5880 1982 5935 secundus.

2192 3422 2402 3476 elocuta
2433 3431 2538 3477 est.
2570 3422 2685 3478 Non
2711 3425 2854 3478 enim
2889 3424 3002 3489 ipsa
3033 3423 3336 3493 cogitabat,
3366 3423 3459 3476 sed
3481 3421 3771 3489 cogitatio-

2195 3515 2354 3568 nibus
2382 3515 2750 3585 CXprImendis
2773 3516 3128 3572 iuserviebat.

2266 3608 2429 3661 Vsus.
2469 3607 2524 3664 5.
2570 3607 2815 3661 Dilextsti
2858 3606 3121 3661 malitiam
3161 3622 3317 3674 super
3370 3605 3771 3675 benignitatem,

2194 3708 2300 3754 etc.
2335 3697 2474 3752 Sunt
2503 3699 2592 3767 qui
2611 3699 3015 3768 quodammodo
3035 3699 3312 3753 contraria
3337 3698 3602 3767 diligunt;
3629 3698 3774 3766 quod

2197 3807 2371 3862 neque
2436 3794 2660 3846 omnino
2713 3791 2898 3845 virtuti
2949 3792 3283 3854 adhaereant,
3333 3805 3508 3859 neque
3562 3788 3777 3858 penitus

2197 3882 2412 3937 malitia:
2428 3897 2485 3936 se
2497 3881 2747 3935 addicere
2760 3882 2952 3936 velint:
2971 3896 3200 3950 quorum
3219 3880 3434 3948 quidem
3451 3877 3771 3937 deteriores,

2197 3973 2462 4025 malitiam
2517 3970 2688 4040 magis
2724 3987 2888 4038 quam
2941 3974 3198 4024 virtutem
3230 3979 3453 4034 amant;
3504 3967 3595 4021 alii
3646 3981 3776 4020 vero

2194 4064 2524 4118 econtrario.

2271 4155 2426 4208 Vsus.
2453 4155 2507 4208 6.
2546 4153 2787 4207 Dilexisti
2814 4153 2988 4206 omnia
3014 4155 3167 4207 verba
3189 4151 3640 4221 praecipitationis,
3665 4159 3774 4204 etc.

2196 4246 2372 4300 Verba
2390 4247 2837 4316 praecipitationis
2861 4246 3049 4302 dilexit
3075 4247 3240 4316 Doeg,
3266 4244 3486 4314 quando
3518 4242 3774 4296 Davidem

2199 4339 2458 4392 traduxit.

2269 4431 2435 4486 Vnus.
2476 4432 2530 4485 7.
2571 4430 2858 4499 Propterea
2898 4429 3041 4484 Deus
3084 4430 3320 4482 destruat
3380 4436 3428 4478 te
3474 4425 3528 4477 in
3578 4424 3772 4492 ﬁnem,

2197 4524 2380 4578 eveUat
2414 4534 2482 4588 te,
2514 4533 2562 4577 et
2602 4525 2817 4592 entigret
2855 4533 2904 4575 te
2944 4523 3007 4574 de
3052 4518 3415 4579 tabernaculo,
3459 4528 3505 4569 et
3545 4514 3774 4566 radicem

2197 4627 2341 4667 tuam
2367 4615 2430 4668 de
2454 4623 2595 4668 terra
2627 4614 2930 4676 viventium,
2963 4622 3072 4666 etc.
3111 4610 3212 4676 Qui
3255 4607 3498 4678 improba
3542 4604 3775 4660 aediﬁcia

2197 4710 2425 4763 destruit
2455 4709 2618 4773 Deus,
2655 4709 2886 4763 destruit
2910 4707 3073 4775 Doeg,
3097 4703 3177 4759 vel
3207 4717 3328 4756 cum
3357 4716 3574 4755 nturum
3605 4698 3780 4754 aedili-

2197 4799 2266 4853 cii
2284 4799 2402 4868 ejus
2421 4815 2634 4853 omnem
2655 4807 2709 4852 et
2723 4813 2790 4854 ex
2811 4798 3024 4867 integro
3043 4810 3147 4850 non
3167 4794 3296 4849 sinit
3321 4790 3578 4846 mdilicari
3601 4789 3776 4852 male;

2197 4893 2279 4948 vel
2313 4895 2569 4963 quoniam
2603 4892 2836 4961 improbi
2872 4881 3780 4952 ultimiadiﬁcantur,improbissi-

2202 4998 2320 5036 mus
2351 4992 2530 5035 autem
2557 4989 2641 5035 est
2678 4979 2843 5051 Doeg,
2882 4980 3023 5034 baud
3050 4992 3208 5032 secus
3241 4990 3304 5028 ac
3334 4973 3556 5026 ultimus
3603 4968 3779 5021 inimi-

2203 5089 2298 5129 cus
2360 5076 2673 5129 destruetur
2715 5088 2885 5137 mors,
2936 5074 2988 5124 in
3033 5069 3138 5123 [inc
3184 5069 3515 5122 destruetur.
3558 5060 3618 5116 Si
3653 5075 3778 5113 vero

2206 5165 2354 5217 radix
2391 5163 2604 5217 Idutnazi
2639 5161 2781 5232 Docg
2801 5161 3050 5216 evellitur
3083 5161 3146 5213 de
3184 5165 3324 5210 terra
3361 5151 3675 5212 viventium,
3709 5147 3778 5201 ibi

2202 5253 2437 5322 plantata
2463 5263 2598 5308 erat.

2269 5523 2381 5594 (εἳ)
2412 5522 2480 5578 Τὸ
2518 5521 2921 5591 λογιζόμενον,
2955 5527 3060 5574 etc.
3093 5517 3255 5572 Idem.

2271 5615 2383 5686 (25)
2409 5613 2587 5668 Εἰσὶν
2617 5615 2671 5666 ot
2697 5611 2920 5676 ὥσπερ,
2946 5619 3053 5663 etc.
3091 5608 3298 5662 Catena
3332 5605 3601 5661 Cordcrii.

2272 5710 2385 5781 (9.4)
2403 5708 2662 5778 Ῥήματα
2689 5699 3197 5770 καταποντισμοῦ,
3214 5711 3318 5754 etc.
3339 5699 3538 5753 Eadem
3552 5697 3770 5753 Catena.

2273 5803 2382 5872 (25)
2431 5802 2482 5854 '0
2534 5797 2849 5868 καθαιρῶν,
2905 5807 3012 5852 etc.
3073 5795 3256 5851 Codex
3302 5792 3670 5850 Coislinianus
3695 5807 3764 5845 se-

2201 5879 2431 5931 cundus.
