4110 6454
400 453 417 499 1
438 451 532 502 5.59

399 677 505 714 rem
535 674 714 722 suum,
763 658 853 710 sed
897 657 1124 722 speravit
1164 658 1219 710 in
1269 656 1608 711 multitudine
1661 657 1971 711 divitiarum

401 766 639 815 ειιανιιηι,
675 759 781 804 etc.
810 747 975 803 Forte
995 749 1145 803 dives
1181 749 1354 803 factus
1374 757 1544 804 estex
1576 750 1738 805 mulis
1768 750 1972 820 spuriis

399 842 744 906 animalibus,
764 840 960 911 quibus
997 841 1170 910 ipsqu
1199 839 1526 911 praefecerat
1551 839 1703 896 Sanl.

467 1018 632 1074 Vens.
684 1017 772 1070 i0.
815 1016 924 1084 Ego
981 1027 1156 1071 autem
1214 1018 1350 1070 sicut
1403 1017 1541 1071 oliva
1594 1016 1878 1085 fructifera
1917 1020 1973 1072 in

396 1110 550 1163 domo
573 1108 692 1176 Dei,
722 1117 826 1165 etc.
864 1128 881 1160 ι
908 1109 1142 1163 Fructus
1166 1109 1389 1178 spiritus
1418 1119 1502 1163 est
1532 1109 1812 1178 gaudium,
1843 1124 1970 1178 pax,

397 1202 659 1267 cbaritas,
711 1202 975 1272 patientia
1004 1202 1070 1267 ³³,
1111 1221 1130 1252 ι
1167 1211 1272 1257 etc.
1333 1199 1492 1256 Hunc
1533 1201 1696 1270 igitur
1733 1201 1969 1256 fructum

398 1310 518 1348 eum
553 1295 606 1349 in
634 1310 692 1350 se
723 1295 949 1350 haberet
987 1305 1214 1348 sanctus
1237 1334 1252 1358 ,
1292 1294 1549 1349 dicebat:
1586 1313 1604 1346 ι
1648 1295 1760 1362 Ego
1790 1304 1970 1348 autem

399 1390 541 1442 sicut
592 1389 735 1443 oliva
785 1389 1093 1446 fructifera.
1137 1411 1154 1442 ι
1211 1390 1379 1446 Oliva:
1439 1400 1621 1444 autem
1679 1389 1975 1445 fructiferze

400 1491 686 1549 comparat
733 1485 1006 1552 seipsum,
1059 1483 1317 1552 quoniam
1379 1482 1697 1536 dominante
1748 1482 1802 1536 in
1856 1482 1972 1551 ipso

400 1572 771 1643 eleemosyna,
811 1573 1033 1641 reliquae
1066 1575 1432 1642 sequebantur
1463 1573 1711 1627 virtutes.
1751 1572 1843 1628 Sic
1871 1573 1971 1628 Job

400 1665 594 1719 fortem
627 1666 880 1728 dicimus,
908 1675 963 1720 et
986 1664 1183 1735 Joseph
1211 1666 1370 1735 727
1390 1665 1776 1730 continentem,
1808 1674 1864 1720 et
1889 1681 1965 1721 re-

401 1755 576 1823 liquos
598 1771 626 1808 ιι
668 1756 979 1810 dominante
1013 1757 1210 1809 virtute
1239 1755 1597 1810 nominamus.

471 1929 633 1982 Vens.
705 1931 792 1983 il.
864 1929 1186 1991 lia-spectabo
1245 1948 1429 1986 nomen
1484 1944 1663 2000 tuum,
1716 1937 1968 2005 quoniam
2002 1920 2044 1979 Β

401 2023 592 2074 bonum
641 2029 719 2074 est
769 2022 828 2075 in
877 2033 1156 2089 conspectu
1209 2033 1518 2078 sanctorum
1573 2033 1808 2091 tuorum,
1857 2032 1964 2078 etc.

399 2112 863 2180 Quemadmodum
904 2113 1046 2183 quod
1079 2122 1269 2166 natura
1310 2114 1514 2168 bonum
1544 2125 1647 2180 est,
1683 2116 1842 2186 quale
1867 2127 1970 2180 est,

404 2206 508 2261 tale
533 2220 667 2261 sano
695 2207 875 2275 gustui
905 2207 1140 2268 videtur,
1188 2207 1268 2261 sic
1315 2217 1372 2261 et
1403 2223 1596 2263 nomen
1627 2209 1717 2264 Dei
1749 2211 1971 2265 sanctis.

1774 444 1863 498 EX
1903 444 2205 500 ORIGENE

473 567 635 621 Vens.
671 566 720 620 9.
757 565 885 618 Ecce
910 566 1065 618 hante
1097 567 1186 634 qui
1215 581 1316 619 non
1347 566 1518 634 posuit
1552 565 1715 620 Deum
1751 567 1967 635 adjuto-
1995 579 2042 638 Α

3514 441 3541 496 Ι
3556 443 3652 498 460

2152 565 2298 620 Ἰδοὺ
2321 565 2653 633 ἄνθρωπος,
2682 563 2750 630 ὃς
2776 565 2886 618 οὐκ
2925 564 3090 618 ἔθετο
3120 563 3226 618 τὸν
3250 564 3396 618 Θεὸν
3423 562 3653 632 ,βοηθόν

2072 658 2278 722 αὑτοῦ,
2310 658 2445 712 ἀλλ’
2468 657 2811 721 ἐπήλπισεν
2831 657 2928 710 ἐπὶ
2956 656 3023 710 τὸ
3064 657 3298 724 πλῆθος
3333 658 3441 712 τοῦ
3469 660 3653 713 πλού·

2071 768 2178 803 του
2209 747 2416 813 αὐτοῦ,
2442 766 2496 802 κ.
2534 765 2584 801 τ.
2629 749 2679 802 ὲ.
2717 749 2943 818 Μήποτε
2972 749 3080 802 ἀπὸ
3116 747 3224 818 (26)
3251 747 3359 802 τῶν
3395 749 3654 819 ἡμιόνων,

2071 839 2224 892 νόθου
2259 836 2419 904 ζώου,
2466 837 2738 904 ἐπλούτει,
2775 837 2862 906 ἐφ’
2907 832 2980 892 ὧν
3018 834 3084 908 ἦν
3125 838 3230 890 ὑπὸ
3276 837 3448 892 Σαοὺλ
3488 856 3651 892 κατα.

2074 930 2223 994 στάς.

2155 1019 2300 1089 Ἐγὼ
2325 1019 2394 1072 δὲ
2418 1021 2560 1074 ὡσεὶ
2583 1021 2757 1074 ἐλαία
2777 1021 3159 1089 κατάκαρπος
3181 1021 3252 1074 ἐν
3270 1020 3350 1087 τῷ
3377 1022 3520 1090 οἴκῳ
3547 1021 3654 1077 τοῦ

2074 1111 2242 1174 Θεοῦ,
2279 1129 2333 1165 κ.
2379 1129 2430 1166 τ.
2462 1114 2509 1166 ὲ.
2559 1131 2577 1163 ι
2615 1113 2671 1166 Ὁ
2700 1113 2911 1185 καρπὸς
2939 1113 3049 1185 (27)
3071 1112 3162 1166 τοῦ
3193 1113 3502 1184 πνεύματός
3538 1116 3653 1168 ἐστι

2072 1203 2234 1275 χαρὰ,
2260 1205 2469 1276 εἰρήνη,
2499 1205 2708 1276 ἀγάπη,
2749 1206 3119 1277 μακροθυμία,
3156 1225 3174 1256 ι
3206 1223 3259 1258 κ.
3287 1223 3336 1259 τ.
3373 1208 3418 1259 ἐ.
3454 1206 3654 1260 Τοῦτον

2071 1297 2249 1349 τοίνυν
2299 1296 2390 1349 τὸν
2434 1297 2642 1367 καρπὸν
2671 1297 2807 1367 ἔχων
2862 1299 2917 1350 ὲν
2951 1296 3128 1367 ἐαυτῷ
3161 1299 3188 1350 6
3227 1297 3381 1366 ἅγιος
3433 1298 3652 1366 ἔλεγεν·

2077 1406 2096 1437 ι
2133 1386 2273 1456 Ἐγὼ
2301 1388 2356 1442 δὲ
2384 1389 2514 1440 ὡσεὶ
2535 1388 2689 1440 ἐλαία
2713 1389 3087 1458 κατάκαρπος.
3128 1407 3146 1440 ι
3187 1389 3373 1457 Ἐλαίᾳ
3403 1388 3459 1440 δὲ
3488 1405 3656 1443 κατα.-

2072 1479 2270 1552 κάρπῳ
2295 1483 2470 1551 ὁμοιοῖ
2488 1481 2696 1545 ἑαυτὸν,
2731 1481 2917 1552 ἐπειδὴ
2939 1481 3306 1552 ὲλεημοσύνης
3331 1482 3654 1554 ἐπικρατού-

2074 1590 2172 1643 σης
2217 1573 2275 1624 ὲν
2316 1572 2484 1642 αὐτῷ,
2527 1572 2832 1636 ἀκολούθως
2872 1574 3085 1626 εἵποντο
3125 1575 3181 1626 αἱ
3215 1572 3399 1627 λοιπαὶ
3438 1575 3650 1645 ἀρεταί.

2073 1663 2228 1716 Οὕτω
2247 1664 2338 1717 τὸν
2376 1662 2494 1717 ’1ὼὸ
2519 1663 2759 1735 ἀνδρεῖόν
2803 1681 3002 1735 φαμεν,
3044 1664 3136 1717 καὶ
3170 1665 3262 1717 τὸν
3314 1665 3510 1736 Ἰωσὴφ
3541 1665 3653 1719 σὼ-

2074 1771 2264 1824 φρονα,
2297 1755 2390 1807 καὶ
2417 1756 2542 1817 τοὺς
2568 1754 2786 1818 λοιποὺς
2824 1743 2931 1808 ἀπὸ
2957 1756 3056 1826 τῆς
3091 1755 3494 1828 ἐπικρατούσης
3521 1757 3655 1829 ἀρε-

2073 1847 2171 1915 τῆς
2196 1846 2552 1916 ὀνομάζοντες
2591 1845 2805 1909 αύτούς.

2158 1938 2463 2008 ’Υπομενῶ
2488 1940 2550 1992 τὸ
2580 1938 2765 2008 ὄνομά
2787 1956 2902 1994 σου
2919 1979 2934 2004 ,
2969 1939 3058 1994 ὅτι
3080 1942 3355 2009 χρηστὸν
3373 1941 3657 1995 ἐναντίον

2078 2027 2194 2081 τῶν
2206 2030 2391 2082 ὁσίων
2405 2045 2520 2084 σου
2538 2069 2554 2094 ,
2579 2049 2632 2084 κ.
2653 2049 2702 2084 τ.
2723 2033 2769 2084 ὲ.
2793 2031 3001 2106 ’Ὠσπερ
3021 2033 3080 2086 τὸ
3098 2033 3254 2102 φύσει
3274 2032 3383 2103 (28)
3399 2033 3654 2104 χρηστὸν,

2080 2121 2262 2174 ὁποῖόν
2291 2123 2436 2187 ἐστι,
2469 2122 2707 2176 τοιοῦτον
2741 2123 2833 2176 ἐπὶ
2866 2125 2931 2193 τῇ
2963 2123 3281 2196 ὑγιαινούσῃ
3327 2123 3485 2192 φύσει
3529 2123 3658 2193 φαί-

2083 2230 2232 2266 νεται
2253 2256 2266 2281 ,
2290 2214 2430 2268 οὕτω
2449 2215 2542 2269 καὶ
2572 2215 2632 2268 τὸ
2652 2215 2820 2286 ὄνομα
2846 2216 2940 2270 τοῦ
2970 2217 3103 2271 Θεοῦ
3138 2220 3247 2282 τοῖς
3270 2218 3456 2283 ὁσίοις.

958 2387 1276 2444 PSALMUS
1318 2389 1423 2446 LII.

2637 2399 2934 2454 ’ΨΑΛΜΟΣ
2961 2399 3007 2452 Ν
3013 2399 3088 2451 B'.

476 2481 640 2533 Vsus.
680 2482 729 2534 l.
765 2481 909 2534 Dixit
927 2481 1177 2546 insipiens
1201 2482 1255 2536 in
1285 2483 1440 2537 corde
1475 2500 1594 2552 tuo,
1627 2494 1731 2540 etc.
1761 2486 1978 2558 Cogitat

2152 2488 2335 2546 Εἶπεν
2365 2491 2568 2559 ἄφρων
2601 2491 2670 2544 ἐν
2701 2491 2913 2559 καρδίᾳ
2942 2491 3131 2544 αὐτοῦ
3152 2530 3166 2553 ,
3199 2507 3254 2544 κ.
3284 2507 3335 2543 τ.
3378 2491 3426 2542 ὲ.
3469 2489 3660 2560 Φρονεῖ

403 2574 619 2641 quidem
644 2573 927 2642 insipiens,
969 2588 1074 2627 non
1103 2587 1223 2627 esse
1252 2573 1444 2639 Deum,
1478 2575 1640 2645 idque
1675 2577 1878 2633 idcirco
1923 2580 1975 2633 in

2086 2585 2179 2652 μὲν
2215 2583 2324 2650 (29)
2354 2585 2382 2635 6
2410 2583 2598 2652 ἄφρων
2621 2623 2634 2646 ,
2656 2582 2738 2635 ὃτι
2778 2583 2877 2634 οὐκ
2907 2581 3022 2633 ἔστι
3051 2581 3183 2643 Θεὸς
3207 2620 3221 2644 ,
3267 2580 3355 2632 διὰ
3396 2580 3558 2633 τοῦτο
3597 2582 3657 2634 ἐν

403 2666 570 2721 corde
607 2664 783 2731 dixit;
835 2679 938 2720 non
986 2664 1274 2733 profitetur
1331 2677 1510 2723 autem
1567 2683 1686 2731 ore,
1754 2679 1978 2741 propter

2086 2676 2276 2746 καρδίᾳ
2298 2671 2478 2727 εἶπεν
2519 2676 2615 2743 ούχ
2661 2673 2916 2742 ὁμολογεῖ
2960 2673 3016 2724 δὲ
3053 2671 3131 2740 τῷ
3177 2673 3404 2740 στόματι
3435 2670 3524 2723 διὰ
3565 2671 3657 2724 τὸν

405 2761 680 2815 houninum
750 2761 1015 2814 timorem.
1082 2760 1176 2814 Vel
1234 2761 1460 2830 pepulus
1529 2761 1834 2830 insipiens,
1885 2764 1974 2832 qui

2086 2772 2184 2826 τῶν
2216 2769 2512 2842 ἀνθρώπων
2544 2767 2726 2838 φόϐον.
2759 2769 2832 2820 ’Ἦ
2856 2766 3042 2837 ἄφρων
3073 2766 3101 2817 6
3128 2764 3275 2828 λαὸς,
3313 2764 3372 2828 ὃς
3413 2765 3658 2834 ἀρνεῖται

403 2852 679 2907 Christum
716 2861 873 2920 negat
899 2865 1016 2906 esse
1041 2851 1234 2914 Deum,
1261 2852 1416 2920 juxta
1464 2852 1702 2921 priorem
1736 2855 1804 2909 de
1841 2855 1976 2910 insi-

405 2947 587 3015 piente
619 2943 711 2999 illo
743 2943 1165 3013 expositionem,
1201 2960 1305 2998 non
1333 2959 1453 3010 ore,
1486 2945 1580 2999 sed
1610 2947 1773 3001 corde
1807 2945 1978 3002 fertur

402 3036 606 3100 dicere,
646 3051 751 3091 non
787 3049 906 3090 esse
934 3033 1124 3088 Deum.

2078 2864 2310 2934 Χριστὸν
2341 2857 2480 2916 εἶναι
2509 2861 2672 2924 Θεὸν,
2718 2859 2794 2923 ὡς
2829 2857 2965 2930 πρὸς
2998 2855 3092 2926 τὴν
3130 2855 3402 2926 προτέραν
3431 2854 3656 2924 ἐκδοχὴν

2078 2956 2206 3026 περ).
2232 2955 2488 3025 ἄφρονος,
2527 2953 2588 3004 ού
2640 2950 2904 3020 στόματι,
2948 2946 3084 3000 ἀλλά
3138 2946 3336 3017 καρδίᾳ
3375 2944 3654 3014 λέγεσθαι,

2087 3045 2160 3117 μὴ
2182 3040 2319 3096 εἶναι
2345 3042 2476 3095 Θεὸν
2495 3081 2509 3105 ,
2540 3040 2780 3111 φέρεται.

483 3129 641 3183 Vsus.
680 3128 734 3182 2.
781 3127 900 3181 Non
938 3136 1012 3181 est
1047 3127 1137 3195 qui
1171 3127 1332 3194 faciat
1366 3130 1588 3192 bonum,
1639 3138 1748 3184 etc.
1799 3129 1974 3184 Etiam

2144 3137 2266 3189 Οὐκ
2294 3134 2426 3188 ἔστι
2457 3131 2641 3185 ποιῶν
2687 3128 2942 3199 ἀγαθὸν,
2971 3145 3025 3182 κ.
3057 3146 3107 3182 τ.
3151 3128 3198 3181 ὲ.
3246 3126 3358 3178 Καὶ
3401 3127 3429 3177 6
3468 3121 3658 3193 Σωτὴρ

407 3219 655 3274 Salvator
687 3220 955 3274 dicentem
986 3235 999 3272 :
1041 3236 1060 3269 ι
1085 3217 1226 3284 Quid
1258 3216 1506 3273 faciendo
1529 3220 1694 3275 vitam
1721 3230 1979 3276 aeternam

406 3311 774 3382 possidebo?»
832 3309 1087 3364 erudiens
1145 3308 1482 3375 aitthuid
1549 3325 1634 3366 me
1692 3313 1826 3366 dicis
1880 3312 1981 3367 bo-

404 3421 531 3462 num
565 3405 651 3459 δοῖ
675 3425 693 3455 ι
729 3404 949 3459 Sciebat
974 3405 1120 3460 enim
1149 3420 1252 3458 non
1289 3418 1408 3460 esse
1440 3405 1530 3473 qui
1557 3404 1721 3460 faciat
1758 3407 1980 3461 bonum.

410 3495 663 3551 Fortasse
689 3509 815 3548 vero
860 3494 985 3564 quia
1034 3493 1120 3548 lex
1158 3495 1406 3548 umbram
1467 3494 1630 3547 habet
1678 3493 1982 3549 futurorum

408 3588 673 3642 bonorum
707 3586 774 3653 “,
811 3600 916 3639 non
951 3593 1036 3640 est
1075 3585 1129 3638 in
1174 3585 1276 3639 hac
1308 3586 1418 3638 vita
1450 3585 1539 3652 qui
1567 3583 1733 3639 faciat
1762 3585 1983 3653 bonum,

410 3680 506 3734 sed
549 3689 759 3733 tantum
801 3677 1052 3731 umbram
1105 3676 1253 3730 boni.
1319 3676 1384 3730 Et
1447 3677 1573 3746 quia
1598 3691 1706 3732 non
1770 3687 1855 3732 est
1893 3679 1984 3748 qui

409 3771 580 3825 faciat
624 3770 849 3835 bonum,
897 3767 1208 3835 iucrepalur
1254 3769 1300 3824 is
1341 3769 1432 3836 qui
1472 3768 1652 3822 dixit:
1690 3768 1870 3834 «Quid
1901 3784 1988 3825 me

411 3861 548 3916 dicis
572 3859 814 3915 bonum?
843 3877 861 3910 ι

485 3951 651 4006 Vens.
691 3951 812 4011 5,6.
859 3951 962 4018 Qui
1006 3953 1254 4006 devorant
1295 3951 1493 4018 plebem
1523 3967 1692 4005 meam
1730 3961 1788 4004 ut
1812 3951 1986 4006 cibum

411 4046 585 4112 panis,
620 4044 783 4099 Deum
813 4062 918 4100 non
941 4044 1330 4103 invocaverunt,
1367 4050 1474 4097 etc.
1519 4041 1576 4096 Si
1605 4042 1729 4111 quis
1763 4043 1988 4097 devorat

413 4139 646 4210 aliquem
672 4155 739 4194 ex
765 4139 832 4195 iis
851 4139 945 4209 qui
978 4138 1073 4192 Dei
1103 4146 1263 4204 sunt,
1312 4138 1358 4192 is
1396 4137 1524 4192 licet
1567 4136 1710 4192 dicat
1756 4134 1923 4190 Deum
1956 4149 1986 4188 a

413 4247 472 4288 se
501 4233 764 4297 invocari,
797 4233 972 4302 ipsum
999 4245 1105 4285 non
1154 4229 1409 4284 invocare
1437 4229 1704 4299 arguitur.
1749 4247 1767 4279 ι
1799 4227 1989 4284 Omnis

412 4323 555 4378 enim
581 4323 672 4394 qui
696 4321 1033 4379 invocaverit
1061 4334 1252 4375 nomen
1280 4318 1519 4385 Domini,
1545 4317 1726 4373 salvus
1754 4317 1858 4373 erit
1883 4317 1982 4370 δ’.»

486 4498 650 4552 Vsus.
693 4496 744 4550 ϐ.
785 4496 1048 4561 Quoniam
1077 4493 1212 4547 Dens
1236 4492 1512 4561 dissipavit
1545 4507 1663 4545 ossa
1691 4506 1872 4546 eorum
1897 4492 1988 4559 qui
2021 4481 2065 4538 D

414 4590 710 4643 hominibus
779 4587 1007 4657 placent,
1059 4594 1165 4639 etc.
1233 4582 1347 4637 Non
1403 4584 1446 4637 si
1499 4583 1621 4651 quis
1677 4583 1989 4638 hominibus

418 4683 613 4749 placet,
645 4681 893 4734 humana:
913 4680 1103 4748 gratiae
1127 4686 1373 4746 captator
1396 4683 1498 4730 est.
1529 4671 1641 4728 lmo
1669 4674 1714 4728 si
1738 4673 1862 4743 quis
1886 4673 1989 4729 sibi

2083 3227 2193 3299 (50)
2227 3225 2320 3279 τὸν
2353 3223 2595 3287 εἰπόντα,
2635 3242 2653 3274 ι
2691 3223 2756 3275 Τί
2785 3221 3020 3292 ποιήσας
3043 3217 3186 3289 ζωὴν
3221 3217 3435 3272 αἰώνιον
3469 3214 3660 3285 κληρο-

2083 3321 2339 3391 νομήσω;
2371 3337 2390 3370 ι
2429 3314 2693 3370 νουθετῶν
2725 3331 2858 3385 φησι
2884 3332 2896 3345 ·
2935 3331 2954 3365 ι
2992 3310 3058 3365 Τί
3083 3327 3148 3381 με
3171 3309 3348 3378 λέγεις
3379 3307 3609 3376 ἀγαθόν;
3635 3324 3652 3357 ι

2083 3411 2198 3481 ᾔδει
2230 3409 2360 3478 γὰρ,
2390 3408 2470 3460 ὅτι
2502 3407 2603 3459 οὐκ
2629 3405 2744 3458 ἐστι
2768 3404 2938 3456 ποιῶν
2971 3400 3194 3469 ἀγαθόν.
3225 3399 3378 3469 Τάχα
3397 3397 3453 3450 δὲ
3477 3395 3600 3449 ἐπεὶ
3632 3394 3662 3446 6

2083 3503 2247 3572 νόμος
2281 3499 2439 3553 σκιάν
2464 3497 2577 3568 ἔχει
2612 3496 2719 3549 τῶν
2757 3493 3055 3565 μελλόντων
3081 3488 3335 3558 ἀγαθῶν,
3369 3487 3469 3541 ούκ
3513 3486 3658 3539 ἐστιν

2085 3594 2141 3644 ὲν
2174 3590 2251 3660 τῷ
2276 3589 2374 3660 βίῳ
2409 3588 2577 3642 ποιῶν
2603 3585 2804 3655 ἀγαθὸν
2825 3624 2840 3648 ,
2870 3582 2983 3636 ἀλλ’
3013 3582 3045 3652 ἢ
3075 3582 3184 3651 ἄρα
3226 3577 3383 3632 σκιὰν
3428 3575 3654 3646 ἀγαθοῦ.

2086 3681 2196 3735 Καὶ
2216 3681 2337 3733 ἐπεὶ
2361 3679 2462 3732 οὐκ
2484 3677 2598 3730 ἐστι
2623 3675 2791 3728 ποιῶν
2810 3672 3012 3742 ἀγαθὸν
3032 3711 3047 3735 ,
3075 3671 3392 3740 ἐπιτιμᾶται
3419 3669 3448 3722 6
3467 3663 3657 3731 εἰπὼν,

2093 3793 2110 3824 ι
2139 3773 2206 3825 Τί
2237 3788 2303 3841 με
2333 3770 2511 3838 λέγεις
2545 3767 2775 3836 ἀγαθόν;
2811 3785 2830 3818 ι

2152 3950 2217 4001 οι
2253 3945 2670 4009 κατεσθίοντες
2710 3942 2818 3996 τὸν
2851 3942 3006 3995 λαόν
3041 3955 3160 4009 μου
3190 3935 3417 4006 βρώσει
3455 3935 3662 4003 ἄρτου,

2088 4037 2192 4092 τὸν
2223 4036 2372 4091 Θεὸν
2398 4037 2508 4090 οὐκ
2533 4033 2999 4095 ἐπεκαλέσαντο,
3036 4050 3088 4085 κ.
3125 4050 3174 4084 τ.
3212 4032 3257 4084 ὲ.
3295 4029 3362 4082 Et
3385 4047 3468 4092 τις
3497 4029 3665 4082 ἐσθίει

2090 4129 2202 4202 (51)
2228 4127 2349 4181 τινὰ
2374 4127 2481 4180 τῶν
2521 4125 2630 4179 ἀπὸ
2659 4124 2754 4178 τοῦ
2797 4122 2928 4177 λαοῦ
2978 4122 3072 4176 τοῦ
3104 4120 3238 4175 Θεοῦ
3259 4161 3272 4186 ,
3310 4122 3516 4183 ἐκεῖνος
3563 4118 3666 4172 κάν

2088 4221 2219 4291 λέγῃ
2256 4218 2626 4272 ἐπικαλεῖσθαι
2665 4217 2755 4270 τὸν
2798 4215 2964 4280 Θεὸν,
3017 4213 3299 4284 ἐλέγχεται
3346 4211 3419 4284 μὴ
3469 4213 3668 4264 ἐπικα-

2088 4313 2346 4384 λούμενος
2376 4311 2554 4365 αύτόν.
2588 4328 2605 4360 ι
2641 4310 2753 4372 Πᾶς
2772 4308 2880 4379 γὰρ
2899 4307 2959 4371 ὃς
2983 4305 3374 4377 ἐπικαλέσηται
3401 4304 3461 4357 τὸ
3497 4303 3670 4373 ὖνομα

2089 4404 2333 4476 Κυρίου,
2371 4400 2694 4471 σωθήσεται.
2735 4417 2753 4449 ι

2166 4497 2294 4548 Ὅτι
2317 4497 2348 4547 ὁ
2368 4491 2511 4557 Θεὸς
2522 4491 2943 4557 διεσκόρπισεν
2955 4485 3105 4540 ὀστᾶ
3127 4482 3666 4553 ἁνθρωπαρέο-κων,

2097 4604 2152 4640 κ.
2180 4603 2229 4638 τ.
2262 4587 2306 4637 ἐ.
2345 4584 2459 4636 Οὐκ
2486 4581 2537 4635 εἰ
2578 4597 2661 4643 τις
2688 4578 2996 4650 ἀνθρώποις
3036 4577 3143 4646 (52)
3175 4575 3431 4647 ἀρέσκει,
3463 4573 3671 4644 ἀνθρω-

2097 4673 2373 4746 πάρεσκός
2414 4675 2559 4725 ἐστιν
2587 4687 2599 4701 ·
2639 4667 2773 4723 ἀλλὰ
2811 4669 2906 4721 καὶ
2953 4666 3290 4736 προθέμενός
3338 4681 3422 4727 τις
3459 4661 3672 4735 ἀνθρώ-

487 4797 530 4827 ³⁹
559 4793 734 4849 Galat.
764 4809 816 4858 ιν,
849 4794 940 4847 22.
1016 4791 1060 4823 ⁴⁰
1088 4791 1220 4847 Luc.
1247 4807 1399 4857 xvm,
1426 4790 1512 4844 18.
1588 4791 1631 4828 ιι
1664 4788 1826 4845 Hebr.
1857 4805 1911 4856 ιι,
1957 4789 1979 4843 1

2086 4793 2127 4821 δ’
2155 4789 2310 4842 Rom.
2341 4805 2394 4853 ς,
2426 4789 2510 4842 i5.

488 4889 600 4957 (26)
627 4887 870 4953 Μήποτε
897 4888 1035 4951 ἀπό,
1065 4899 1172 4942 etc.
1199 4887 1364 4941 Idem.

489 4955 602 5024 (‘27)
641 4957 703 5009 Ὀ
729 4959 974 5023 καρπός,
1012 4967 1117 5010 etc.
1163 4958 1389 5012 Schedte
1428 4955 1635 5009 Grabii.

488 5029 620 5152 ('28)l
642 5029 870 5094 ’Ὠσπερ
895 5028 961 5081 τὸ
991 5028 1192 5096 φύσει,
1248 5037 1353 5082 etc.
1400 5026 1584 5082 Codex
1631 5023 1992 5080 Coisliniauus

488 5115 582 5152 cun
628 5113 708 5151 us.

419 5113 708 5157 εεςιιιιαιιε.

491 5169 603 5238 (‘29)
635 5166 848 5238 Φρονεῖ
865 5166 1001 5238 μέν,
1033 5178 1139 5223 etc.
1177 5168 1378 5238 Catena
1409 5164 1674 5220 Corderii.

492 5237 604 5312 (ξθ)
633 5237 744 5312 Καὶ
775 5240 806 5290 ό
830 5237 1052 5312 Σωτήρ,
1086 5237 1444 5312 etc.__Ea_dem;

492 5304 697 5382 (51)Εἷ
709 5325 800 5373 τις
819 5304 1026 5372 ἐσθίει,
1054 5319 1156 5363 etc.
1197 5306 1375 5361 Codex
1407 5304 1770 5361 Coisliuianus
1803 5317 1999 5358 secun-

423 5385 544 5437 tius.

495 5451 607 5519 (δί)
661 5451 783 5519 Οὐκ
834 5451 890 5502 εἴ
947 5465 1037 5513 τις
1092 5444 1444 5513 ἀνθρώποις,
1481 5451 1587 5499 etc.
1620 5443 1765 5519 Idem
1806 5443 1998 5498 codex.

423 5515 942 5576 Ptvrro'ltttticlocuttt
961 5521 1006 5572 si
1040 5534 1144 5572 non
1171 5519 1236 5570 ad
1256 5519 1499 5580 verbum,
1522 5525 1672 5568 certe
1689 5515 1754 5568 ad
1778 5528 1999 5567 sensum

425 5590 706 5646 transtulit
735 5589 994 5654 Hilarius,
1020 5587 1256 5642 Tractat.
1279 5586 1331 5637 in
1359 5583 1618 5654 psalmum
1637 5600 1733 5646 ιιι,
1760 5599 1884 5654 pag.
1904 5583 1992 5637 90.

431 5682 452 5714 ι
484 5661 559 5714 lix
595 5661 703 5713 Deo
732 5660 904 5727 magis
933 5673 1093 5727 quam
1118 5657 1170 5710 in
1202 5653 1581 5727 contumeliam
1601 5654 1732 5727 Dei,
1757 5653 1993 5707 homini-

429 5734 528 5785 bus
563 5740 640 5784 est
677 5725 1018 5796 placendum,
1061 5735 1117 5780 ut
1149 5741 1244 5796 per
1273 5726 1451 5778 divina
1488 5725 1730 5796 instituta
1785 5733 1994 5796 et_pro-

429 5802 650 5854 bitatem
679 5793 854 5851 fidelis
886 5798 1005 5850 vitae
1033 5793 1442 5866 innocentisque
1475 5795 1772 5866 placentur.
1815 5793 1990 5866 Caete-

431 5885 549 5924 rum
581 5869 798 5937 placcrc
834 5876 1042 5922 tantum
1096 5863 1406 5921 hominibus
1436 5864 1589 5934 velle,
1627 5863 1738 5920 Dee
1768 5875 1852 5920 est
1882 5864 1994 5919 dis-

2138 4887 2320 4955 licere,
2368 4882 2483 4937 Non
2533 4890 2723 4936 avocat
2784 4875 3431 4955 autem‘abuhominum
3490 4872 3666 4955 gratia

2146 4970 2243 5010 eus
2293 4951 2560 5021 iustorum
2616 4959 2823 5021 mentes
2873 4959 2928 5004 et
2985 4946 3227 5021 ﬁdelium
3289 4942 3668 5021 rationabilem

2099 5012 2468 5080 sanctitatem.
2495 5022 2561 5074 Et
2588 5020 2870 5074 audiamus
2895 5031 3151 5091 eum_per
3177 5015 3414 5091 Paulum
3443 5012 3673 5091 loquem-

2103 5105 2208 5148 tem
2242 5110 2256 5146 :
2289 5093 2414 5148 Sine
2464 5091 2751 5160 offensione
2789 5097 2951 5142 estote
3009 5082 3216 5160 Judwis
3251 5082 3572 5160 rt__Grcecis,
3621 5091 3671 5134 et

2101 5163 2354 5219 Ecclesia:
2397 5152 2523 5225 Dei:
2565 5160 2718 5214 sicuti
2748 5169 2794 5212 et
2825 5173 2918 5226 ego
2949 5158 3127 5210 omnia
3179 5155 3416 5226 ontnibus
3469 5152 3672 5226 placeo,

2103 5251 2208 5289 non
2233 5247 2472 5303 qnwrens
2493 5221 2792 5303 quodntihi
2824 5221 2952 5280 utile
2980 5227 3075 5303 sit,
3105 5224 3358 5303 sedquod
3390 5221 3674 5303 multorum

2101 5314 2200 5368 est,
2241 5291 2295 5356 ut
2328 5291 2613 5356 calcentur.
2647 5297 2757 5371 Hoc
2783 5307 2866 5371 est
2897 5312 3001 5371 non
3061 5294 3372 5371 hominibus
3421 5291 3514 5371 sed
3562 5292 3671 5371 Deo

2143 5363 2337 5436 Iacere,
2371 5387 2491 5425 cum
2529 5386 2622 5439 per
2651 5368 2704 5424 id
2729 5367 2870 5436 quod
2897 5366 3006 5420 Deo
3038 5366 3303 5439 placetur,
3358 5371 3412 5416 et
3441 5363 3675 5439 hemini-

2143 5390 2337 5436 Iacere,
2371 5390 2491 5425 cum
2529 5390 2622 5439 per
2651 5390 2704 5424 tu
2729 5390 2870 5436 quuu
2897 5390 3006 5420 ucu
3038 5390 3297 5434 placetur,
3358 5390 3412 5416 ut
3441 5390 3673 5414 ιιυιιιιιιι-

2104 5390 2205 5499 Bus
2239 5444 2311 5496 sit
2346 5441 2707 5510 placendum.)
2741 5439 2819 5492 Ex
2851 5451 3015 5510 causa
3043 5436 3206 5510 enim
3255 5431 3500 5510 placendi
3543 5430 3673 5510 Deo,

2105 5528 2266 5568 causa
2294 5500 2456 5566 etiam
2489 5509 2799 5564 hominibus
2831 5505 3130 5578 probabilis
3163 5503 3221 5556 fit
3252 5500 3520 5578 placendi.
3551 5500 3674 5553 Cae-

2106 5593 2278 5638 terqu
2309 5581 2568 5643 studium,
2599 5579 2738 5648 quod
2768 5569 3175 5648 ut'boutlnibus
3206 5569 3414 5648 tantum
3457 5569 3676 5640 placea-

2104 5664 2190 5708 tur
2219 5641 2567 5721 impenditur,
2601 5641 2666 5702 ad
2698 5650 2749 5702 id
2772 5647 2916 5716 quod
2943 5646 3050 5698 Deo
3084 5641 3403 5721 placendum
3435 5648 3542 5721 est,
3567 5651 3675 5691 non

2102 5709 2337 5779 refertu'r
2376 5739 2390 5774 :
2433 5709 2564 5789 quia
2589 5709 2804 5772 tantum'
2829 5730 3017 5771 eorum
3069 5709 3230 5770 causa
3259 5712 3455 5782 quibus
3489 5709 3674 5781 place-

2102 5804 2188 5849 tur
2216 5791 2522 5858 adhibetur,
2563 5814 2578 5844 »
2609 5800 2712 5848 etc.
