4110 6408
428 373 557 426 lilii

1397 365 1710 423 SELECTA
1751 369 1814 422 IN
1860 370 2198 426 PS:\I.MOS.
2241 403 2307 411 ——
2350 371 2546 426 I’S.\I..
2592 371 2721 426 LIII.

3555 383 3574 437 Ι
3591 379 3696 437 46?.

424 512 544 558 ποις
573 492 696 547 ἔσθ’
741 493 829 546 ὅτε
862 492 1117 563 ἀρέσκειν
1141 531 1154 554 ,
1198 491 1548 564 καθηκόντως
1591 495 1722 548 αὐτὸ
1762 499 2000 566 ποιήσει,

2112 498 2364 566 proponit
2413 497 2727 551 hominibus
2775 497 3051 552 interdum
3099 498 3332 566 placere,
3381 499 3506 568 jure
3561 503 3691 556 illud

427 587 520 642 καὶ
546 587 644 640 οὐκ
676 585 1136 657 ἀνθρωπάρεσκος
1168 585 1338 638 ἔσται.
1385 587 1442 638 Ὀ
1469 585 1598 653 γοῦν
1643 585 1852 650 Παῦλος
1898 606 2003 660 φη·-

428 695 512 733 σιν
529 694 540 708 ·
566 699 584 729 ι
629 679 992 750 Ἀπρόσκοποι
1015 679 1108 732 καὶ⁵
1133 679 1409 741 Ἰουδαίοις
1433 679 1646 746 γίνεσθε
1664 681 1757 734 καὶ
1772 683 1836 751 τῇ
1880 682 2004 735 Ἐκ-

426 769 624 842 κλησίᾳ
651 769 744 823 τοῦ
772 770 906 823 Θεοῦ
925 811 939 834 ,
967 768 1149 833 καθὼς
1179 768 1337 838 κάγὼ
1367 771 1545 822 πάντα
1569 772 1731 823 πᾶσιν
1760 771 2002 842 ἀρέσκω,

426 862 502 932 μὴ
537 861 716 933 ζητῶν
738 862 797 914 τὸ
833 863 1070 932 ἐμαυτοῦ
1099 862 1374 933 συμφέρον
1399 903 1413 925 ,
1457 862 1591 914 ἀλλὰ
1635 863 1693 916 τὸ
1735 863 1842 916 τῶν
1888 865 2007 918 πολ⁹

424 953 672 1016 λῶν,ῖνα
725 953 986 1008 σωθῶσιν.
1026 975 1044 1004 ι
1101 952 1239 1005 Ἀλλ’
1273 954 1326 1006 εἷ
1360 972 1443 1017 τις
1498 954 1811 1024 προτίθεται
1855 955 2004 1009 οὐδὲν

423 1045 551 1098 ἄλλο
582 1045 614 1116 ἢ
648 1044 952 1115 ἀνθρώποις
991 1045 1278 1117 ἀρέσκειν,
1307 1045 1340 1115 ἦ
1391 1044 1588 1114 μᾶλλον
1637 1045 1942 1116 ἀνθρώποις
1969 1045 2002 1116 ἢ

422 1133 572 1205 Θεῷ·
607 1135 700 1187 καὶ
756 1135 952 1206 ἐπίσης
998 1134 1306 1207 ἀνθρώποις
1359 1137 1451 1188 καὶ
1492 1135 1642 1205 Θεῷ,
1677 1135 1793 1188 δέον
1846 1137 2005 1206 μόνον

609 1228 752 1280 ὥστε
783 1226 851 1279 δι’
887 1229 1092 1280 ἐκεῖνον
1128 1225 1372 1295 γίνεσθαι
1419 1227 1512 1279 καὶ
1552 1227 1639 1291 τὸ,
1669 1227 2001 1298 ἀνθρώποις·

422 1323 510 1374 ὅτε
536 1318 693 1372 τοῦτο
718 1322 888 1372 ποιεῖν
920 1321 1064 1388 αἱρεῖ
1090 1319 1249 1386 λόγος
1271 1359 1284 1379 ,
1315 1320 1518 1381 ἐκεῖνος
1545 1319 2006 1391 ἁνθρωπάρεσκος

423 1412 596 1467 ἔσται.
635 1413 726 1464 Δεῖ
754 1411 808 1463 δὲ
840 1411 931 1463 ἐπί
965 1428 1125 1463 τινων
1156 1411 1533 1482 σκοπήσαντα,
1568 1412 1649 1463 ὅτι
1669 1411 1766 1481 οὐχ
1807 1407 1916 1463 οἶόν
1946 1427 2005 1462 τε

423 1505 540 1558 τόδε
561 1521 614 1556 τι
645 1501 1020 1575 διαπράξαντα
1052 1504 1084 1574 ἢ
1117 1504 1340 1556 εἰπόντα
1361 1546 1374 1568 ,
1413 1505 1503 1556 καὶ
1525 1503 1642 1574 Θεῷ
1677 1506 1769 1558 καὶ
1799 1503 2006 1575 ανθρώ-

425 1613 545 1658 ποις
576 1595 802 1665 ἀρέσαιι
832 1596 1247 1667 καταφρονῆσαι
1292 1596 1388 1666 μὲν
1421 1597 1514 1648 τοῦ
1548 1597 1743 1668 ἀρέσαι
1773 1601 1884 1662 τοῖς
1913 1597 2005 1651 ἀν-

423 1687 663 1758 Θρώποις
684 1729 698 1751 ,
727 1687 942 1742 ἑλέσθαι
966 1688 1021 1741 δὲ
1047 1689 1107 1740 τὸ
1139 1689 1333 1760 ἀρέσαι
1365 1689 1440 1759 τῷ
1475 1690 1614 1760 Θεῷ.

526 1779 621 1844 Τίς
667 1778 845 1832 δώσει
900 1779 968 1832 ἐκ
1028 1778 1181 1832 Σιὼν
1234 1781 1344 1851 (55)
1414 1780 1478 1833 τὸ
1537 1780 1832 1850 σωτήριον
1899 1783 2004 1836 τοῦ

2111 589 2294 655 faciet,
2327 606 2424 644 nec
2458 591 2703 644 Ιιιιιιιιιιιειι
2738 591 2926 659 gratiae
2956 601 3198 659 captator
3235 592 3359 646 erit.
3416 593 3690 660 Quamob‘

2113 698 2224 737 rem
2258 682 2458 738 Paulus
2493 682 2625 736 dicit
2658 703 2668 738 :
2709 701 2726 732 ι
2771 682 2899 737 Sine
2949 683 3247 738 ollensione
3300 694 3474 740 estote
3508 697 3559 739 et
3596 685 3692 739 Ju-

2109 772 2239 828 daais
2272 783 2324 827 et
2360 773 2614 826 Ecclesia
2655 773 2746 827 Dei
2790 793 2801 827 :
2838 774 2980 828 sicut
3010 784 3065 828 et
3099 791 3200 845 ego
3238 791 3334 846 per
3362 777 3543 830 omnia
3573 792 3694 831 omo

2109 865 2268 920 nibus
2297 865 2483 934 placeo
2505 905 2520 929 ,
2555 880 2660 918 non
2691 882 2942 934 qumrens
2969 869 3109 934 quod
3143 868 3270 920 mihi
3305 867 3433 921 utile
3459 876 3560 934 est,
3595 871 3691 922 sed

2109 956 2251 1026 quod
2290 956 2491 1021 multis,
2525 965 2582 1010 ut
2611 958 2745 1012 salvi
2805 959 2937 1012 ﬁant
2977 959 3042 1012 “.
3070 979 3086 1010 ι
3143 959 3248 1014 Sed
3293 961 3335 1015 si
3386 961 3509 1030 quis
3556 961 3690 1015 nihil

2110 1045 2254 1098 aliud
2283 1046 2382 1098 sibi
2417 1049 2710 1115 proponit,
2760 1063 2919 1115 quam
2975 1049 3284 1105 hominibus
3320 1049 3554 1118 placere,
3607 1054 3691 1106 vel

2111 1139 2280 1206 magis
2317 1139 2624 1194 hominibus
2656 1155 2818 1209 quam
2843 1140 2972 1203 Deo,
2999 1141 3078 1193 vel
3111 1156 3263 1211 mque
3297 1141 3602 1196 hominibus
3628 1159 3691 1192 ac

2112 1231 2218 1285 Deo
2244 1230 2478 1298 placere,
2513 1245 2634 1284 cum
2665 1231 2762 1285 soli
2793 1231 2899 1286 Deo
2931 1232 3164 1300 placere,
3191 1249 3289 1288 nec
3327 1233 3428 1287 nisi
3471 1242 3692 1302 prapter

2109 1321 2284 1392 ipsum
2303 1325 2595 1378 humanam
2625 1325 2854 1394 gratiam
2879 1338 3100 1395 captare
3114 1328 3332 1390 debeat.
3362 1328 3466 1384 iste
3495 1329 3692 1382 huma-

2109 1431 2190 1470 [ιω
2215 1416 2401 1484 gratiae
2424 1423 2667 1484 captator
2701 1418 2866 1488 728
2890 1421 3014 1473 erit.
3041 1418 3139 1485 Qui
3163 1429 3342 1474 autem
3383 1420 3693 1474 considera-

2108 1512 2249 1565 verit
2270 1512 2540 1566 interdum
2567 1513 2681 1566 ﬁeri
2707 1529 2811 1566 non
2845 1529 3003 1582 posse
3036 1525 3092 1568 ut
3122 1515 3238 1570 lucc
3264 1514 3349 1570 vel
3375 1516 3463 1570 illa
3485 1515 3692 1570 faciens

2108 1619 2200 1664 aut
2216 1611 2420 1676 dicens,
2437 1613 2545 1667 Deo
2561 1613 2719 1670 silqu
2737 1623 2788 1668 et
2805 1614 3114 1670 hominibus
3131 1614 3356 1682 placeat,
3378 1623 3598 1665 necesse
3610 1621 3694 1660 est

2109 1713 2168 1758 ut
2192 1704 2500 1760 hominibus
2527 1705 2739 1773 placere
2766 1706 3026 1776 negligat,
3049 1715 3102 1758 et
3129 1705 3291 1774 eligat
3321 1703 3430 1755 Deo
3454 1699 3690 1768 placere.

2185 1796 2343 1850 Vens.
2387 1797 2438 1850 7.
2483 1797 2616 1864 Quis
2641 1799 2783 1852 dabit
2809 1815 2873 1853 ea:
2912 1797 3045 1853 Sion
3067 1796 3306 1851 salutare
3335 1790 3552 1846 Israel?
3581 1798 3690 1843 etc.

433 1869 702 1939 'lopaIM,’
735 1890 786 1924 κ.
818 1889 867 1925 τ.
903 1873 949 1924 ἐ.
987 1891 1004 1922 ι
1049 1870 1210 1937 ’Ἥξει
1253 1874 1318 1926 ἐκ
1347 1872 1485 1926 Σιὼν
1524 1876 1551 1927 ό
1593 1874 1886 1945 ῥυόμενος,
1915 1875 2005 1927 καὶ

2117 1908 2134 1940 ι
2164 1887 2358 1943 Veniet
2401 1905 2467 1946 ex
2511 1891 2642 1945 Sion
2676 1890 2927 1946 Salvator
2957 1899 3012 1945 ct
3044 1896 3250 1942 avertet
3294 1885 3603 1952 impietales
3625 1879 3693 1930 ab

420 1963 754 2034 ἀποστρέψει
796 1964 1050 2029 ἀσεϐείας
1098 1965 1206 2018 ἀπὸ
1248 1963 1458 2019 Ἰακώϐ.
1497 1986 1514 2018 ι
1566 1966 1724 2020 Ἀλλά
1760 1967 1853 2019 καὶ
1885 1969 2006 2029 ταῖς

420 2055 521 2126 ἠδη
545 2056 1098 2125 αἰχμαλωτισθείσαις
1139 2058 1272 2112 δέκα
1307 2059 1503 2128 φυλαῖς
1539 2058 1702 2111 δώσει
1736 2058 2004 2129 σωτηρίαν

420 2145 514 2198 καὶ
541 2145 820 2200 ἐπάνοδον.
871 2147 1028 2200 Ἀλλά
1075 2149 1160 2212 τίς
1188 2147 1348 2202 δώσει
1378 2149 1469 2201 τὸν
1507 2148 1739 2218 Χριστὸν
1791 2148 1916 2200 ἰδεῖν
1947 2147 2006 2198 τὸ

417 2235 513 2290 τοῦ
540 2237 730 2307 νοητοῦ
766 2228 981 2310 Ἰσραὴλ
1013 2241 1282 2310 σωτήριον

985 2422 1280 2475 ΨΑΛΜΟΣ
1319 2421 1444 2476 NF'.

503 2515 564 2567 '0
597 2515 762 2582 Θεὸς,
788 2516 858 2569 ἐν
890 2513 969 2581 τῷ
998 2516 1244 2584 ὀνόματί
1265 2532 1382 2570 σου
1408 2515 1616 2570 σῶσόν
1647 2533 1724 2584 με
1743 2556 1757 2579 ,
1787 2533 1840 2568 κ.
1874 2533 1922 2567 τ.
1958 2517 2004 2570 ἐ.

424 2607 656 2678 Εῠχεται
708 2609 816 2679 (54)
871 2608 976 2672 ἕως
1025 2607 1162 2670 τοῦ,
1233 2607 1512 2663 «ἐνώπιον
1557 2607 1760 2663 αὐτῶν.
1795 2627 1814 2658 ι
1875 2603 2010 2660 Εἶτα

419 2698 780 2768 ἐνεστηκυίας
826 2696 976 2767 αὐτῷ
1016 2697 1272 2768 βοηθείας
1315 2697 1671 2766 αίσθόμενος,
1711 2697 1874 2750 οἱονεὶ
1899 2695 2010 2750 δεί-

417 2808 605 2846 κνυσιν
635 2793 804 2862 αὐτὴν
835 2794 892 2844 ἐν
925 2791 1003 2862 τῷ
1025 2807 1038 2820 °
1079 2810 1096 2842 ι
1139 2791 1268 2844 Ἰδοὺ
1292 2792 1321 2844 ό
1348 2791 1481 2854 Θεὸς
1507 2790 1692 2862 βοηθεῖ
1721 2808 1832 2861 μοι,
1869 2810 1886 2842 ι
1919 2791 2012 2843 καὶ

415 2883 494 2954 τῷ
527 2883 652 2954 ἑξῆς
683 2884 776 2937 καὶ
802 2883 878 2952 τῷ
911 2883 1030 2953 μετ’
1063 2883 1246 2935 αὐτόν.
1283 2875 1417 2935 Εἶτα
1447 2882 1573 2951 περί
1601 2899 1761 2935 τινων
1787 2880 2006 2952 εὔχεται

419 2975 802 3044 ἐντυγχάνειν,
859 2973 1326 3043 ἐπαγγελλόμενος
1385 2973 1629 3026 ἑκούσιον
1685 2975 1777 3026 ἐπὶ
1831 2973 2005 3044 τούτῳ

425 3065 636 3120 θυσίαν.
670 3062 781 3118 Εἶτ’
817 3066 1131 3136 εὐχαριστεῖ
1157 3064 1596 3129 ἀνταποδοτικῶς
1642 3064 1752 3118 τῶν
1784 3066 2008 3134 εἰρημέ-

417 3177 525 3212 νων
560 3159 617 3210 ἐν
655 3159 720 3228 τῇ
757 3157 888 3226 εὐχῇ
923 3155 1014 3208 καλ⁷
1049 3154 1326 3219 ἐντεύξει·
1364 3156 1456 3208 καλ⁸
1491 3157 1624 3224 πρὸς
1649 3155 1733 3218 τὸ,
1771 3175 1789 3207 ι
1821 3155 1910 3208 Ἐν
1937 3157 2004 3226 τῇ

2111 1977 2280 2033 Jacob
2309 1979 2374 2033 ”.
2409 2001 2425 2031 ι
2473 1981 2613 2048 Quin
2657 1990 2711 2036 et
2751 1981 2804 2036 in
2844 1980 3216 2052 captivitatem
3263 1975 3469 2030 abactis
3507 1973 3690 2026 decem

2115 2069 2363 2124 tribubus
2392 2071 2536 2125 dabit
2570 2071 2798 2126 salutem
2826 2080 2880 2125 et
2908 2071 3167 2126 reditum.
3223 2067 3327 2122 Sed
3379 2063 3500 2135 quis
3545 2062 3696 2115 dabit

2115 2162 2306 2217 videre
2334 2164 2610 2221 Christum
2647 2166 2913 2238 spiritalis
2941 2165 3108 2221 Israel
3137 2163 3475 2220 Salvatorcm
3499 2159 3523 2213 1’

2651 2422 2969 2478 PSALMUS
3024 2421 3151 2477 LIII.

2186 2519 2350 2574 Vens.
2389 2521 2442 2574 5.
2470 2519 2630 2585 Deus,
2661 2517 2712 2570 in
2743 2517 2952 2570 nomine
2982 2526 3072 2569 tuo
3104 2515 3304 2569 solrum
3337 2532 3416 2568 me
3441 2517 3548 2583 I’ac,
3586 2522 3692 2569 etc.

2117 2611 2376 2665 Precatur
2417 2624 2588 2677 usque
2620 2609 2684 2663 ad
2726 2609 2812 2664 illa
2856 2607 3012 2661 verba
3051 2625 3063 2660 :
3107 2625 3124 2657 ι
3157 2607 3293 2660 Ante
3343 2613 3694 2674 conspectum

2116 2717 2340 2756 suum.»
2400 2700 2600 2755 Deinde
2638 2700 2937 2754 adveniens
2983 2699 3083 2754 sibi
3129 2697 3388 2752 auxilium
3433 2695 3697 2759 sentiens,

2115 2793 2516 2860 quodammodo
2585 2793 2823 2847 ostendit
2892 2791 3022 2845 illud
3097 2791 3182 2845 his
3238 2788 3467 2844 verbis:
3507 2784 3701 2842 «Ecce

2115 2883 2255 2937 Deus
2276 2884 2497 2951 adjuvat
2525 2899 2630 2948 me,
2657 2902 2674 2932 ι
2698 2893 2750 2936 et
2778 2882 3131 2951 sequentibus
3155 2881 3364 2935 duolms
3393 2877 3695 2934 versiculis.

2116 2975 2308 3029 Postea
2340 2976 2586 3045 qumdatn
2623 2985 2876 3043 precatur
2896 2973 2998 3027 sibi
3025 2971 3328 3041 obtingere,
3355 2985 3452 3039 pro
3485 2969 3696 3038 illisque

2113 3068 2382 3137 promittit
2409 3069 2772 3123 voluntarimn
2802 3067 3150 3122 sacriﬁcium.
3182 3065 3424 3119 Tandem
3461 3077 3559 3132 pro
3586 3062 3698 3117 illis

2113 3177 2232 3229 quat:
2265 3161 2316 3214 in
2348 3162 2598 3216 oratione
2628 3169 2680 3214 ct
2706 3160 3088 3215 obsecratione
3117 3159 3256 3211 dirta
3280 3164 3428 3218 sunt,
3453 3165 3694 3208 nmtnam

417 3251 646 3323 ἀληθείᾳ
697 3268 789 3304 σου
836 3250 1214 3322 ἐξολόθρευσον
1244 3249 1463 3313 αὐτοὺς,
1502 3268 1520 3300 ι
1558 3248 2003 3302 ἀνταποδίδωσιν’

2113 3253 2412 3324 gratiarum
2461 3251 2732 3305 actionem
2791 3250 3063 3319 rependit,
3127 3258 3181 3301 et
3241 3247 3306 3300 ad
3375 3245 3504 3299 illud
3540 3263 3551 3297 :
3588 3262 3605 3294 ι
3639 3244 3692 3296 In

422 3361 442 3394 ε
499 3344 587 3398 Ἑν
613 3345 725 3406 τοῖς
747 3342 961 3415 ἐχθροῖς
991 3361 1092 3413 μου
1116 3341 1326 3395 ἐπεῖδεν
1359 3344 1387 3395 ὁ
1410 3341 1685 3412 ὀφθαλμός
1710 3359 1831 3412 μου.
1871 3361 1888 3392 ι

506 3521 660 3576 Ἰδοὺ
690 3523 797 3590 γὰρ
839 3525 872 3576 ό
903 3523 1045 3589 Θεὸς
1080 3522 1298 3590 ,Βοηθεῖ
1322 3541 1424 3593 μοι
1447 3563 1460 3585 .
1496 3542 1550 3578 κ.
1580 3541 1631 3578 τ.
1667 3525 1711 3576 ἐ.
1749 3523 2007 3578 Αίσθεται

418 3616 793 3679 εἰσακουσθεὶς
812 3615 924 3687 (55)
951 3617 1041 3669 καὶ
1059 3617 1208 3686 λέγει
1241 3617 1413 3670 ταῦτα
1437 3616 1525 3670 διὰ
1556 3617 1722 3688 μέσου
1741 3616 1848 3670 τῶν
1872 3617 2007 3689 πρὸς

415 3708 549 3761 Θεὸν
572 3707 968 3776 συναφθέντωψ
991 3711 1088 3761 Ἂν
1103 3709 1276 3772 οὕτως
1293 3709 1544 3781 κραταιοὶ
1566 3729 1583 3760 ι
1615 3708 1888 3781 ἐζήτησαν
1911 3708 2008 3777 τὴν

416 3797 596 3870 ψυχήν
621 3816 741 3870 μου,
773 3800 866 3852 καὶ
886 3801 946 3852 οὑ
971 3799 1260 3870 προέθεντο
1281 3801 1368 3855 τὸν
1391 3801 1523 3854 Θεὸν
1543 3800 1772 3855 ἐνώπιον
1797 3802 1999 3869 αὐτῶν,

419 3893 477 3943 ἐν
497 3894 562 3962 τῇ
596 3891 825 3962 ἀληθεία
857 3909 948 3944 σου
979 3891 1359 3966 ἐξολόθρευσον
1389 3893 1606 3956 αὐτούς.
1648 3913 1666 3945 ι
1706 3893 1909 3963 Βοηθὸν
1950 3895 2007 3946 δὲ

420 3981 562 4052 ἔχειν
584 3983 836 4053 ὁμολογεῖ
864 3984 1005 4054 τάχα
1031 3983 1123 4037 τὸν
1155 3983 1376 4055 Πατέρα
1402 3985 1495 4038 καὶ
1513 3984 1715 4055 Κύριον
1749 3985 2009 4055 ἀντιλαμ-

420 4075 721 4144 ϐανόμενον
764 4076 861 4146 τῆς
904 4076 1082 4146 ψυχῆς
1125 4076 1289 4129 αὐτοῦ
1311 4116 1326 4139 ,
1359 4077 1445 4128 ἵνα
1480 4076 1612 4150 εἴπῃ
1639 4076 1729 4130 τὸν
1757 4077 1884 4130 Υίὸν
1904 4116 1918 4139 ,
1949 4075 2008 4140 ὃς

421 4167 757 4240 ἀποστρέψει
791 4169 858 4220 τὰ
880 4167 1029 4222 κακὰ
1061 4171 1174 4232 τοῖς
1215 4168 1432 4240 ἐχθροῖς
1465 4185 1589 4240 μου.
1628 4170 1694 4222 ’Ἀ
1737 4167 1846 4240 γὰρ
1876 4168 2007 4221 ἐπά-

420 4278 538 4328 γειν
564 4279 654 4331 μοι
684 4261 1033 4333 βεϐούληνται
1071 4262 1388 4324 κακωτικὰ,
1422 4261 1592 4315 ταῦτα
1640 4263 1774 4333 πρὸς
1811 4261 2008 4324 αὐτοὺς

420 4352 780 4424 ἀναστρέψει,
817 4351 958 4406 οὕτω
987 4350 1080 4406 τοῦ
1117 4350 1252 4404 Θεοῦ
1302 4353 1598 4422 κρίνοντος.
1649 4353 1836 4424 Τούτῳ
1885 4370 2007 4406 συνο

421 4445 537 4515 ᾴδει
568 4445 628 4498 τὸ
651 4484 666 4508 ,
701 4464 719 4498 ι
749 4447 1020 4515 Ποιήσατε
1056 4443 1246 4514 αὐτὴν,
1277 4443 1334 4496 ὃν
1364 4443 1560 4514 τρόπον
1591 4446 1886 4516 ἐποιήσατε
1917 4446 2008 4498 τὸν

423 4536 696 4590 πλούσιον.
729 4557 748 4588 ι
797 4537 908 4590 Καὶ
945 4536 1182 4595 τούτων,
1219 4536 1385 4605 φησὶ,
1440 4535 1865 4608 συμϐεϐηκότων
1911 4536 2008 4589 αὑ-

2111 3343 2340 3397 veritate
2372 3351 2462 3396 tua
2496 3341 2748 3410 disperde
2777 3341 2917 3404 illos,
2951 3360 2968 3391 ι
3019 3339 3238 3409 respicit
3271 3339 3458 3390 dicens
3489 3351 3502 3387 :
3538 3354 3557 3387 ι
3588 3335 3696 3388 Su-

2110 3449 2206 3507 per
2237 3433 2485 3488 inimicos
2507 3449 2658 3488 meos
2681 3433 2928 3503 despexit
2960 3432 3149 3487 oculus
3178 3446 3351 3486 meus.
3378 3449 3396 3480 ι

2186 3525 2350 3580 Vens.
2396 3525 2448 3578 6.
2495 3526 2628 3580 Ecce
2649 3527 2785 3579 enim
2811 3525 2946 3579 Deus
2977 3524 3193 3593 adjuvat
3228 3539 3340 3585 me,
3371 3532 3475 3576 etr.
3513 3521 3687 3574 Exau-

2113 3619 2287 3674 ditum
2313 3633 2371 3674 se
2401 3633 2519 3674 esse
2553 3619 2738 3684 sentit,
2782 3626 2836 3672 et
2876 3618 2991 3672 haec
3024 3617 3155 3671 dicit
3200 3616 3251 3670 in
3288 3615 3467 3670 medio
3505 3628 3694 3668 eorum

2114 3712 2204 3780 qui
2230 3710 2341 3766 Deo
2367 3713 2643 3766 adhaerent
2681 3726 2695 3764 :
2724 3710 2779 3765 Si
2805 3710 2940 3764 adeo
2973 3709 3141 3765 fortes
3171 3726 3190 3760 ι
3216 3707 3544 3778 quaesierunt
3573 3706 3695 3759 ani-

2116 3819 2259 3856 mant
2290 3817 2489 3868 nteant,
2525 3818 2623 3856 nec
2651 3811 3053 3870 proposuerunt
3080 3799 3247 3854 Deum
3290 3807 3416 3853 ante
3463 3812 3692 3863 conspe-

2114 3903 2262 3948 ctum
2297 3909 2454 3948 suum
2481 3935 2495 3959 ,
2539 3895 2591 3947 in
2627 3895 2854 3949 veritate
2881 3903 2970 3947 tua
3003 3892 3253 3962 disperde
3284 3891 3424 3945 illos.
3458 3909 3476 3941 ι
3531 3888 3699 3957 Adju-

2114 3995 2282 4040 torem
2309 3997 2488 4039 autem
2523 3987 2726 4040 habere
2758 4003 2816 4040 se
2858 3985 3149 4038 conﬁtetur
3189 3983 3419 4037 fortasse
3451 3981 3694 4042 Patrem,

2112 4088 2165 4130 et
2197 4077 2482 4130 Dominum
2543 4088 2917 4145 susceptorem
2975 4076 3171 4128 animm
3233 4089 3384 4134 suae,
3433 4080 3490 4124 ut
3550 4071 3698 4123 dicat

2118 4165 2336 4228 Filium,
2366 4167 2456 4235 qui
2495 4164 2632 4219 mala
2666 4173 2874 4219 avertet
2908 4164 3147 4218 inimicis
3179 4163 3332 4215 meis.
3367 4161 3498 4227 Quae
3548 4159 3693 4212 enim

2114 4258 2254 4311 mala
2288 4257 2491 4312 inferre
2521 4258 2652 4312 mihi
2683 4255 2987 4319 voluerunt,
3039 4257 3152 4309 haec
3187 4254 3253 4307 ad
3289 4253 3410 4308 illos
3459 4259 3694 4313 avertet.

2114 4352 2223 4406 Deo
2272 4351 2344 4404 ita
2382 4350 2688 4420 judicanle.
2747 4349 2884 4403 lluic
2945 4355 3214 4403 consonat
3247 4347 3377 4400 illud
3409 4365 3421 4401 ι
3460 4365 3478 4398 ι
3509 4345 3693 4400 Facile

2115 4445 2282 4510 illam,
2311 4444 2768 4514 (premadmodum
2820 4442 3026 4496 fecistis
3076 4441 3365 4494 divitem.’
3443 4438 3506 4492 Et
3553 4437 3690 4501 haec,

2117 4539 2310 4607 inquit,
2337 4552 2461 4591 cum
2495 4535 2818 4600 acciderint,
2855 4542 3158 4604 spontanea
3196 4542 3374 4585 metite
3397 4531 3463 4585 ad
3493 4531 3696 4601 gratia-

421 4625 657 4698 θαιρέτῳ
711 4625 906 4699 γνώμῃ
954 4627 1040 4678 ἐπ’
1081 4625 1434 4697 εὐχαριστίαν
1485 4626 1813 4697 ἐρχόμενος,
1856 4627 2005 4679 ἐκου-

2116 4645 2235 4684 rum
2269 4630 2540 4684 actionem
2574 4628 2798 4684 veniens
2825 4668 2838 4692 ,
2868 4626 3174 4710 voluntarie
3210 4625 3530 4680 sacriﬁcabo
3574 4623 3693 4678 tibi.

423 4717 552 4782 σίως
586 4717 733 4771 θύσω
756 4735 860 4772 σοι.

505 4806 1058 4878 Ἐξομολογήσομαι
1097 4808 1177 4874 τῷ
1223 4810 1470 4878 ὀνόματί
1521 4827 1673 4873 σου,
1714 4812 1910 4880 Κύριε,
1948 4829 2000 4864 κ.

420 4917 469 4950 τ.
501 4899 546 4951 ἐ.
579 4899 904 4969 Εὐχαριστεῖ
946 4899 1078 4972 (56),
1109 4899 1243 4970 πρὸς
1275 4900 1336 4953 τὸ
1374 4920 1390 4953 ι
1433 4901 1522 4954 Ἑν
1551 4901 1627 4972 τῷ
1656 4903 1879 4973 ὀνόματί
1911 4920 2004 4956 σου

424 4992 595 5046 σῶσόν
631 5009 719 5062 με,
758 5012 775 5042 ι
800 4993 1086 5056 ἀποδιδοὺς
1108 4992 1190 5056 τὸ,
1224 5014 1241 5045 ι
1281 4995 1777 5067 Ἐξομολογὴσομαι
1797 4996 1874 5067 τῷ
1893 4997 2006 5050 ὀνό-

425 5086 554 5154 ματί
586 5103 678 5139 σου
703 5125 714 5139 .
750 5106 766 5136 ι
803 5087 913 5140 Καὶ
944 5083 1083 5156 πρὸς
1113 5085 1204 5152 τὸ,
1240 5105 1258 5134 ι
1297 5086 1588 5159 Ἀλλότριοι
1632 5089 2006 5161 ἐπανέστησαν

415 5179 505 5233 ἐπ’
537 5178 657 5248 ἐμὲ,
698 5199 713 5229 ι
750 5178 831 5239 τὸ.
869 5198 886 5230 ι
922 5180 1015 5232 Ἐκ
1047 5179 1225 5252 πάσης
1255 5181 1488 5250 θλίψεως
1527 5181 1744 5254 eaeam
1781 5199 1868 5252 με,
1913 5181 2007 5234 καὶ

419 5269 478 5323 ἐν
499 5273 614 5334 τοῖς
635 5270 848 5342 ἐχθροῖς
879 5289 980 5341 μου
1010 5273 1219 5326 ἐπεῖδεν
1246 5274 1275 5326 ό
1303 5273 1585 5343 ὀφθαλμός
1619 5291 1739 5344 μου.
1775 5293 1792 5324 ι
1840 5275 2003 5344 Ἀγα-

420 5359 510 5412 θὸν
533 5359 594 5413 τὸ
620 5361 685 5414 τὰ
712 5362 851 5426 τέως
875 5363 948 5433 μὴ
977 5363 1231 5435 ὁρώμενα
1255 5365 1424 5436 ἐχθρὰ
1450 5365 1609 5436 ἡμῶν
1630 5409 1643 5430 ,
1667 5366 1733 5420 ἄν
1767 5366 1848 5420 ἔτι
1875 5367 2002 5421 λαν-

419 5452 683 5507 θάνωνται
711 5455 892 5524 ἡμᾶς,
929 5456 1028 5526 ἤδη
1067 5457 1194 5510 ποτέ
1229 5458 1613 5533 θεωρηθῆναι,
1655 5459 1788 5513 καθὸ
1832 5460 2004 5532 ἐχθρά

419 5553 556 5602 ἐστι.
600 5545 762 5598 ηοίου
789 5546 844 5599 δέ
872 5547 1150 5618 ὀφθαλμοῦ
1174 5550 1265 5604 καὶ
1290 5549 1448 5603 τοῦτο
1477 5551 1636 5619 ἔργον
1673 5553 1819 5605 ἐστὶν
1847 5552 1876 5620 ἢ
1908 5552 1998 5604 τοῦ

496 5634 542 5664 ⁸³
593 5633 609 5687 I
661 5633 785 5688 Cor.
827 5653 882 5702 χ,
927 5638 1016 5702 32,
1061 5639 1150 5692 55.
1232 5640 1276 5670 ⁸³
1324 5639 1480 5694 Rom.
1518 5657 1594 5702 xl.
1632 5641 1722 5696 26.

489 5725 602 5791 (33)
637 5727 794 5790 Ἥξει
826 5728 894 5781 ἐκ
925 5729 1098 5790 Σιών,
1123 5742 1227 5788 etc.
1256 5732 1434 5786 Codex
1466 5733 1852 5786 Coislinianns.

493 5797 605 5868 ('54)
637 5796 908 5867 Εὕξεταο,
937 5809 1042 5857 etc.
1071 5802 1252 5858 Codex
1298 5803 1658 5858 Coislinianus
1701 5804 1992 5858 secundus.

2187 4810 2348 4866 Vens.
2392 4813 2444 4866 8.
2490 4810 2787 4879 Conﬁtebor
2840 4809 3038 4863 nomini
3105 4819 3228 4870 (no,
3271 4807 3532 4870 Domine,
3586 4814 3692 4862 etc.

2112 4905 2420 4959 Gratiarum
2455 4906 2700 4958 actiones
2735 4903 2920 4969 refert,
2969 4902 3036 4956 ad
3096 4901 3248 4964 illud,
3313 4919 3329 4950 ι
3370 4899 3424 4954 In
3476 4899 3697 4955 nomine

2115 5010 2206 5054 tuo
2229 4998 2441 5053 salvum
2471 5013 2556 5052 me
2585 4997 2690 5064 fac,
2723 5015 2741 5048 ι
2773 4996 3082 5066 rependens
3114 4994 3254 5049 istud
3291 5012 3301 5048 :
3337 5012 3356 5045 ι
3378 4991 3695 5048 Conﬁtcbor

2115 5090 2320 5145 nomini
2359 5099 2489 5156 tuo;
2523 5108 2542 5142 ι
2581 5101 2635 5143 et
2669 5089 2736 5142 ad
2787 5087 2920 5141 illud
2945 5129 2960 5154 ,
2998 5104 3015 5137 ι
3048 5085 3227 5141 Alieni
3281 5085 3696 5140 insurrexerunt

2113 5181 2402 5236 adversum
2465 5197 2572 5245 me,
2606 5200 2623 5233 ι
2686 5179 2827 5235 istud
2883 5198 2896 5234 :
2956 5197 2974 5230 ‹
3008 5179 3081 5232 Ex
3137 5178 3284 5232 omni
3347 5175 3695 5231 tribulatione

2112 5275 2357 5343 eripuisti
2386 5289 2492 5340 me,
2522 5284 2575 5328 et
2601 5287 2766 5343 super
2811 5274 3065 5327 inimicos
3101 5286 3250 5326 meos
3278 5267 3524 5339 despexit
3558 5281 3693 5320 ocu-

2115 5365 2198 5419 lus
2240 5381 2412 5420 meus.
2447 5385 2464 5418 ι
2527 5365 2734 5420 Bonum
2793 5376 2878 5419 est
2930 5380 2990 5419 ea
3050 5379 3172 5431 qua:
3221 5362 3484 5416 haetenus
3540 5357 3694 5412 nobis

2115 5458 2304 5513 insciis
2349 5474 2453 5512 non
2490 5457 2817 5512 videbantur
2856 5457 3076 5511 inimica
3101 5496 3114 5517 ,
3160 5454 3270 5521 jam
3308 5451 3524 5505 tandem
3562 5464 3692 5517 per-

2109 5562 2291 5619 specta
2315 5565 2436 5606 esse
2460 5561 2728 5619 quatenus
2757 5550 2971 5603 inimica
2997 5557 3138 5602 sunt.
3165 5544 3329 5613 Cujus
3350 5553 3530 5598 autem
3558 5541 3693 5598 alte-

2177 5732 2292 5801 (35)
2319 5732 2600 5786 Αῑσθεται
2629 5729 3074 5801 είσακουᾳθείς,
3106 5737 3212 5784 etc.
3231 5695 3413 5781 rIdem.

2176 5798 2286 5871 (36)
2321 5800 2703 5870 Εὑχαριστεῖ,
2735 5810 2841 5857 etc.
2873 5798 3040 5856 Idem.
