  <div class='ocr_page' id='page_1' title='image "/cluster/home/n/w/nwhite01/storage/ocr_20150623/12:no.2/coo.31924054873074/745.png"; bbox 0 0 4110 6416; ppageno 0'>
   <div class='ocr_carea' id='block_1_1' title="bbox 463 384 602 439">
    <p class='ocr_par' dir='ltr' id='par_1_1' title="bbox 463 384 602 439">
     <span class='ocr_line' id='line_1_1' title="bbox 463 384 602 439; baseline 0.014 -2"><span class='ocrx_word' id='word_1_1' title='bbox 463 384 602 439; x_wconf 70' lang='grc'><strong>1463</strong></span> 
     </span>
    </p>
   </div>
   <div class='ocr_carea' id='block_1_2' title="bbox 1851 387 2282 444">
    <p class='ocr_par' dir='ltr' id='par_1_2' title="bbox 1851 387 2282 444">
     <span class='ocr_line' id='line_1_2' title="bbox 1851 387 2282 444; baseline 0.002 -2"><span class='ocrx_word' id='word_1_2' title='bbox 1851 388 1939 442; x_wconf 73' lang='lat' dir='ltr'><strong>EX</strong></span> <span class='ocrx_word' id='word_1_3' title='bbox 1981 387 2282 444; x_wconf 60' lang='lat' dir='ltr'><strong>ORIGENI‘J</strong></span> 
     </span>
    </p>
   </div>
   <div class='ocr_carea' id='block_1_3' title="bbox 3595 407 3733 463">
    <p class='ocr_par' dir='ltr' id='par_1_3' title="bbox 3595 407 3733 463">
     <span class='ocr_line' id='line_1_3' title="bbox 3595 407 3733 463; baseline 0.022 -3"><span class='ocrx_word' id='word_1_4' title='bbox 3595 407 3733 463; x_wconf 62' lang='grc' dir='ltr'>ιιιιι</span> 
     </span>
    </p>
   </div>
   <div class='ocr_carea' id='block_1_4' title="bbox 461 506 2019 598">
    <p class='ocr_par' dir='ltr' id='par_1_4' title="bbox 461 506 2019 576">
     <span class='ocr_line' id='line_1_4' title="bbox 461 506 2019 576; baseline 0.004 -17"><span class='ocrx_word' id='word_1_5' title='bbox 461 508 575 560; x_wconf 88' lang='lat' dir='ltr'><strong>rius</strong></span> <span class='ocrx_word' id='word_1_6' title='bbox 599 506 740 559; x_wconf 86' lang='lat' dir='ltr'><strong>oculi</strong></span> <span class='ocrx_word' id='word_1_7' title='bbox 774 506 902 560; x_wconf 88' lang='lat' dir='ltr'><strong>illud</strong></span> <span class='ocrx_word' id='word_1_8' title='bbox 933 520 1068 575; x_wconf 85' lang='lat' dir='ltr'><strong>opus</strong></span> <span class='ocrx_word' id='word_1_9' title='bbox 1098 516 1203 572; x_wconf 87' lang='lat' dir='ltr'><strong>est,</strong></span> <span class='ocrx_word' id='word_1_10' title='bbox 1230 521 1393 575; x_wconf 77' lang='lat' dir='ltr'><strong>quam</strong></span> <span class='ocrx_word' id='word_1_11' title='bbox 1427 508 1758 576; x_wconf 77' lang='lat' dir='ltr'><strong>perSpicaeis</strong></span> <span class='ocrx_word' id='word_1_12' title='bbox 1779 520 1832 564; x_wconf 90' lang='lat' dir='ltr'><strong>et</strong></span> <span class='ocrx_word' id='word_1_13' title='bbox 1863 511 2019 566; x_wconf 90' lang='lat' dir='ltr'><strong>idone</strong></span> 
     </span>
    </p>
   </div>
   <div class='ocr_carea' id='block_1_5' title="bbox 2123 506 3730 598">
    <p class='ocr_par' dir='ltr' id='par_1_5' title="bbox 2146 511 3730 598">
     <span class='ocr_line' id='line_1_5' title="bbox 2146 511 3730 598; baseline 0.009 -34"><span class='ocrx_word' id='word_1_14' title='bbox 2146 511 2454 584; x_wconf 85' lang='grc' dir='ltr'>διορατικοῦ</span> <span class='ocrx_word' id='word_1_15' title='bbox 2509 517 2602 568; x_wconf 77' lang='grc' dir='ltr'><strong>καὶ</strong></span> <span class='ocrx_word' id='word_1_16' title='bbox 2649 517 2833 570; x_wconf 78' lang='grc' dir='ltr'><strong>ἱκανοῦ</strong></span> <span class='ocrx_word' id='word_1_17' title='bbox 2883 519 3100 588; x_wconf 78' lang='grc' dir='ltr'><strong>βλέπειν</strong></span> <span class='ocrx_word' id='word_1_18' title='bbox 3149 522 3210 575; x_wconf 78' lang='grc' dir='ltr'><strong>τὸ</strong></span> <span class='ocrx_word' id='word_1_19' title='bbox 3257 523 3438 591; x_wconf 73' lang='grc' dir='ltr'>φίλονς</span> <span class='ocrx_word' id='word_1_20' title='bbox 3496 524 3629 579; x_wconf 86' lang='grc' dir='ltr'>Ὁδέ</span> <span class='ocrx_word' id='word_1_21' title='bbox 3655 530 3730 598; x_wconf 83' lang='grc' dir='ltr'>μὴ</span> 
     </span>
    </p>
   </div>
   <div class='ocr_carea' id='block_1_6' title="bbox 462 601 2042 672">
    <p class='ocr_par' dir='ltr' id='par_1_6' title="bbox 462 601 2042 672">
     <span class='ocr_line' id='line_1_6' title="bbox 462 601 2042 672; baseline 0.003 -20"><span class='ocrx_word' id='word_1_22' title='bbox 462 602 530 653; x_wconf 79' lang='lat' dir='ltr'><strong>ad</strong></span> <span class='ocrx_word' id='word_1_23' title='bbox 567 601 854 655; x_wconf 83' lang='lat' dir='ltr'><strong>videndum</strong></span> <span class='ocrx_word' id='word_1_24' title='bbox 887 601 1029 669; x_wconf 90' lang='lat' dir='ltr'><strong>quod</strong></span> <span class='ocrx_word' id='word_1_25' title='bbox 1057 601 1292 655; x_wconf 90' lang='lat' dir='ltr'><strong>amicum</strong></span> <span class='ocrx_word' id='word_1_26' title='bbox 1325 602 1452 656; x_wconf 87' lang='lat' dir='ltr'><strong>est?</strong></span> <span class='ocrx_word' id='word_1_27' title='bbox 1479 601 1581 668; x_wconf 81' lang='lat' dir='ltr'><strong>Qui</strong></span> <span class='ocrx_word' id='word_1_28' title='bbox 1621 618 1750 657; x_wconf 88' lang='lat' dir='ltr'><strong>vero</strong></span> <span class='ocrx_word' id='word_1_29' title='bbox 1778 619 1886 658; x_wconf 91' lang='lat' dir='ltr'><strong>non</strong></span> <span class='ocrx_word' id='word_1_30' title='bbox 1919 619 2042 672; x_wconf 88' lang='lat' dir='ltr'><strong>per-</strong></span> 
     </span>
    </p>
   </div>
   <div class='ocr_carea' id='block_1_7' title="bbox 460 689 2037 760">
    <p class='ocr_par' dir='ltr' id='par_1_7' title="bbox 460 689 2037 760">
     <span class='ocr_line' id='line_1_7' title="bbox 460 689 2037 760; baseline 0.003 -18"><span class='ocrx_word' id='word_1_31' title='bbox 460 690 645 759; x_wconf 85' lang='lat' dir='ltr'><strong>spicax</strong></span> <span class='ocrx_word' id='word_1_32' title='bbox 670 698 752 743; x_wconf 88' lang='lat' dir='ltr'><strong>est</strong></span> <span class='ocrx_word' id='word_1_33' title='bbox 787 689 997 755; x_wconf 84' lang='lat' dir='ltr'><strong>oculus,</strong></span> <span class='ocrx_word' id='word_1_34' title='bbox 1033 689 1318 759; x_wconf 87' lang='lat' dir='ltr'><strong>deceptus,</strong></span> <span class='ocrx_word' id='word_1_35' title='bbox 1347 700 1405 744; x_wconf 87' lang='lat' dir='ltr'><strong>et</strong></span> <span class='ocrx_word' id='word_1_36' title='bbox 1436 705 1718 758; x_wconf 78' lang='lat' dir='ltr'><strong>perperam</strong></span> <span class='ocrx_word' id='word_1_37' title='bbox 1748 693 2037 760; x_wconf 88' lang='lat' dir='ltr'><strong>aspiciens,</strong></span> 
     </span>
    </p>
   </div>
   <div class='ocr_carea' id='block_1_8' title="bbox 458 781 2038 850">
    <p class='ocr_par' dir='ltr' id='par_1_8' title="bbox 458 781 2038 850">
     <span class='ocr_line' id='line_1_8' title="bbox 458 781 2038 850; baseline 0.003 -14"><span class='ocrx_word' id='word_1_38' title='bbox 458 781 738 836; x_wconf 86' lang='lat' dir='ltr'><strong>inimicum</strong></span> <span class='ocrx_word' id='word_1_39' title='bbox 784 792 842 836; x_wconf 92' lang='lat' dir='ltr'><strong>ut</strong></span> <span class='ocrx_word' id='word_1_40' title='bbox 881 782 1114 838; x_wconf 89' lang='lat' dir='ltr'><strong>amicum</strong></span> <span class='ocrx_word' id='word_1_41' title='bbox 1156 785 1382 850; x_wconf 81' lang='lat' dir='ltr'><strong>videbit,</strong></span> <span class='ocrx_word' id='word_1_42' title='bbox 1411 795 1463 838; x_wconf 88' lang='lat' dir='ltr'><strong>et</strong></span> <span class='ocrx_word' id='word_1_43' title='bbox 1498 786 1733 840; x_wconf 89' lang='lat' dir='ltr'><strong>amicum</strong></span> <span class='ocrx_word' id='word_1_44' title='bbox 1771 795 1829 838; x_wconf 94' lang='lat' dir='ltr'><strong>ut</strong></span> <span class='ocrx_word' id='word_1_45' title='bbox 1863 787 2038 840; x_wconf 90' lang='lat' dir='ltr'><strong>inimi-</strong></span> 
     </span>
    </p>
   </div>
   <div class='ocr_carea' id='block_1_9' title="bbox 455 887 599 926">
    <p class='ocr_par' dir='ltr' id='par_1_9' title="bbox 455 887 599 926">
     <span class='ocr_line' id='line_1_9' title="bbox 455 887 599 926; baseline 0.007 -1"><span class='ocrx_word' id='word_1_46' title='bbox 455 887 599 926; x_wconf 86' lang='lat' dir='ltr'><strong>cum.</strong></span> 
     </span>
    </p>
   </div>
   <div class='ocr_carea' id='block_1_10' title="bbox 881 1059 1610 1130">
    <p class='ocr_par' dir='ltr' id='par_1_10' title="bbox 881 1059 1610 1130">
     <span class='ocr_line' id='line_1_10' title="bbox 881 1059 1610 1130; baseline -0.003 -11"><span class='ocrx_word' id='word_1_47' title='bbox 881 1059 1045 1130; x_wconf 81' lang='lat'><strong>729</strong></span> <span class='ocrx_word' id='word_1_48' title='bbox 1106 1061 1330 1116; x_wconf 77' lang='lat' dir='ltr'><strong>PSALM</strong></span> <span class='ocrx_word' id='word_1_49' title='bbox 1345 1063 1428 1118; x_wconf 90' lang='lat' dir='ltr'><strong>US</strong></span> <span class='ocrx_word' id='word_1_50' title='bbox 1481 1063 1610 1117; x_wconf 81' lang='lat' dir='ltr'><strong>LIV.</strong></span> 
     </span>
    </p>
   </div>
   <div class='ocr_carea' id='block_1_11' title="bbox 527 1146 2031 1220">
    <p class='ocr_par' dir='ltr' id='par_1_11' title="bbox 527 1146 2031 1220">
     <span class='ocr_line' id='line_1_11' title="bbox 527 1146 2031 1220; baseline 0.007 -20"><span class='ocrx_word' id='word_1_51' title='bbox 527 1146 691 1203; x_wconf 81' lang='lat' dir='ltr'><strong>VERs.</strong></span> <span class='ocrx_word' id='word_1_52' title='bbox 733 1149 789 1202; x_wconf 73' lang='grc'>2.</span> <span class='ocrx_word' id='word_1_53' title='bbox 837 1149 1073 1217; x_wconf 76' lang='lat' dir='ltr'><strong>Exaudi,</strong></span> <span class='ocrx_word' id='word_1_54' title='bbox 1126 1151 1291 1217; x_wconf 80' lang='lat' dir='ltr'><strong>Deus,</strong></span> <span class='ocrx_word' id='word_1_55' title='bbox 1340 1155 1635 1207; x_wconf 82' lang='lat' dir='ltr'><strong>orationem</strong></span> <span class='ocrx_word' id='word_1_56' title='bbox 1680 1172 1872 1220; x_wconf 80' lang='lat' dir='ltr'><strong>meum,</strong></span> <span class='ocrx_word' id='word_1_57' title='bbox 1926 1167 2031 1210; x_wconf 90' lang='lat' dir='ltr'><strong>etc.</strong></span> 
     </span>
    </p>
   </div>
   <div class='ocr_carea' id='block_1_12' title="bbox 455 1239 2036 1316">
    <p class='ocr_par' dir='ltr' id='par_1_12' title="bbox 455 1239 2036 1316">
     <span class='ocr_line' id='line_1_12' title="bbox 455 1239 2036 1316; baseline 0.005 -22"><span class='ocrx_word' id='word_1_58' title='bbox 455 1239 622 1295; x_wconf 85' lang='lat' dir='ltr'><strong>Nemo</strong></span> <span class='ocrx_word' id='word_1_59' title='bbox 644 1255 832 1296; x_wconf 91' lang='lat' dir='ltr'><strong>eorum</strong></span> <span class='ocrx_word' id='word_1_60' title='bbox 865 1245 954 1308; x_wconf 94' lang='lat' dir='ltr'><strong>qui</strong></span> <span class='ocrx_word' id='word_1_61' title='bbox 990 1255 1249 1312; x_wconf 83' lang='lat' dir='ltr'><strong>peccant,</strong></span> <span class='ocrx_word' id='word_1_62' title='bbox 1298 1248 1598 1314; x_wconf 77' lang='lat' dir='ltr'><strong>praesertim</strong></span> <span class='ocrx_word' id='word_1_63' title='bbox 1647 1248 1854 1316; x_wconf 78' lang='lat' dir='ltr'><strong>peccati</strong></span> <span class='ocrx_word' id='word_1_64' title='bbox 1902 1258 2036 1302; x_wconf 85' lang='lat' dir='ltr'><strong>teru-</strong></span> 
     </span>
    </p>
   </div>
   <div class='ocr_carea' id='block_1_13' title="bbox 454 1335 2035 1410">
    <p class='ocr_par' dir='ltr' id='par_1_13' title="bbox 454 1335 2035 1410">
     <span class='ocr_line' id='line_1_13' title="bbox 454 1335 2035 1410; baseline 0.004 -20"><span class='ocrx_word' id='word_1_65' title='bbox 454 1351 608 1404; x_wconf 88' lang='lat' dir='ltr'><strong>pore,</strong></span> <span class='ocrx_word' id='word_1_66' title='bbox 639 1335 884 1390; x_wconf 90' lang='lat' dir='ltr'><strong>velitsibi</strong></span> <span class='ocrx_word' id='word_1_67' title='bbox 931 1338 1106 1389; x_wconf 85' lang='lat' dir='ltr'><strong>virum</strong></span> <span class='ocrx_word' id='word_1_68' title='bbox 1142 1337 1450 1407; x_wconf 80' lang='lat' dir='ltr'><strong>religiosum</strong></span> <span class='ocrx_word' id='word_1_69' title='bbox 1489 1341 1788 1403; x_wconf 87' lang='lat' dir='ltr'><strong>attendere,</strong></span> <span class='ocrx_word' id='word_1_70' title='bbox 1833 1353 2035 1410; x_wconf 89' lang='lat' dir='ltr'><strong>quanto</strong></span> 
     </span>
    </p>
   </div>
   <div class='ocr_carea' id='block_1_14' title="bbox 454 1429 2032 1504">
    <p class='ocr_par' dir='ltr' id='par_1_14' title="bbox 454 1429 2032 1504">
     <span class='ocr_line' id='line_1_14' title="bbox 454 1429 2032 1504; baseline 0.004 -22"><span class='ocrx_word' id='word_1_71' title='bbox 454 1429 637 1484; x_wconf 90' lang='lat' dir='ltr'><strong>minus</strong></span> <span class='ocrx_word' id='word_1_72' title='bbox 669 1429 860 1484; x_wconf 91' lang='lat' dir='ltr'><strong>Deum.</strong></span> <span class='ocrx_word' id='word_1_73' title='bbox 897 1429 953 1484; x_wconf 88' lang='lat' dir='ltr'><strong>Si</strong></span> <span class='ocrx_word' id='word_1_74' title='bbox 984 1430 1319 1485; x_wconf 77' lang='lat' dir='ltr'><strong>intellexeris</strong></span> <span class='ocrx_word' id='word_1_75' title='bbox 1370 1432 1510 1485; x_wconf 94' lang='lat' dir='ltr'><strong>istud</strong></span> <span class='ocrx_word' id='word_1_76' title='bbox 1541 1447 1555 1483; x_wconf 89' lang='lat'><strong>:</strong></span> <span class='ocrx_word' id='word_1_77' title='bbox 1593 1450 1611 1483; x_wconf 82' lang='grc' dir='ltr'><strong>ι</strong></span> <span class='ocrx_word' id='word_1_78' title='bbox 1643 1433 1879 1490; x_wconf 86' lang='lat' dir='ltr'><strong>Auribus</strong></span> <span class='ocrx_word' id='word_1_79' title='bbox 1908 1451 2032 1504; x_wconf 89' lang='lat' dir='ltr'><strong>per-</strong></span> 
     </span>
    </p>
   </div>
   <div class='ocr_carea' id='block_1_15' title="bbox 453 1521 2028 1588">
    <p class='ocr_par' dir='ltr' id='par_1_15' title="bbox 453 1521 2028 1588">
     <span class='ocr_line' id='line_1_15' title="bbox 453 1521 2028 1588; baseline 0.005 -15"><span class='ocrx_word' id='word_1_80' title='bbox 453 1521 642 1587; x_wconf 84' lang='lat' dir='ltr'><strong>cipite,</strong></span> <span class='ocrx_word' id='word_1_81' title='bbox 665 1534 857 1576; x_wconf 90' lang='lat' dir='ltr'><strong>omnes</strong></span> <span class='ocrx_word' id='word_1_82' title='bbox 881 1522 972 1588; x_wconf 86' lang='lat' dir='ltr'><strong>qui</strong></span> <span class='ocrx_word' id='word_1_83' title='bbox 1000 1521 1262 1576; x_wconf 89' lang='lat' dir='ltr'><strong>habitatis</strong></span> <span class='ocrx_word' id='word_1_84' title='bbox 1283 1522 1469 1576; x_wconf 88' lang='lat' dir='ltr'><strong>orbem</strong></span> <span class='ocrx_word' id='word_1_85' title='bbox 1493 1521 1557 1588; x_wconf 76' lang='lat'><strong>“,</strong></span> <span class='ocrx_word' id='word_1_86' title='bbox 1586 1543 1605 1575; x_wconf 81' lang='grc' dir='ltr'><strong>ι</strong></span> <span class='ocrx_word' id='word_1_87' title='bbox 1643 1525 1852 1580; x_wconf 88' lang='lat' dir='ltr'><strong>deserta</strong></span> <span class='ocrx_word' id='word_1_88' title='bbox 1879 1527 2028 1581; x_wconf 85' lang='lat' dir='ltr'><strong>verbi</strong></span> 
     </span>
    </p>
   </div>
   <div class='ocr_carea' id='block_1_16' title="bbox 454 1612 2024 1684">
    <p class='ocr_par' dir='ltr' id='par_1_16' title="bbox 454 1612 2024 1684">
     <span class='ocr_line' id='line_1_16' title="bbox 454 1612 2024 1684; baseline 0.006 -20"><span class='ocrx_word' id='word_1_89' title='bbox 454 1612 674 1667; x_wconf 72' lang='lat' dir='ltr'><strong>malitiae</strong></span> <span class='ocrx_word' id='word_1_90' title='bbox 699 1614 812 1668; x_wconf 90' lang='lat' dir='ltr'><strong>loca</strong></span> <span class='ocrx_word' id='word_1_91' title='bbox 846 1614 1136 1679; x_wconf 85' lang='lat' dir='ltr'><strong>deserens,</strong></span> <span class='ocrx_word' id='word_1_92' title='bbox 1170 1615 1361 1668; x_wconf 88' lang='lat' dir='ltr'><strong>venisti</strong></span> <span class='ocrx_word' id='word_1_93' title='bbox 1397 1614 1447 1667; x_wconf 93' lang='lat' dir='ltr'><strong>in</strong></span> <span class='ocrx_word' id='word_1_94' title='bbox 1482 1617 1669 1671; x_wconf 89' lang='lat' dir='ltr'><strong>orbem</strong></span> <span class='ocrx_word' id='word_1_95' title='bbox 1697 1617 2024 1684; x_wconf 75' lang='lat' dir='ltr'><strong>habitatum,</strong></span> 
     </span>
    </p>
   </div>
   <div class='ocr_carea' id='block_1_17' title="bbox 451 1707 2022 1776">
    <p class='ocr_par' dir='ltr' id='par_1_17' title="bbox 451 1707 2022 1776">
     <span class='ocr_line' id='line_1_17' title="bbox 451 1707 2022 1776; baseline 0.003 -17"><span class='ocrx_word' id='word_1_96' title='bbox 451 1716 505 1759; x_wconf 88' lang='lat' dir='ltr'><strong>et</strong></span> <span class='ocrx_word' id='word_1_97' title='bbox 543 1707 762 1761; x_wconf 85' lang='lat' dir='ltr'><strong>veniens</strong></span> <span class='ocrx_word' id='word_1_98' title='bbox 797 1707 1054 1760; x_wconf 87' lang='lat' dir='ltr'><strong>habitasti</strong></span> <span class='ocrx_word' id='word_1_99' title='bbox 1084 1707 1135 1760; x_wconf 93' lang='lat' dir='ltr'><strong>in</strong></span> <span class='ocrx_word' id='word_1_100' title='bbox 1181 1721 1266 1760; x_wconf 91' lang='lat' dir='ltr'><strong>eo.</strong></span> <span class='ocrx_word' id='word_1_101' title='bbox 1321 1707 1496 1776; x_wconf 84' lang='lat' dir='ltr'><strong>Atque</strong></span> <span class='ocrx_word' id='word_1_102' title='bbox 1535 1710 1761 1765; x_wconf 89' lang='lat' dir='ltr'><strong>audiens</strong></span> <span class='ocrx_word' id='word_1_103' title='bbox 1801 1712 2022 1766; x_wconf 87' lang='lat' dir='ltr'><strong>oracula</strong></span> 
     </span>
    </p>
   </div>
   <div class='ocr_carea' id='block_1_18' title="bbox 455 1793 1388 1868">
    <p class='ocr_par' dir='ltr' id='par_1_18' title="bbox 455 1793 1388 1868">
     <span class='ocr_line' id='line_1_18' title="bbox 455 1793 1388 1868; baseline -0.001 -16"><span class='ocrx_word' id='word_1_104' title='bbox 455 1799 569 1861; x_wconf 90' lang='lat' dir='ltr'><strong>Dei,</strong></span> <span class='ocrx_word' id='word_1_105' title='bbox 637 1799 760 1853; x_wconf 89' lang='lat' dir='ltr'><strong>dic:</strong></span> <span class='ocrx_word' id='word_1_106' title='bbox 804 1817 821 1849; x_wconf 80' lang='grc' dir='ltr'><strong>ι</strong></span> <span class='ocrx_word' id='word_1_107' title='bbox 865 1793 1103 1852; x_wconf 85' lang='lat' dir='ltr'><strong>Auribus</strong></span> <span class='ocrx_word' id='word_1_108' title='bbox 1152 1799 1388 1868; x_wconf 83' lang='lat' dir='ltr'><strong>percipe,</strong></span> 
     </span>
    </p>
   </div>
   <div class='ocr_carea' id='block_1_19' title="bbox 452 1885 2032 1965">
    <p class='ocr_par' dir='ltr' id='par_1_19' title="bbox 452 1885 2032 1965">
     <span class='ocr_line' id='line_1_19' title="bbox 452 1885 2032 1965; baseline 0.004 -21"><span class='ocrx_word' id='word_1_109' title='bbox 452 1885 656 1958; x_wconf 69' lang='lat' dir='ltr'><strong>meam;</strong></span> <span class='ocrx_word' id='word_1_110' title='bbox 684 1910 702 1941; x_wconf 75' lang='grc' dir='ltr'><strong>ι</strong></span> <span class='ocrx_word' id='word_1_111' title='bbox 733 1900 786 1945; x_wconf 90' lang='lat' dir='ltr'><strong>et</strong></span> <span class='ocrx_word' id='word_1_112' title='bbox 816 1890 1036 1944; x_wconf 84' lang='lat' dir='ltr'><strong>auribus</strong></span> <span class='ocrx_word' id='word_1_113' title='bbox 1066 1891 1352 1960; x_wconf 90' lang='lat' dir='ltr'><strong>percipiet,</strong></span> <span class='ocrx_word' id='word_1_114' title='bbox 1379 1906 1475 1946; x_wconf 89' lang='lat' dir='ltr'><strong>nec</strong></span> <span class='ocrx_word' id='word_1_115' title='bbox 1500 1893 1724 1963; x_wconf 88' lang='lat' dir='ltr'><strong>insuper</strong></span> <span class='ocrx_word' id='word_1_116' title='bbox 1749 1904 1800 1949; x_wconf 90' lang='lat' dir='ltr'><strong>te</strong></span> <span class='ocrx_word' id='word_1_117' title='bbox 1837 1895 2032 1965; x_wconf 83' lang='lat' dir='ltr'><strong>depre-</strong></span> 
     </span>
    </p>
   </div>
   <div class='ocr_carea' id='block_1_20' title="bbox 446 1984 2027 2057">
    <p class='ocr_par' dir='ltr' id='par_1_20' title="bbox 446 1984 2027 2057">
     <span class='ocr_line' id='line_1_20' title="bbox 446 1984 2027 2057; baseline 0.004 -21"><span class='ocrx_word' id='word_1_118' title='bbox 446 1993 661 2037; x_wconf 84' lang='lat' dir='ltr'><strong>cantem</strong></span> <span class='ocrx_word' id='word_1_119' title='bbox 691 1984 977 2054; x_wconf 83' lang='lat' dir='ltr'><strong>despiciet.</strong></span> <span class='ocrx_word' id='word_1_120' title='bbox 1007 1986 1180 2050; x_wconf 83' lang='lat' dir='ltr'><strong>Aude,</strong></span> <span class='ocrx_word' id='word_1_121' title='bbox 1209 1996 1464 2056; x_wconf 75' lang='lat' dir='ltr'><strong>tanquazn</strong></span> <span class='ocrx_word' id='word_1_122' title='bbox 1501 1987 1720 2041; x_wconf 89' lang='lat' dir='ltr'><strong>minime</strong></span> <span class='ocrx_word' id='word_1_123' title='bbox 1751 1989 2027 2057; x_wconf 87' lang='lat' dir='ltr'><strong>despectui</strong></span> 
     </span>
    </p>
   </div>
   <div class='ocr_carea' id='block_1_21' title="bbox 446 2075 2028 2148">
    <p class='ocr_par' dir='ltr' id='par_1_21' title="bbox 446 2075 2028 2148">
     <span class='ocr_line' id='line_1_21' title="bbox 446 2075 2028 2148; baseline 0.004 -21"><span class='ocrx_word' id='word_1_124' title='bbox 446 2075 746 2142; x_wconf 89' lang='lat' dir='ltr'><strong>habendus,</strong></span> <span class='ocrx_word' id='word_1_125' title='bbox 791 2077 976 2133; x_wconf 78' lang='lat' dir='ltr'><strong>dicere</strong></span> <span class='ocrx_word' id='word_1_126' title='bbox 1009 2093 1023 2130; x_wconf 88' lang='lat'><strong>:</strong></span> <span class='ocrx_word' id='word_1_127' title='bbox 1058 2097 1076 2130; x_wconf 80' lang='grc' dir='ltr'><strong>ι</strong></span> <span class='ocrx_word' id='word_1_128' title='bbox 1123 2080 1185 2132; x_wconf 82' lang='lat' dir='ltr'><strong>Et</strong></span> <span class='ocrx_word' id='word_1_129' title='bbox 1236 2095 1304 2133; x_wconf 90' lang='lat' dir='ltr'><strong>ne</strong></span> <span class='ocrx_word' id='word_1_130' title='bbox 1339 2079 1652 2148; x_wconf 82' lang='lat' dir='ltr'><strong>despexeris</strong></span> <span class='ocrx_word' id='word_1_131' title='bbox 1691 2079 2028 2148; x_wconf 84' lang='lat' dir='ltr'><strong>deprecatio-</strong></span> 
     </span>
    </p>
   </div>
   <div class='ocr_carea' id='block_1_22' title="bbox 446 2171 2025 2242">
    <p class='ocr_par' dir='ltr' id='par_1_22' title="bbox 446 2171 2025 2242">
     <span class='ocr_line' id='line_1_22' title="bbox 446 2171 2025 2242; baseline 0.005 -22"><span class='ocrx_word' id='word_1_132' title='bbox 446 2182 567 2224; x_wconf 86' lang='lat' dir='ltr'><strong>nem</strong></span> <span class='ocrx_word' id='word_1_133' title='bbox 623 2184 866 2223; x_wconf 60' lang='lat' dir='ltr'><strong>meam.»</strong></span> <span class='ocrx_word' id='word_1_134' title='bbox 943 2171 1198 2237; x_wconf 78' lang='lat' dir='ltr'><strong>Quinimo</strong></span> <span class='ocrx_word' id='word_1_135' title='bbox 1264 2171 1310 2225; x_wconf 93' lang='lat' dir='ltr'><strong>si</strong></span> <span class='ocrx_word' id='word_1_136' title='bbox 1377 2172 1484 2226; x_wconf 92' lang='lat' dir='ltr'><strong>Deo</strong></span> <span class='ocrx_word' id='word_1_137' title='bbox 1535 2173 1871 2236; x_wconf 86' lang='lat' dir='ltr'><strong>attenderis,</strong></span> <span class='ocrx_word' id='word_1_138' title='bbox 1924 2173 2025 2242; x_wconf 91' lang='lat' dir='ltr'><strong>ipsi</strong></span> 
     </span>
    </p>
   </div>
   <div class='ocr_carea' id='block_1_23' title="bbox 444 2262 2025 2334">
    <p class='ocr_par' dir='ltr' id='par_1_23' title="bbox 444 2262 2025 2334">
     <span class='ocr_line' id='line_1_23' title="bbox 444 2262 2025 2334; baseline 0.001 -18"><span class='ocrx_word' id='word_1_139' title='bbox 444 2262 744 2328; x_wconf 82' lang='lat' dir='ltr'><strong>conﬁdens,</strong></span> <span class='ocrx_word' id='word_1_140' title='bbox 778 2262 1023 2317; x_wconf 87' lang='lat' dir='ltr'><strong>dieistud</strong></span> <span class='ocrx_word' id='word_1_141' title='bbox 1059 2281 1070 2315; x_wconf 92' lang='lat'><strong>:</strong></span> <span class='ocrx_word' id='word_1_142' title='bbox 1120 2285 1138 2314; x_wconf 85' lang='grc'><strong>‹</strong></span> <span class='ocrx_word' id='word_1_143' title='bbox 1172 2264 1391 2318; x_wconf 83' lang='lat' dir='ltr'><strong>Intende</strong></span> <span class='ocrx_word' id='word_1_144' title='bbox 1419 2265 1548 2318; x_wconf 92' lang='lat' dir='ltr'><strong>mihi</strong></span> <span class='ocrx_word' id='word_1_145' title='bbox 1578 2282 1592 2331; x_wconf 90' lang='lat'>;</span> <span class='ocrx_word' id='word_1_146' title='bbox 1631 2283 1650 2316; x_wconf 73' lang='grc' dir='ltr'><strong>ι</strong></span> <span class='ocrx_word' id='word_1_147' title='bbox 1687 2273 1849 2334; x_wconf 91' lang='lat' dir='ltr'><strong>atque</strong></span> <span class='ocrx_word' id='word_1_148' title='bbox 1875 2267 2025 2320; x_wconf 90' lang='lat' dir='ltr'><strong>insu-</strong></span> 
     </span>
    </p>
   </div>
   <div class='ocr_carea' id='block_1_24' title="bbox 447 2354 2024 2425">
    <p class='ocr_par' dir='ltr' id='par_1_24' title="bbox 447 2354 2024 2425">
     <span class='ocr_line' id='line_1_24' title="bbox 447 2354 2024 2425; baseline 0.002 -17"><span class='ocrx_word' id='word_1_149' title='bbox 447 2369 542 2422; x_wconf 90' lang='lat' dir='ltr'><strong>per</strong></span> <span class='ocrx_word' id='word_1_150' title='bbox 569 2354 615 2408; x_wconf 90' lang='lat' dir='ltr'><strong>si</strong></span> <span class='ocrx_word' id='word_1_151' title='bbox 645 2355 820 2425; x_wconf 87' lang='lat' dir='ltr'><strong>ipsum</strong></span> <span class='ocrx_word' id='word_1_152' title='bbox 861 2356 1099 2411; x_wconf 89' lang='lat' dir='ltr'><strong>audieris</strong></span> <span class='ocrx_word' id='word_1_153' title='bbox 1126 2397 1141 2422; x_wconf 87' lang='lat'><strong>,</strong></span> <span class='ocrx_word' id='word_1_154' title='bbox 1174 2357 1430 2412; x_wconf 79' lang='lat' dir='ltr'><strong>exaudiet</strong></span> <span class='ocrx_word' id='word_1_155' title='bbox 1460 2367 1532 2412; x_wconf 89' lang='lat' dir='ltr'><strong>te.</strong></span> <span class='ocrx_word' id='word_1_156' title='bbox 1580 2359 1634 2411; x_wconf 85' lang='lat' dir='ltr'><strong>Si</strong></span> <span class='ocrx_word' id='word_1_157' title='bbox 1668 2373 1800 2412; x_wconf 90' lang='lat' dir='ltr'><strong>vero</strong></span> <span class='ocrx_word' id='word_1_158' title='bbox 1835 2360 2024 2423; x_wconf 87' lang='lat' dir='ltr'><strong>etiam,</strong></span> 
     </span>
    </p>
   </div>
   <div class='ocr_carea' id='block_1_25' title="bbox 447 2447 2024 2520">
    <p class='ocr_par' dir='ltr' id='par_1_25' title="bbox 447 2447 2024 2520">
     <span class='ocr_line' id='line_1_25' title="bbox 447 2447 2024 2520; baseline 0.004 -20"><span class='ocrx_word' id='word_1_159' title='bbox 447 2454 504 2501; x_wconf 85' lang='lat' dir='ltr'><strong>ut</strong></span> <span class='ocrx_word' id='word_1_160' title='bbox 529 2447 823 2516; x_wconf 89' lang='lat' dir='ltr'><strong>Apostolus</strong></span> <span class='ocrx_word' id='word_1_161' title='bbox 852 2463 947 2517; x_wconf 88' lang='lat' dir='ltr'><strong>per</strong></span> <span class='ocrx_word' id='word_1_162' title='bbox 983 2450 1518 2504; x_wconf 82' lang='lat' dir='ltr'><strong>commiseratiouem</strong></span> <span class='ocrx_word' id='word_1_163' title='bbox 1563 2451 1774 2520; x_wconf 85' lang='lat' dir='ltr'><strong>lugens,</strong></span> <span class='ocrx_word' id='word_1_164' title='bbox 1811 2451 2024 2506; x_wconf 83' lang='lat' dir='ltr'><strong>ﬂeveris</strong></span> 
     </span>
    </p>
   </div>
   <div class='ocr_carea' id='block_1_26' title="bbox 443 2538 2024 2611">
    <p class='ocr_par' dir='ltr' id='par_1_26' title="bbox 443 2538 2024 2611">
     <span class='ocr_line' id='line_1_26' title="bbox 443 2538 2024 2611; baseline 0.003 -18"><span class='ocrx_word' id='word_1_165' title='bbox 443 2553 566 2593; x_wconf 91' lang='lat' dir='ltr'><strong>cum</strong></span> <span class='ocrx_word' id='word_1_166' title='bbox 598 2538 852 2595; x_wconf 84' lang='lat' dir='ltr'><strong>ﬂentibus</strong></span> <span class='ocrx_word' id='word_1_167' title='bbox 885 2539 952 2604; x_wconf 76' lang='lat'><strong>‘°,</strong></span> <span class='ocrx_word' id='word_1_168' title='bbox 997 2549 1051 2594; x_wconf 91' lang='lat' dir='ltr'><strong>et</strong></span> <span class='ocrx_word' id='word_1_169' title='bbox 1090 2541 1364 2611; x_wconf 85' lang='lat' dir='ltr'><strong>gemueris</strong></span> <span class='ocrx_word' id='word_1_170' title='bbox 1421 2541 1473 2595; x_wconf 93' lang='lat' dir='ltr'><strong>in</strong></span> <span class='ocrx_word' id='word_1_171' title='bbox 1526 2542 1628 2597; x_wconf 92' lang='lat' dir='ltr'><strong>hoc</strong></span> <span class='ocrx_word' id='word_1_172' title='bbox 1677 2543 2024 2598; x_wconf 89' lang='lat' dir='ltr'><strong>tabernaculo</strong></span> 
     </span>
    </p>
   </div>
   <div class='ocr_carea' id='block_1_27' title="bbox 443 2630 2021 2700">
    <p class='ocr_par' dir='ltr' id='par_1_27' title="bbox 443 2630 2021 2700">
     <span class='ocr_line' id='line_1_27' title="bbox 443 2630 2021 2700; baseline 0.004 -17"><span class='ocrx_word' id='word_1_173' title='bbox 443 2641 790 2700; x_wconf 77' lang='lat' dir='ltr'><strong>aggravatus,</strong></span> <span class='ocrx_word' id='word_1_174' title='bbox 819 2630 984 2685; x_wconf 86' lang='lat' dir='ltr'><strong>dicito</strong></span> <span class='ocrx_word' id='word_1_175' title='bbox 1018 2631 1144 2685; x_wconf 90' lang='lat' dir='ltr'><strong>illud</strong></span> <span class='ocrx_word' id='word_1_176' title='bbox 1172 2649 1184 2686; x_wconf 93' lang='lat'>:</span> <span class='ocrx_word' id='word_1_177' title='bbox 1216 2651 1234 2683; x_wconf 79' lang='grc' dir='ltr'><strong>ι</strong></span> <span class='ocrx_word' id='word_1_178' title='bbox 1268 2633 1636 2687; x_wconf 87' lang='lat' dir='ltr'><strong>Contristatus</strong></span> <span class='ocrx_word' id='word_1_179' title='bbox 1678 2649 1818 2699; x_wconf 90' lang='lat' dir='ltr'><strong>sum,</strong></span> <span class='ocrx_word' id='word_1_180' title='bbox 1855 2653 1873 2687; x_wconf 74' lang='grc' dir='ltr'><strong>ι</strong></span> <span class='ocrx_word' id='word_1_181' title='bbox 1914 2644 2021 2689; x_wconf 88' lang='lat' dir='ltr'><strong>etc.</strong></span> 
     </span>
    </p>
   </div>
   <div class='ocr_carea' id='block_1_28' title="bbox 515 2720 2020 2789">
    <p class='ocr_par' dir='ltr' id='par_1_28' title="bbox 515 2720 2020 2789">
     <span class='ocr_line' id='line_1_28' title="bbox 515 2720 2020 2789; baseline 0.002 -13"><span class='ocrx_word' id='word_1_182' title='bbox 515 2721 682 2776; x_wconf 68' lang='lat' dir='ltr'><strong>Vens.</strong></span> <span class='ocrx_word' id='word_1_183' title='bbox 711 2721 765 2775; x_wconf 83' lang='lat'><strong>5.</strong></span> <span class='ocrx_word' id='word_1_184' title='bbox 844 2720 1201 2776; x_wconf 81' lang='lat' dir='ltr'><strong>Contristatus</strong></span> <span class='ocrx_word' id='word_1_185' title='bbox 1245 2739 1362 2775; x_wconf 82' lang='lat' dir='ltr'><strong>sum</strong></span> <span class='ocrx_word' id='word_1_186' title='bbox 1394 2723 1449 2776; x_wconf 89' lang='lat' dir='ltr'><strong>in</strong></span> <span class='ocrx_word' id='word_1_187' title='bbox 1481 2725 1855 2780; x_wconf 78' lang='lat' dir='ltr'><strong>exercitatione</strong></span> <span class='ocrx_word' id='word_1_188' title='bbox 1885 2743 2020 2789; x_wconf 87' lang='lat' dir='ltr'><strong>mea,</strong></span> 
     </span>
    </p>
   </div>
   <div class='ocr_carea' id='block_1_29' title="bbox 443 2813 2020 2889">
    <p class='ocr_par' dir='ltr' id='par_1_29' title="bbox 443 2813 2020 2889">
     <span class='ocr_line' id='line_1_29' title="bbox 443 2813 2020 2889; baseline 0.002 -20"><span class='ocrx_word' id='word_1_189' title='bbox 443 2825 549 2869; x_wconf 83' lang='lat' dir='ltr'><strong>etc.</strong></span> <span class='ocrx_word' id='word_1_190' title='bbox 583 2813 680 2868; x_wconf 84' lang='lat' dir='ltr'><strong>Vel</strong></span> <span class='ocrx_word' id='word_1_191' title='bbox 706 2815 1153 2869; x_wconf 82' lang='lat' dir='ltr'><strong>exercitationem</strong></span> <span class='ocrx_word' id='word_1_192' title='bbox 1185 2816 1288 2869; x_wconf 92' lang='lat' dir='ltr'><strong>hoc</strong></span> <span class='ocrx_word' id='word_1_193' title='bbox 1324 2817 1440 2870; x_wconf 90' lang='lat' dir='ltr'><strong>loco</strong></span> <span class='ocrx_word' id='word_1_194' title='bbox 1472 2819 1775 2872; x_wconf 91' lang='lat' dir='ltr'><strong>orationem</strong></span> <span class='ocrx_word' id='word_1_195' title='bbox 1809 2819 2020 2889; x_wconf 83' lang='lat' dir='ltr'><strong>signiti-</strong></span> 
     </span>
    </p>
   </div>
   <div class='ocr_carea' id='block_1_30' title="bbox 443 2907 2021 2969">
    <p class='ocr_par' dir='ltr' id='par_1_30' title="bbox 443 2907 2021 2969">
     <span class='ocr_line' id='line_1_30' title="bbox 443 2907 2021 2969; baseline 0.003 -9"><span class='ocrx_word' id='word_1_196' title='bbox 443 2915 560 2969; x_wconf 90' lang='lat' dir='ltr'><strong>cat;</strong></span> <span class='ocrx_word' id='word_1_197' title='bbox 593 2915 648 2960; x_wconf 91' lang='lat' dir='ltr'><strong>ut</strong></span> <span class='ocrx_word' id='word_1_198' title='bbox 679 2908 840 2962; x_wconf 88' lang='lat' dir='ltr'><strong>etiam</strong></span> <span class='ocrx_word' id='word_1_199' title='bbox 869 2907 922 2961; x_wconf 87' lang='lat' dir='ltr'><strong>in</strong></span> <span class='ocrx_word' id='word_1_200' title='bbox 953 2907 1107 2961; x_wconf 90' lang='lat' dir='ltr'><strong>Anna</strong></span> <span class='ocrx_word' id='word_1_201' title='bbox 1150 2926 1164 2960; x_wconf 91' lang='lat'><strong>:</strong></span> <span class='ocrx_word' id='word_1_202' title='bbox 1204 2926 1223 2959; x_wconf 78' lang='grc' dir='ltr'><strong>ι</strong></span> <span class='ocrx_word' id='word_1_203' title='bbox 1252 2908 1326 2962; x_wconf 85' lang='lat' dir='ltr'><strong>Ex</strong></span> <span class='ocrx_word' id='word_1_204' title='bbox 1375 2909 1722 2964; x_wconf 87' lang='lat' dir='ltr'><strong>multitudine</strong></span> <span class='ocrx_word' id='word_1_205' title='bbox 1749 2912 2021 2966; x_wconf 82' lang='lat' dir='ltr'><strong>exercita-</strong></span> 
     </span>
    </p>
   </div>
   <div class='ocr_carea' id='block_1_31' title="bbox 443 2998 2021 3073">
    <p class='ocr_par' dir='ltr' id='par_1_31' title="bbox 443 2998 2021 3073">
     <span class='ocr_line' id='line_1_31' title="bbox 443 2998 2021 3073; baseline 0.004 -21"><span class='ocrx_word' id='word_1_206' title='bbox 443 2998 603 3053; x_wconf 84' lang='lat' dir='ltr'><strong>tionis</strong></span> <span class='ocrx_word' id='word_1_207' title='bbox 663 3013 797 3053; x_wconf 70' lang='lat' dir='ltr'><strong>meae</strong></span> <span class='ocrx_word' id='word_1_208' title='bbox 855 3001 1074 3055; x_wconf 76' lang='lat' dir='ltr'><strong>extabui</strong></span> <span class='ocrx_word' id='word_1_209' title='bbox 1133 3000 1200 3052; x_wconf 67' lang='grc' dir='ltr'><strong>ιτ.</strong></span> <span class='ocrx_word' id='word_1_210' title='bbox 1234 3020 1252 3051; x_wconf 75' lang='grc' dir='ltr'><strong>ι</strong></span> <span class='ocrx_word' id='word_1_211' title='bbox 1317 3001 1382 3055; x_wconf 84' lang='grc' dir='ltr'>Ει</span> <span class='ocrx_word' id='word_1_212' title='bbox 1430 3017 1769 3072; x_wconf 64' lang='lat' dir='ltr'><strong>quaecunque</strong></span> <span class='ocrx_word' id='word_1_213' title='bbox 1823 3013 2021 3073; x_wconf 66' lang='lat' dir='ltr'><strong>praeter</strong></span> 
     </span>
    </p>
   </div>
   <div class='ocr_carea' id='block_1_32' title="bbox 443 3091 2020 3159">
    <p class='ocr_par' dir='ltr' id='par_1_32' title="bbox 443 3091 2020 3159">
     <span class='ocr_line' id='line_1_32' title="bbox 443 3091 2020 3159; baseline 0.003 -15"><span class='ocrx_word' id='word_1_214' title='bbox 443 3101 644 3145; x_wconf 86' lang='lat' dir='ltr'><strong>rectam</strong></span> <span class='ocrx_word' id='word_1_215' title='bbox 678 3091 944 3146; x_wconf 89' lang='lat' dir='ltr'><strong>rationem</strong></span> <span class='ocrx_word' id='word_1_216' title='bbox 993 3091 1078 3146; x_wconf 86' lang='lat' dir='ltr'><strong>vel</strong></span> <span class='ocrx_word' id='word_1_217' title='bbox 1125 3092 1359 3148; x_wconf 82' lang='lat' dir='ltr'><strong>facimus</strong></span> <span class='ocrx_word' id='word_1_218' title='bbox 1391 3093 1474 3148; x_wconf 84' lang='lat' dir='ltr'><strong>vel</strong></span> <span class='ocrx_word' id='word_1_219' title='bbox 1505 3095 1758 3159; x_wconf 87' lang='lat' dir='ltr'><strong>dicimus,</strong></span> <span class='ocrx_word' id='word_1_220' title='bbox 1807 3096 2020 3151; x_wconf 86' lang='lat' dir='ltr'><strong>exerci-</strong></span> 
     </span>
    </p>
   </div>
   <div class='ocr_carea' id='block_1_33' title="bbox 440 3182 2016 3254">
    <p class='ocr_par' dir='ltr' id='par_1_33' title="bbox 440 3182 2016 3254">
     <span class='ocr_line' id='line_1_33' title="bbox 440 3182 2016 3254; baseline 0.006 -22"><span class='ocrx_word' id='word_1_221' title='bbox 440 3182 571 3237; x_wconf 89' lang='lat' dir='ltr'><strong>tatio</strong></span> <span class='ocrx_word' id='word_1_222' title='bbox 601 3191 719 3248; x_wconf 87' lang='lat' dir='ltr'><strong>est;</strong></span> <span class='ocrx_word' id='word_1_223' title='bbox 771 3182 916 3237; x_wconf 86' lang='lat' dir='ltr'><strong>sicut</strong></span> <span class='ocrx_word' id='word_1_224' title='bbox 952 3183 1114 3238; x_wconf 89' lang='lat' dir='ltr'><strong>etiam</strong></span> <span class='ocrx_word' id='word_1_225' title='bbox 1174 3184 1262 3237; x_wconf 89' lang='lat' dir='ltr'><strong>illa</strong></span> <span class='ocrx_word' id='word_1_226' title='bbox 1309 3199 1429 3254; x_wconf 69' lang='lat' dir='ltr'><strong>qua:</strong></span> <span class='ocrx_word' id='word_1_227' title='bbox 1485 3194 1688 3240; x_wconf 90' lang='lat' dir='ltr'><strong>temere</strong></span> <span class='ocrx_word' id='word_1_228' title='bbox 1723 3185 2016 3242; x_wconf 82' lang='lat' dir='ltr'><strong>ell&#39;utimus.</strong></span> 
     </span>
    </p>
   </div>
   <div class='ocr_carea' id='block_1_34' title="bbox 438 3270 2017 3344">
    <p class='ocr_par' dir='ltr' id='par_1_34' title="bbox 438 3270 2017 3344">
     <span class='ocr_line' id='line_1_34' title="bbox 438 3270 2017 3344; baseline 0.006 -20"><span class='ocrx_word' id='word_1_229' title='bbox 438 3270 687 3341; x_wconf 89' lang='lat' dir='ltr'><strong>Seipsum</strong></span> <span class='ocrx_word' id='word_1_230' title='bbox 717 3286 848 3343; x_wconf 77' lang='lat' dir='ltr'><strong>ergo</strong></span> <span class='ocrx_word' id='word_1_231' title='bbox 877 3275 1240 3340; x_wconf 88' lang='lat' dir='ltr'><strong>condemnat,</strong></span> <span class='ocrx_word' id='word_1_232' title='bbox 1271 3273 1414 3344; x_wconf 90' lang='lat' dir='ltr'><strong>quod</strong></span> <span class='ocrx_word' id='word_1_233' title='bbox 1468 3277 1822 3332; x_wconf 77' lang='lat' dir='ltr'><strong>coaturbatus</strong></span> <span class='ocrx_word' id='word_1_234' title='bbox 1860 3278 2017 3333; x_wconf 81' lang='lat' dir='ltr'><strong>fuerit</strong></span> 
     </span>
    </p>
   </div>
   <div class='ocr_carea' id='block_1_35' title="bbox 437 3364 2018 3433">
    <p class='ocr_par' dir='ltr' id='par_1_35' title="bbox 437 3364 2018 3433">
     <span class='ocr_line' id='line_1_35' title="bbox 437 3364 2018 3433; baseline 0.006 -19"><span class='ocrx_word' id='word_1_235' title='bbox 437 3371 603 3432; x_wconf 87' lang='lat' dir='ltr'><strong>atque</strong></span> <span class='ocrx_word' id='word_1_236' title='bbox 632 3364 799 3418; x_wconf 91' lang='lat' dir='ltr'><strong>animi</strong></span> <span class='ocrx_word' id='word_1_237' title='bbox 837 3365 1284 3433; x_wconf 84' lang='lat' dir='ltr'><strong>tranquillitatem</strong></span> <span class='ocrx_word' id='word_1_238' title='bbox 1317 3367 1564 3421; x_wconf 81' lang='lat' dir='ltr'><strong>amiserit</strong></span> <span class='ocrx_word' id='word_1_239' title='bbox 1600 3384 1618 3417; x_wconf 81' lang='grc' dir='ltr'><strong>ι</strong></span> <span class='ocrx_word' id='word_1_240' title='bbox 1674 3383 1701 3419; x_wconf 93' lang='lat' dir='ltr'><strong>a</strong></span> <span class='ocrx_word' id='word_1_241' title='bbox 1749 3383 1879 3422; x_wconf 87' lang='lat' dir='ltr'><strong>voce</strong></span> <span class='ocrx_word' id='word_1_242' title='bbox 1914 3369 2018 3422; x_wconf 87' lang='lat' dir='ltr'><strong>ini—</strong></span> 
     </span>
    </p>
   </div>
   <div class='ocr_carea' id='block_1_36' title="bbox 437 3457 2022 3531">
    <p class='ocr_par' dir='ltr' id='par_1_36' title="bbox 437 3457 2022 3531">
     <span class='ocr_line' id='line_1_36' title="bbox 437 3457 2022 3531; baseline 0.003 -21"><span class='ocrx_word' id='word_1_243' title='bbox 437 3459 562 3511; x_wconf 90' lang='lat' dir='ltr'><strong>mici</strong></span> <span class='ocrx_word' id='word_1_244' title='bbox 601 3467 656 3513; x_wconf 88' lang='lat' dir='ltr'><strong>et</strong></span> <span class='ocrx_word' id='word_1_245' title='bbox 684 3472 711 3510; x_wconf 91' lang='lat' dir='ltr'><strong>a</strong></span> <span class='ocrx_word' id='word_1_246' title='bbox 750 3457 1101 3513; x_wconf 90' lang='lat' dir='ltr'><strong>tribulatione</strong></span> <span class='ocrx_word' id='word_1_247' title='bbox 1131 3459 1484 3527; x_wconf 66' lang='lat' dir='ltr'><strong>peccatoris.»</strong></span> <span class='ocrx_word' id='word_1_248' title='bbox 1521 3459 1828 3514; x_wconf 82' lang='lat' dir='ltr'><strong>Couiitetur</strong></span> <span class='ocrx_word' id='word_1_249' title='bbox 1857 3462 2022 3531; x_wconf 86' lang='lat' dir='ltr'><strong>igitur</strong></span> 
     </span>
    </p>
   </div>
   <div class='ocr_carea' id='block_1_37' title="bbox 437 3547 2017 3619">
    <p class='ocr_par' dir='ltr' id='par_1_37' title="bbox 437 3547 2017 3619">
     <span class='ocr_line' id='line_1_37' title="bbox 437 3547 2017 3619; baseline 0.001 -17"><span class='ocrx_word' id='word_1_250' title='bbox 437 3547 731 3619; x_wconf 86' lang='lat' dir='ltr'><strong>Propheta,</strong></span> <span class='ocrx_word' id='word_1_251' title='bbox 770 3558 828 3602; x_wconf 90' lang='lat' dir='ltr'><strong>ut</strong></span> <span class='ocrx_word' id='word_1_252' title='bbox 882 3549 1077 3603; x_wconf 85' lang='lat' dir='ltr'><strong>doceat</strong></span> <span class='ocrx_word' id='word_1_253' title='bbox 1117 3564 1214 3602; x_wconf 91' lang='lat' dir='ltr'><strong>nos</strong></span> <span class='ocrx_word' id='word_1_254' title='bbox 1247 3547 1530 3612; x_wconf 77' lang='lat' dir='ltr'><strong>confiteri,</strong></span> <span class='ocrx_word' id='word_1_255' title='bbox 1583 3563 1874 3618; x_wconf 84' lang='lat' dir='ltr'><strong>personam</strong></span> <span class='ocrx_word' id='word_1_256' title='bbox 1922 3566 2017 3603; x_wconf 86' lang='lat' dir='ltr'><strong>no-</strong></span> 
     </span>
    </p>
   </div>
   <div class='ocr_carea' id='block_1_38' title="bbox 435 3651 951 3696">
    <p class='ocr_par' dir='ltr' id='par_1_38' title="bbox 435 3651 951 3696">
     <span class='ocr_line' id='line_1_38' title="bbox 435 3651 951 3696; baseline -0.002 -2"><span class='ocrx_word' id='word_1_257' title='bbox 435 3651 610 3696; x_wconf 85' lang='lat' dir='ltr'><strong>stram</strong></span> <span class='ocrx_word' id='word_1_258' title='bbox 645 3656 951 3694; x_wconf 74' lang='lat' dir='ltr'><strong>assumens.</strong></span> 
     </span>
    </p>
   </div>
   <div class='ocr_carea' id='block_1_39' title="bbox 513 3732 2020 3787">
    <p class='ocr_par' dir='ltr' id='par_1_39' title="bbox 513 3732 2020 3787">
     <span class='ocr_line' id='line_1_39' title="bbox 513 3732 2020 3787; baseline 0.001 -2"><span class='ocrx_word' id='word_1_259' title='bbox 513 3732 673 3786; x_wconf 76' lang='lat' dir='ltr'><strong>Vens.</strong></span> <span class='ocrx_word' id='word_1_260' title='bbox 701 3733 755 3786; x_wconf 74' lang='grc'><strong>4.</strong></span> <span class='ocrx_word' id='word_1_261' title='bbox 807 3732 876 3786; x_wconf 85' lang='grc' dir='ltr'>Ει</span> <span class='ocrx_word' id='word_1_262' title='bbox 923 3735 1264 3786; x_wconf 79' lang='lat' dir='ltr'><strong>conturbatus</strong></span> <span class='ocrx_word' id='word_1_263' title='bbox 1303 3748 1416 3785; x_wconf 75' lang='lat' dir='ltr'><strong>sunt</strong></span> <span class='ocrx_word' id='word_1_264' title='bbox 1462 3749 1492 3784; x_wconf 91' lang='lat' dir='ltr'><strong>a</strong></span> <span class='ocrx_word' id='word_1_265' title='bbox 1527 3748 1646 3786; x_wconf 85' lang='lat' dir='ltr'><strong>voce</strong></span> <span class='ocrx_word' id='word_1_266' title='bbox 1682 3733 1882 3786; x_wconf 83' lang='lat' dir='ltr'><strong>inimici</strong></span> <span class='ocrx_word' id='word_1_267' title='bbox 1913 3743 1960 3787; x_wconf 89' lang='lat' dir='ltr'><strong>et</strong></span> <span class='ocrx_word' id='word_1_268' title='bbox 1989 3752 2020 3787; x_wconf 84' lang='grc' dir='ltr'><strong>α</strong></span> 
     </span>
    </p>
   </div>
   <div class='ocr_carea' id='block_1_40' title="bbox 435 3823 2020 3895">
    <p class='ocr_par' dir='ltr' id='par_1_40' title="bbox 435 3823 2020 3895">
     <span class='ocr_line' id='line_1_40' title="bbox 435 3823 2020 3895; baseline -0.001 -17"><span class='ocrx_word' id='word_1_269' title='bbox 435 3825 783 3879; x_wconf 84' lang='lat' dir='ltr'><strong>tribulatione</strong></span> <span class='ocrx_word' id='word_1_270' title='bbox 822 3825 1116 3894; x_wconf 81' lang='lat' dir='ltr'><strong>peccatoris</strong></span> <span class='ocrx_word' id='word_1_271' title='bbox 1146 3839 1167 3879; x_wconf 90' lang='lat'><strong><em>:</em></strong></span> <span class='ocrx_word' id='word_1_272' title='bbox 1212 3825 1460 3895; x_wconf 85' lang='lat' dir='ltr'><strong>quoniam</strong></span> <span class='ocrx_word' id='word_1_273' title='bbox 1516 3823 1911 3878; x_wconf 80' lang='lat' dir='ltr'><strong>declinaverunt</strong></span> <span class='ocrx_word' id='word_1_274' title='bbox 1964 3825 2020 3879; x_wconf 89' lang='lat' dir='ltr'><strong>in</strong></span> 
     </span>
    </p>
   </div>
   <div class='ocr_carea' id='block_1_41' title="bbox 436 3917 2012 3989">
    <p class='ocr_par' dir='ltr' id='par_1_41' title="bbox 436 3917 2012 3989">
     <span class='ocr_line' id='line_1_41' title="bbox 436 3917 2012 3989; baseline 0.001 -21"><span class='ocrx_word' id='word_1_275' title='bbox 436 3934 516 3971; x_wconf 85' lang='lat' dir='ltr'><strong>me</strong></span> <span class='ocrx_word' id='word_1_276' title='bbox 554 3917 918 3989; x_wconf 80' lang='lat' dir='ltr'><strong>iniquitatem,</strong></span> <span class='ocrx_word' id='word_1_277' title='bbox 954 3929 1001 3971; x_wconf 88' lang='lat' dir='ltr'><strong>et</strong></span> <span class='ocrx_word' id='word_1_278' title='bbox 1045 3919 1097 3971; x_wconf 87' lang='lat' dir='ltr'><strong>in</strong></span> <span class='ocrx_word' id='word_1_279' title='bbox 1148 3919 1230 3971; x_wconf 86' lang='lat' dir='ltr'><strong>ira</strong></span> <span class='ocrx_word' id='word_1_280' title='bbox 1269 3917 1473 3971; x_wconf 77' lang='lat' dir='ltr'><strong>molesti</strong></span> <span class='ocrx_word' id='word_1_281' title='bbox 1525 3925 1679 3969; x_wconf 86' lang='lat' dir='ltr'><strong>erant</strong></span> <span class='ocrx_word' id='word_1_282' title='bbox 1723 3917 1875 3983; x_wconf 77' lang='lat' dir='ltr'><strong>milii,</strong></span> <span class='ocrx_word' id='word_1_283' title='bbox 1903 3927 2012 3971; x_wconf 88' lang='lat' dir='ltr'><strong>ctc.</strong></span> 
     </span>
    </p>
   </div>
   <div class='ocr_carea' id='block_1_42' title="bbox 432 4007 2016 4076">
    <p class='ocr_par' dir='ltr' id='par_1_42' title="bbox 432 4007 2016 4076">
     <span class='ocr_line' id='line_1_42' title="bbox 432 4007 2016 4076; baseline -0.001 -12"><span class='ocrx_word' id='word_1_284' title='bbox 432 4009 654 4064; x_wconf 83' lang='lat' dir='ltr'><strong>Christo</strong></span> <span class='ocrx_word' id='word_1_285' title='bbox 682 4009 950 4064; x_wconf 90' lang='lat' dir='ltr'><strong>liberante</strong></span> <span class='ocrx_word' id='word_1_286' title='bbox 982 4010 1230 4063; x_wconf 85' lang='lat' dir='ltr'><strong>homines</strong></span> <span class='ocrx_word' id='word_1_287' title='bbox 1273 4008 1341 4062; x_wconf 92' lang='lat' dir='ltr'><strong>ab</strong></span> <span class='ocrx_word' id='word_1_288' title='bbox 1379 4007 1708 4062; x_wconf 78' lang='lat' dir='ltr'><strong>adversnriis</strong></span> <span class='ocrx_word' id='word_1_289' title='bbox 1735 4010 2016 4076; x_wconf 89' lang='lat' dir='ltr'><strong>potestati-</strong></span> 
     </span>
    </p>
   </div>
   <div class='ocr_carea' id='block_1_43' title="bbox 433 4100 2011 4171">
    <p class='ocr_par' dir='ltr' id='par_1_43' title="bbox 433 4100 2011 4171">
     <span class='ocr_line' id='line_1_43' title="bbox 433 4100 2011 4171; baseline 0.002 -19"><span class='ocrx_word' id='word_1_290' title='bbox 433 4101 553 4166; x_wconf 86' lang='lat' dir='ltr'><strong>bus,</strong></span> <span class='ocrx_word' id='word_1_291' title='bbox 582 4116 683 4155; x_wconf 85' lang='lat' dir='ltr'><strong>vox</strong></span> <span class='ocrx_word' id='word_1_292' title='bbox 721 4101 1025 4171; x_wconf 85' lang='lat' dir='ltr'><strong>peccatoris</strong></span> <span class='ocrx_word' id='word_1_293' title='bbox 1070 4101 1270 4155; x_wconf 87' lang='lat' dir='ltr'><strong>diaboli</strong></span> <span class='ocrx_word' id='word_1_294' title='bbox 1301 4100 1595 4154; x_wconf 85' lang='lat' dir='ltr'><strong>excitantis</strong></span> <span class='ocrx_word' id='word_1_295' title='bbox 1627 4101 1877 4156; x_wconf 89' lang='lat' dir='ltr'><strong>subditas</strong></span> <span class='ocrx_word' id='word_1_296' title='bbox 1911 4103 2011 4157; x_wconf 90' lang='lat' dir='ltr'><strong>sibi</strong></span> 
     </span>
    </p>
   </div>
   <div class='ocr_carea' id='block_1_44' title="bbox 433 4191 2014 4257">
    <p class='ocr_par' dir='ltr' id='par_1_44' title="bbox 433 4191 2014 4257">
     <span class='ocr_line' id='line_1_44' title="bbox 433 4191 2014 4257; baseline 0.004 -15"><span class='ocrx_word' id='word_1_297' title='bbox 433 4193 660 4248; x_wconf 85' lang='lat' dir='ltr'><strong>virtutes</strong></span> <span class='ocrx_word' id='word_1_298' title='bbox 694 4205 881 4248; x_wconf 89' lang='lat' dir='ltr'><strong>contra</strong></span> <span class='ocrx_word' id='word_1_299' title='bbox 929 4193 1290 4257; x_wconf 83' lang='lat' dir='ltr'><strong>Salvatorem,</strong></span> <span class='ocrx_word' id='word_1_300' title='bbox 1329 4191 1380 4245; x_wconf 90' lang='lat' dir='ltr'><strong>in</strong></span> <span class='ocrx_word' id='word_1_301' title='bbox 1431 4207 1596 4248; x_wconf 85' lang='lat' dir='ltr'><strong>causa</strong></span> <span class='ocrx_word' id='word_1_302' title='bbox 1625 4193 1723 4247; x_wconf 81' lang='lat' dir='ltr'><strong>fuit</strong></span> <span class='ocrx_word' id='word_1_303' title='bbox 1774 4209 1873 4248; x_wconf 92' lang='lat' dir='ltr'><strong>cur</strong></span> <span class='ocrx_word' id='word_1_304' title='bbox 1907 4194 2014 4248; x_wconf 69' lang='lat' dir='ltr'><strong>illa:</strong></span> 
     </span>
    </p>
   </div>
   <div class='ocr_carea' id='block_1_45' title="bbox 431 4283 2015 4354">
    <p class='ocr_par' dir='ltr' id='par_1_45' title="bbox 431 4283 2015 4354">
     <span class='ocr_line' id='line_1_45' title="bbox 431 4283 2015 4354; baseline 0.001 -17"><span class='ocrx_word' id='word_1_305' title='bbox 431 4285 691 4339; x_wconf 88' lang='lat' dir='ltr'><strong>adversus</strong></span> <span class='ocrx_word' id='word_1_306' title='bbox 719 4300 842 4340; x_wconf 89' lang='lat' dir='ltr'><strong>eum</strong></span> <span class='ocrx_word' id='word_1_307' title='bbox 875 4285 1214 4354; x_wconf 87' lang='lat' dir='ltr'><strong>iniquitatem</strong></span> <span class='ocrx_word' id='word_1_308' title='bbox 1249 4283 1590 4339; x_wconf 88' lang='lat' dir='ltr'><strong>declinarent</strong></span> <span class='ocrx_word' id='word_1_309' title='bbox 1617 4295 1672 4340; x_wconf 91' lang='lat' dir='ltr'><strong>et</strong></span> <span class='ocrx_word' id='word_1_310' title='bbox 1695 4286 1746 4339; x_wconf 92' lang='lat' dir='ltr'><strong>in</strong></span> <span class='ocrx_word' id='word_1_311' title='bbox 1783 4286 1862 4340; x_wconf 91' lang='lat' dir='ltr'><strong>ira</strong></span> <span class='ocrx_word' id='word_1_312' title='bbox 1896 4301 2015 4340; x_wconf 48' lang='lat' dir='ltr'><strong>mo-</strong></span> 
     </span>
    </p>
   </div>
   <div class='ocr_carea' id='block_1_46' title="bbox 431 4371 2011 4446">
    <p class='ocr_par' dir='ltr' id='par_1_46' title="bbox 431 4371 2011 4446">
     <span class='ocr_line' id='line_1_46' title="bbox 431 4371 2011 4446; baseline 0.002 -21"><span class='ocrx_word' id='word_1_313' title='bbox 431 4371 577 4427; x_wconf 78' lang='lat' dir='ltr'><strong>testae</strong></span> <span class='ocrx_word' id='word_1_314' title='bbox 610 4372 708 4441; x_wconf 89' lang='lat' dir='ltr'><strong>ipsi</strong></span> <span class='ocrx_word' id='word_1_315' title='bbox 739 4383 942 4440; x_wconf 88' lang='lat' dir='ltr'><strong>essent,</strong></span> <span class='ocrx_word' id='word_1_316' title='bbox 983 4373 1053 4428; x_wconf 85' lang='lat' dir='ltr'><strong>ita</strong></span> <span class='ocrx_word' id='word_1_317' title='bbox 1089 4383 1146 4426; x_wconf 89' lang='lat' dir='ltr'><strong>ut</strong></span> <span class='ocrx_word' id='word_1_318' title='bbox 1180 4388 1276 4428; x_wconf 90' lang='lat' dir='ltr'><strong>cor</strong></span> <span class='ocrx_word' id='word_1_319' title='bbox 1300 4371 1423 4428; x_wconf 82' lang='lat' dir='ltr'><strong>Jesu</strong></span> <span class='ocrx_word' id='word_1_320' title='bbox 1461 4377 1770 4430; x_wconf 89' lang='lat' dir='ltr'><strong>turbaretur</strong></span> <span class='ocrx_word' id='word_1_321' title='bbox 1796 4375 1850 4429; x_wconf 94' lang='lat' dir='ltr'><strong>in</strong></span> <span class='ocrx_word' id='word_1_322' title='bbox 1876 4376 2011 4446; x_wconf 90' lang='lat' dir='ltr'><strong>ipso,</strong></span> 
     </span>
    </p>
   </div>
   <div class='ocr_carea' id='block_1_47' title="bbox 2148 605 3733 691">
    <p class='ocr_par' dir='ltr' id='par_1_47' title="bbox 2148 605 3733 691">
     <span class='ocr_line' id='line_1_47' title="bbox 2148 605 3733 691; baseline 0.012 -35"><span class='ocrx_word' id='word_1_323' title='bbox 2148 605 2452 675; x_wconf 85' lang='grc' dir='ltr'>διορατικὸς</span> <span class='ocrx_word' id='word_1_324' title='bbox 2485 609 2762 681; x_wconf 66' lang='grc' dir='ltr'>ὀφθαλμὸς</span> <span class='ocrx_word' id='word_1_325' title='bbox 2783 653 2796 675; x_wconf 94' lang='grc'><strong>,</strong></span> <span class='ocrx_word' id='word_1_326' title='bbox 2823 613 3182 684; x_wconf 78' lang='grc' dir='ltr'>ἀπατώμενος</span> <span class='ocrx_word' id='word_1_327' title='bbox 3216 618 3308 670; x_wconf 69' lang='grc' dir='ltr'><strong>καὶ</strong></span> <span class='ocrx_word' id='word_1_328' title='bbox 3345 618 3605 691; x_wconf 82' lang='grc' dir='ltr'>παρορῶν</span> <span class='ocrx_word' id='word_1_329' title='bbox 3625 663 3638 684; x_wconf 89' lang='grc'><strong>,</strong></span> <span class='ocrx_word' id='word_1_330' title='bbox 3672 622 3733 675; x_wconf 73' lang='grc' dir='ltr'><strong>τὸ</strong></span> 
     </span>
    </p>
   </div>
   <div class='ocr_carea' id='block_1_48' title="bbox 2150 699 3670 782">
    <p class='ocr_par' dir='ltr' id='par_1_48' title="bbox 2150 699 3670 782">
     <span class='ocr_line' id='line_1_48' title="bbox 2150 699 3670 782; baseline 0.01 -33"><span class='ocrx_word' id='word_1_331' title='bbox 2150 699 2342 770; x_wconf 76' lang='grc' dir='ltr'>ἐχθρὸν</span> <span class='ocrx_word' id='word_1_332' title='bbox 2372 702 2446 764; x_wconf 81' lang='grc' dir='ltr'>ὡς</span> <span class='ocrx_word' id='word_1_333' title='bbox 2481 701 2632 770; x_wconf 74' lang='grc' dir='ltr'>φίλον</span> <span class='ocrx_word' id='word_1_334' title='bbox 2669 703 2921 774; x_wconf 66' lang='grc' dir='ltr'>βλέψεται</span> <span class='ocrx_word' id='word_1_335' title='bbox 2942 746 2956 770; x_wconf 88' lang='grc'><strong>,</strong></span> <span class='ocrx_word' id='word_1_336' title='bbox 2981 708 3072 759; x_wconf 75' lang='grc' dir='ltr'><strong>καὶ</strong></span> <span class='ocrx_word' id='word_1_337' title='bbox 3092 708 3151 760; x_wconf 75' lang='grc' dir='ltr'><strong>τὸ</strong></span> <span class='ocrx_word' id='word_1_338' title='bbox 3183 709 3332 777; x_wconf 83' lang='grc' dir='ltr'>φίλον</span> <span class='ocrx_word' id='word_1_339' title='bbox 3355 710 3430 774; x_wconf 81' lang='grc' dir='ltr'><strong>ὡς</strong></span> <span class='ocrx_word' id='word_1_340' title='bbox 3460 711 3670 782; x_wconf 81' lang='grc' dir='ltr'>ἐχθρόν.</span> 
     </span>
    </p>
   </div>
   <div class='ocr_carea' id='block_1_49' title="bbox 2755 1072 3193 1128">
    <p class='ocr_par' dir='ltr' id='par_1_49' title="bbox 2755 1072 3193 1128">
     <span class='ocr_line' id='line_1_49' title="bbox 2755 1072 3193 1128; baseline 0.009 -4"><span class='ocrx_word' id='word_1_341' title='bbox 2755 1072 3042 1128; x_wconf 71' lang='grc' dir='ltr'><strong>ΨΑΛΜΟΣ</strong></span> <span class='ocrx_word' id='word_1_342' title='bbox 3068 1075 3193 1128; x_wconf 75' lang='lat' dir='ltr'><strong>NA’.</strong></span> 
     </span>
    </p>
   </div>
   <div class='ocr_carea' id='block_1_50' title="bbox 2230 1162 3723 1237">
    <p class='ocr_par' dir='ltr' id='par_1_50' title="bbox 2230 1162 3723 1237">
     <span class='ocr_line' id='line_1_50' title="bbox 2230 1162 3723 1237; baseline 0.007 -24"><span class='ocrx_word' id='word_1_343' title='bbox 2230 1162 2556 1228; x_wconf 72' lang='lat' dir='ltr'><strong>&#39;E-rtbtto&#39;m,</strong></span> <span class='ocrx_word' id='word_1_344' title='bbox 2577 1167 2608 1216; x_wconf 93' lang='lat' dir='ltr'><strong>o&#39;</strong></span> <span class='ocrx_word' id='word_1_345' title='bbox 2639 1163 2802 1230; x_wconf 79' lang='grc' dir='ltr'>Θεὸς,</span> <span class='ocrx_word' id='word_1_346' title='bbox 2829 1165 2942 1232; x_wconf 76' lang='grc' dir='ltr'><strong>τὴν</strong></span> <span class='ocrx_word' id='word_1_347' title='bbox 2967 1165 3318 1234; x_wconf 71' lang='grc' dir='ltr'>προσευχήν</span> <span class='ocrx_word' id='word_1_348' title='bbox 3341 1185 3483 1237; x_wconf 81' lang='grc' dir='ltr'>μου,</span> <span class='ocrx_word' id='word_1_349' title='bbox 3518 1186 3572 1225; x_wconf 85' lang='grc' dir='ltr'>κ.</span> <span class='ocrx_word' id='word_1_350' title='bbox 3603 1185 3652 1223; x_wconf 86' lang='grc' dir='ltr'><strong>τ.</strong></span> <span class='ocrx_word' id='word_1_351' title='bbox 3677 1169 3723 1223; x_wconf 80' lang='grc' dir='ltr'><strong>ἑ.</strong></span> 
     </span>
    </p>
   </div>
   <div class='ocr_carea' id='block_1_51' title="bbox 2145 1253 3728 1331">
    <p class='ocr_par' dir='ltr' id='par_1_51' title="bbox 2145 1253 3728 1331">
     <span class='ocr_line' id='line_1_51' title="bbox 2145 1253 3728 1331; baseline 0.006 -26"><span class='ocrx_word' id='word_1_352' title='bbox 2145 1253 2332 1316; x_wconf 76' lang='grc' dir='ltr'>υὺδεὶς</span> <span class='ocrx_word' id='word_1_353' title='bbox 2361 1253 2469 1306; x_wconf 79' lang='grc' dir='ltr'><strong>τῶν</strong></span> <span class='ocrx_word' id='word_1_354' title='bbox 2492 1253 2602 1324; x_wconf 77' lang='grc'>(57)</span> <span class='ocrx_word' id='word_1_355' title='bbox 2634 1256 3071 1327; x_wconf 83' lang='grc' dir='ltr'>ἁμαρτανόντων,</span> <span class='ocrx_word' id='word_1_356' title='bbox 3097 1257 3330 1328; x_wconf 83' lang='grc' dir='ltr'>μάλιστα</span> <span class='ocrx_word' id='word_1_357' title='bbox 3345 1260 3492 1328; x_wconf 78' lang='grc' dir='ltr'>παρὰ</span> <span class='ocrx_word' id='word_1_358' title='bbox 3512 1260 3602 1314; x_wconf 79' lang='grc' dir='ltr'><strong>τὸν</strong></span> <span class='ocrx_word' id='word_1_359' title='bbox 3629 1262 3728 1331; x_wconf 79' lang='grc' dir='ltr'>τῆς</span> 
     </span>
    </p>
   </div>
   <div class='ocr_carea' id='block_1_52' title="bbox 2145 1344 3726 1422">
    <p class='ocr_par' dir='ltr' id='par_1_52' title="bbox 2145 1344 3726 1422">
     <span class='ocr_line' id='line_1_52' title="bbox 2145 1344 3726 1422; baseline 0.007 -28"><span class='ocrx_word' id='word_1_360' title='bbox 2145 1344 2416 1414; x_wconf 88' lang='grc' dir='ltr'>ἁμαρτίας</span> <span class='ocrx_word' id='word_1_361' title='bbox 2454 1345 2678 1415; x_wconf 81' lang='grc' dir='ltr'>καιρὸν,</span> <span class='ocrx_word' id='word_1_362' title='bbox 2717 1345 2856 1399; x_wconf 85' lang='grc' dir='ltr'>θέλοι</span> <span class='ocrx_word' id='word_1_363' title='bbox 2888 1347 2954 1399; x_wconf 82' lang='grc' dir='ltr'><strong>ἂν</strong></span> <span class='ocrx_word' id='word_1_364' title='bbox 2984 1347 3070 1400; x_wconf 80' lang='grc' dir='ltr'><strong>ἵνα</strong></span> <span class='ocrx_word' id='word_1_365' title='bbox 3115 1349 3356 1420; x_wconf 83' lang='grc' dir='ltr'>προσέχῃ</span> <span class='ocrx_word' id='word_1_366' title='bbox 3396 1349 3543 1420; x_wconf 83' lang='grc' dir='ltr'>αὐτῷ</span> <span class='ocrx_word' id='word_1_367' title='bbox 3588 1351 3726 1422; x_wconf 80' lang='grc' dir='ltr'>ἀνὴρ</span> 
     </span>
    </p>
   </div>
   <div class='ocr_carea' id='block_1_53' title="bbox 2144 1433 3720 1510">
    <p class='ocr_par' dir='ltr' id='par_1_53' title="bbox 2144 1433 3720 1510">
     <span class='ocr_line' id='line_1_53' title="bbox 2144 1433 3720 1510; baseline 0.006 -24"><span class='ocrx_word' id='word_1_368' title='bbox 2144 1433 2473 1504; x_wconf 76' lang='grc' dir='ltr'>σεϐάσμιος,</span> <span class='ocrx_word' id='word_1_369' title='bbox 2529 1437 2681 1506; x_wconf 83' lang='grc' dir='ltr'>πόσῳ</span> <span class='ocrx_word' id='word_1_370' title='bbox 2719 1433 2878 1508; x_wconf 81' lang='grc' dir='ltr'>ἦττον</span> <span class='ocrx_word' id='word_1_371' title='bbox 2929 1439 3080 1502; x_wconf 85' lang='grc' dir='ltr'>Θεός.</span> <span class='ocrx_word' id='word_1_372' title='bbox 3147 1441 3318 1510; x_wconf 78' lang='grc' dir='ltr'>Εἴπερ</span> <span class='ocrx_word' id='word_1_373' title='bbox 3385 1445 3584 1505; x_wconf 78' lang='grc' dir='ltr'>συνιεῖς</span> <span class='ocrx_word' id='word_1_374' title='bbox 3640 1442 3720 1505; x_wconf 79' lang='grc' dir='ltr'><strong>τὸ,</strong></span> 
     </span>
    </p>
   </div>
   <div class='ocr_carea' id='block_1_54' title="bbox 2143 1525 3725 1602">
    <p class='ocr_par' dir='ltr' id='par_1_54' title="bbox 2143 1525 3725 1602">
     <span class='ocr_line' id='line_1_54' title="bbox 2143 1525 3725 1602; baseline 0.005 -27"><span class='ocrx_word' id='word_1_375' title='bbox 2143 1544 2159 1575; x_wconf 82' lang='grc' dir='ltr'><strong>ι</strong></span> <span class='ocrx_word' id='word_1_376' title='bbox 2202 1525 2580 1590; x_wconf 86' lang='grc' dir='ltr'>Ἐνωτίσασθε,</span> <span class='ocrx_word' id='word_1_377' title='bbox 2607 1527 2804 1590; x_wconf 85' lang='grc' dir='ltr'>πάντες</span> <span class='ocrx_word' id='word_1_378' title='bbox 2838 1529 2886 1579; x_wconf 84' lang='lat' dir='ltr'><strong>oi</strong></span> <span class='ocrx_word' id='word_1_379' title='bbox 2925 1528 3305 1593; x_wconf 88' lang='grc' dir='ltr'>κατοικοῦντες</span> <span class='ocrx_word' id='word_1_380' title='bbox 3347 1531 3444 1600; x_wconf 79' lang='grc' dir='ltr'><strong>τὴν</strong></span> <span class='ocrx_word' id='word_1_381' title='bbox 3478 1534 3725 1602; x_wconf 75' lang='grc' dir='ltr'>οἰκουμέ-</span> 
     </span>
    </p>
   </div>
   <div class='ocr_carea' id='block_1_55' title="bbox 2136 1613 3724 1690">
    <p class='ocr_par' dir='ltr' id='par_1_55' title="bbox 2136 1613 3724 1690">
     <span class='ocr_line' id='line_1_55' title="bbox 2136 1613 3724 1690; baseline 0.006 -25"><span class='ocrx_word' id='word_1_382' title='bbox 2136 1632 2233 1686; x_wconf 87' lang='grc' dir='ltr'><strong>νην</strong></span> <span class='ocrx_word' id='word_1_383' title='bbox 2253 1655 2267 1677; x_wconf 90' lang='grc'><strong>,</strong></span> <span class='ocrx_word' id='word_1_384' title='bbox 2303 1635 2321 1666; x_wconf 69' lang='grc' dir='ltr'><strong>ι</strong></span> <span class='ocrx_word' id='word_1_385' title='bbox 2365 1614 2432 1666; x_wconf 80' lang='grc' dir='ltr'>τὰ</span> <span class='ocrx_word' id='word_1_386' title='bbox 2459 1613 2638 1686; x_wconf 77' lang='grc' dir='ltr'>ἔρημα</span> <span class='ocrx_word' id='word_1_387' title='bbox 2669 1616 2760 1669; x_wconf 87' lang='grc' dir='ltr'><strong>τοῦ</strong></span> <span class='ocrx_word' id='word_1_388' title='bbox 2795 1616 2952 1685; x_wconf 83' lang='grc' dir='ltr'>λόγου</span> <span class='ocrx_word' id='word_1_389' title='bbox 2987 1618 3088 1688; x_wconf 86' lang='grc' dir='ltr'>τῆς</span> <span class='ocrx_word' id='word_1_390' title='bbox 3117 1620 3314 1683; x_wconf 83' lang='grc' dir='ltr'>κακίας</span> <span class='ocrx_word' id='word_1_391' title='bbox 3353 1622 3528 1690; x_wconf 82' lang='grc' dir='ltr'>χωρία</span> <span class='ocrx_word' id='word_1_392' title='bbox 3557 1639 3724 1674; x_wconf 87' lang='grc' dir='ltr'>κατα-</span> 
     </span>
    </p>
   </div>
   <div class='ocr_carea' id='block_1_56' title="bbox 2132 1703 3725 1781">
    <p class='ocr_par' dir='ltr' id='par_1_56' title="bbox 2132 1703 3725 1781">
     <span class='ocr_line' id='line_1_56' title="bbox 2132 1703 3725 1781; baseline 0.004 -24"><span class='ocrx_word' id='word_1_393' title='bbox 2132 1703 2301 1757; x_wconf 84' lang='grc' dir='ltr'>λιπὼν</span> <span class='ocrx_word' id='word_1_394' title='bbox 2325 1745 2339 1770; x_wconf 94' lang='grc'><strong>,</strong></span> <span class='ocrx_word' id='word_1_395' title='bbox 2368 1706 2628 1778; x_wconf 76' lang='grc' dir='ltr'><strong>ἐλήλυθας</strong></span> <span class='ocrx_word' id='word_1_396' title='bbox 2657 1708 2749 1760; x_wconf 78' lang='grc' dir='ltr'><strong>ἐπὶ</strong></span> <span class='ocrx_word' id='word_1_397' title='bbox 2775 1708 3240 1781; x_wconf 82' lang='grc' dir='ltr'>τὴνοίκουμένην,</span> <span class='ocrx_word' id='word_1_398' title='bbox 3265 1711 3357 1764; x_wconf 74' lang='grc' dir='ltr'><strong>καὶ</strong></span> <span class='ocrx_word' id='word_1_399' title='bbox 3392 1711 3561 1764; x_wconf 83' lang='grc' dir='ltr'>ἐλθὼν</span> <span class='ocrx_word' id='word_1_400' title='bbox 3591 1730 3725 1766; x_wconf 82' lang='grc' dir='ltr'>κατ·</span> 
     </span>
    </p>
   </div>
   <div class='ocr_carea' id='block_1_57' title="bbox 1473 1797 3720 1871">
    <p class='ocr_par' dir='ltr' id='par_1_57' title="bbox 1473 1797 3720 1871">
     <span class='ocr_line' id='line_1_57' title="bbox 1473 1797 3720 1871; baseline 0.003 -22"><span class='ocrx_word' id='word_1_401' title='bbox 1473 1801 1657 1868; x_wconf 74' lang='grc' dir='ltr'>υειις,</span> <span class='ocrx_word' id='word_1_402' title='bbox 1727 1803 2028 1858; x_wconf 77' lang='lat' dir='ltr'><strong>orationem</strong></span> <span class='ocrx_word' id='word_1_403' title='bbox 2065 1803 2106 1858; x_wconf 86' lang='grc' dir='ltr'><strong><em>Β</em></strong></span> <span class='ocrx_word' id='word_1_404' title='bbox 2131 1797 2337 1868; x_wconf 78' lang='grc' dir='ltr'>ᾠκισας</span> <span class='ocrx_word' id='word_1_405' title='bbox 2382 1801 2439 1851; x_wconf 90' lang='grc' dir='ltr'><strong>ἐν</strong></span> <span class='ocrx_word' id='word_1_406' title='bbox 2484 1801 2644 1871; x_wconf 77' lang='grc' dir='ltr'>αὐτῇ.</span> <span class='ocrx_word' id='word_1_407' title='bbox 2690 1801 2800 1852; x_wconf 72' lang='grc' dir='ltr'><strong>Καὶ</strong></span> <span class='ocrx_word' id='word_1_408' title='bbox 2837 1801 3099 1864; x_wconf 84' lang='grc' dir='ltr'>ἐνωτίσας</span> <span class='ocrx_word' id='word_1_409' title='bbox 3147 1803 3213 1855; x_wconf 84' lang='grc' dir='ltr'>τὰ</span> <span class='ocrx_word' id='word_1_410' title='bbox 3253 1802 3412 1870; x_wconf 85' lang='grc' dir='ltr'>λόγια</span> <span class='ocrx_word' id='word_1_411' title='bbox 3447 1803 3542 1856; x_wconf 87' lang='grc' dir='ltr'><strong>τοῦ</strong></span> <span class='ocrx_word' id='word_1_412' title='bbox 3583 1804 3720 1856; x_wconf 87' lang='grc' dir='ltr'>Θεοῦ</span> 
     </span>
    </p>
   </div>
   <div class='ocr_carea' id='block_1_58' title="bbox 2131 1891 3720 1967">
    <p class='ocr_par' dir='ltr' id='par_1_58' title="bbox 2131 1891 3720 1967">
     <span class='ocr_line' id='line_1_58' title="bbox 2131 1891 3720 1967; baseline 0.004 -24"><span class='ocrx_word' id='word_1_413' title='bbox 2131 1891 2276 1961; x_wconf 60' lang='grc' dir='ltr'>λέγε</span> <span class='ocrx_word' id='word_1_414' title='bbox 2308 1911 2325 1942; x_wconf 83' lang='grc' dir='ltr'><strong>ι</strong></span> <span class='ocrx_word' id='word_1_415' title='bbox 2360 1892 2665 1954; x_wconf 83' lang='grc' dir='ltr'>Ἐνώτισαι,</span> <span class='ocrx_word' id='word_1_416' title='bbox 2694 1892 2722 1944; x_wconf 87' lang='grc' dir='ltr'>ὁ</span> <span class='ocrx_word' id='word_1_417' title='bbox 2754 1892 2904 1956; x_wconf 81' lang='grc' dir='ltr'>Θεὸς,</span> <span class='ocrx_word' id='word_1_418' title='bbox 2931 1894 3027 1965; x_wconf 84' lang='grc' dir='ltr'><strong>τὴν</strong></span> <span class='ocrx_word' id='word_1_419' title='bbox 3057 1897 3364 1966; x_wconf 84' lang='grc' dir='ltr'>προσευχήν</span> <span class='ocrx_word' id='word_1_420' title='bbox 3407 1913 3528 1967; x_wconf 91' lang='grc' dir='ltr'>μου,</span> <span class='ocrx_word' id='word_1_421' title='bbox 3568 1916 3587 1949; x_wconf 73' lang='grc' dir='ltr'><strong>ι</strong></span> <span class='ocrx_word' id='word_1_422' title='bbox 3627 1899 3720 1952; x_wconf 70' lang='grc' dir='ltr'><strong>καὶ</strong></span> 
     </span>
    </p>
   </div>
   <div class='ocr_carea' id='block_1_59' title="bbox 2131 1984 3719 2058">
    <p class='ocr_par' dir='ltr' id='par_1_59' title="bbox 2131 1984 3719 2058">
     <span class='ocr_line' id='line_1_59' title="bbox 2131 1984 3719 2058; baseline 0.004 -22"><span class='ocrx_word' id='word_1_423' title='bbox 2131 1984 2483 2050; x_wconf 79' lang='grc' dir='ltr'>ἐνωτίσεται,</span> <span class='ocrx_word' id='word_1_424' title='bbox 2533 1984 2666 2038; x_wconf 77' lang='grc' dir='ltr'>ἀλλὰ</span> <span class='ocrx_word' id='word_1_425' title='bbox 2713 1986 2806 2038; x_wconf 68' lang='grc' dir='ltr'><strong>καὶ</strong></span> <span class='ocrx_word' id='word_1_426' title='bbox 2853 1985 2927 2056; x_wconf 83' lang='grc' dir='ltr'>μὴ</span> <span class='ocrx_word' id='word_1_427' title='bbox 2973 1985 3242 2058; x_wconf 81' lang='grc' dir='ltr'>ὑπεριδὼν</span> <span class='ocrx_word' id='word_1_428' title='bbox 3293 1987 3548 2058; x_wconf 75' lang='grc' dir='ltr'>δεομένου</span> <span class='ocrx_word' id='word_1_429' title='bbox 3601 2006 3719 2043; x_wconf 87' lang='grc' dir='ltr'>σου.</span> 
     </span>
    </p>
   </div>
   <div class='ocr_carea' id='block_1_60' title="bbox 2129 2073 3719 2153">
    <p class='ocr_par' dir='ltr' id='par_1_60' title="bbox 2129 2073 3719 2153">
     <span class='ocr_line' id='line_1_60' title="bbox 2129 2073 3719 2153; baseline 0.004 -28"><span class='ocrx_word' id='word_1_430' title='bbox 2129 2073 2332 2146; x_wconf 77' lang='grc' dir='ltr'>Θάρρει</span> <span class='ocrx_word' id='word_1_431' title='bbox 2368 2075 2443 2138; x_wconf 84' lang='grc' dir='ltr'>ὡς</span> <span class='ocrx_word' id='word_1_432' title='bbox 2483 2077 2580 2146; x_wconf 82' lang='grc' dir='ltr'>οὐχ</span> <span class='ocrx_word' id='word_1_433' title='bbox 2628 2075 3145 2153; x_wconf 80' lang='grc' dir='ltr'>ὑπεροφθησόμενος</span> <span class='ocrx_word' id='word_1_434' title='bbox 3187 2080 3360 2130; x_wconf 82' lang='grc' dir='ltr'>εἰπεῖν</span> <span class='ocrx_word' id='word_1_435' title='bbox 3383 2095 3396 2109; x_wconf 87' lang='grc'><strong>·</strong></span> <span class='ocrx_word' id='word_1_436' title='bbox 3445 2096 3463 2128; x_wconf 81' lang='grc' dir='ltr'><strong>ι</strong></span> <span class='ocrx_word' id='word_1_437' title='bbox 3499 2079 3608 2130; x_wconf 69' lang='grc' dir='ltr'><strong>Καὶ</strong></span> <span class='ocrx_word' id='word_1_438' title='bbox 3645 2079 3719 2150; x_wconf 83' lang='grc' dir='ltr'>μὴ</span> 
     </span>
    </p>
   </div>
   <div class='ocr_carea' id='block_1_61' title="bbox 2130 2166 3719 2241">
    <p class='ocr_par' dir='ltr' id='par_1_61' title="bbox 2130 2166 3719 2241">
     <span class='ocr_line' id='line_1_61' title="bbox 2130 2166 3719 2241; baseline 0.003 -24"><span class='ocrx_word' id='word_1_439' title='bbox 2130 2166 2388 2240; x_wconf 84' lang='grc' dir='ltr'>ὑπερίδῃς</span> <span class='ocrx_word' id='word_1_440' title='bbox 2433 2167 2531 2235; x_wconf 86' lang='grc' dir='ltr'><strong>τὴν</strong></span> <span class='ocrx_word' id='word_1_441' title='bbox 2582 2167 2769 2239; x_wconf 85' lang='grc' dir='ltr'>δέησίν</span> <span class='ocrx_word' id='word_1_442' title='bbox 2802 2184 2922 2238; x_wconf 89' lang='grc' dir='ltr'>μου.</span> <span class='ocrx_word' id='word_1_443' title='bbox 2967 2189 2985 2220; x_wconf 86' lang='grc'><strong>›</strong></span> <span class='ocrx_word' id='word_1_444' title='bbox 3039 2169 3200 2221; x_wconf 82' lang='grc' dir='ltr'>Ἀλλὰ</span> <span class='ocrx_word' id='word_1_445' title='bbox 3229 2171 3322 2222; x_wconf 70' lang='grc' dir='ltr'><strong>καὶ</strong></span> <span class='ocrx_word' id='word_1_446' title='bbox 3355 2170 3400 2221; x_wconf 88' lang='grc' dir='ltr'><strong>εί</strong></span> <span class='ocrx_word' id='word_1_447' title='bbox 3430 2172 3719 2241; x_wconf 85' lang='grc' dir='ltr'>προσέχεις</span> 
     </span>
    </p>
   </div>
   <div class='ocr_carea' id='block_1_62' title="bbox 2127 2258 3718 2333">
    <p class='ocr_par' dir='ltr' id='par_1_62' title="bbox 2127 2258 3718 2333">
     <span class='ocr_line' id='line_1_62' title="bbox 2127 2258 3718 2333; baseline 0.002 -22"><span class='ocrx_word' id='word_1_448' title='bbox 2127 2258 2264 2329; x_wconf 80' lang='grc' dir='ltr'>Θεῷ,</span> <span class='ocrx_word' id='word_1_449' title='bbox 2296 2259 2570 2324; x_wconf 85' lang='grc' dir='ltr'>πεποιθὼς</span> <span class='ocrx_word' id='word_1_450' title='bbox 2596 2261 2763 2332; x_wconf 76' lang='grc' dir='ltr'>αὐτῷ,</span> <span class='ocrx_word' id='word_1_451' title='bbox 2790 2261 2913 2330; x_wconf 86' lang='grc' dir='ltr'>λέγε</span> <span class='ocrx_word' id='word_1_452' title='bbox 2937 2263 2996 2315; x_wconf 90' lang='grc' dir='ltr'><strong>τό</strong></span> <span class='ocrx_word' id='word_1_453' title='bbox 3018 2281 3030 2293; x_wconf 90' lang='grc'><strong>·</strong></span> <span class='ocrx_word' id='word_1_454' title='bbox 3071 2281 3088 2312; x_wconf 80' lang='grc' dir='ltr'><strong>ι</strong></span> <span class='ocrx_word' id='word_1_455' title='bbox 3132 2263 3375 2333; x_wconf 84' lang='grc' dir='ltr'>Πρόσχες</span> <span class='ocrx_word' id='word_1_456' title='bbox 3415 2279 3540 2332; x_wconf 85' lang='grc' dir='ltr'>μοι·</span> <span class='ocrx_word' id='word_1_457' title='bbox 3581 2281 3599 2312; x_wconf 72' lang='grc' dir='ltr'><strong>ι</strong></span> <span class='ocrx_word' id='word_1_458' title='bbox 3636 2262 3718 2314; x_wconf 81' lang='grc' dir='ltr'><strong>ἐτι</strong></span> 
     </span>
    </p>
   </div>
   <div class='ocr_carea' id='block_1_63' title="bbox 2126 2350 3716 2421">
    <p class='ocr_par' dir='ltr' id='par_1_63' title="bbox 2126 2350 3716 2421">
     <span class='ocr_line' id='line_1_63' title="bbox 2126 2350 3716 2421; baseline 0.001 -18"><span class='ocrx_word' id='word_1_459' title='bbox 2126 2350 2182 2403; x_wconf 78' lang='grc' dir='ltr'>δὲ</span> <span class='ocrx_word' id='word_1_460' title='bbox 2206 2353 2252 2403; x_wconf 87' lang='grc' dir='ltr'>εἰ</span> <span class='ocrx_word' id='word_1_461' title='bbox 2287 2351 2523 2421; x_wconf 82' lang='grc' dir='ltr'>ἣκουσας</span> <span class='ocrx_word' id='word_1_462' title='bbox 2543 2351 2705 2405; x_wconf 78' lang='grc' dir='ltr'>αὐτοῦ</span> <span class='ocrx_word' id='word_1_463' title='bbox 2731 2393 2744 2416; x_wconf 93' lang='grc'><strong>,</strong></span> <span class='ocrx_word' id='word_1_464' title='bbox 2776 2352 3156 2406; x_wconf 77' lang='grc' dir='ltr'>είσακούσεταί</span> <span class='ocrx_word' id='word_1_465' title='bbox 3182 2371 3295 2406; x_wconf 85' lang='grc' dir='ltr'>σου.</span> <span class='ocrx_word' id='word_1_466' title='bbox 3343 2354 3500 2406; x_wconf 78' lang='grc' dir='ltr'>Ἀλλὰ</span> <span class='ocrx_word' id='word_1_467' title='bbox 3523 2355 3572 2406; x_wconf 83' lang='grc' dir='ltr'><strong>εί</strong></span> <span class='ocrx_word' id='word_1_468' title='bbox 3601 2355 3716 2419; x_wconf 70' lang='grc' dir='ltr'>καὶ,</span> 
     </span>
    </p>
   </div>
   <div class='ocr_carea' id='block_1_64' title="bbox 2127 2439 3714 2515">
    <p class='ocr_par' dir='ltr' id='par_1_64' title="bbox 2127 2439 3714 2515">
     <span class='ocr_line' id='line_1_64' title="bbox 2127 2439 3714 2515; baseline 0.004 -25"><span class='ocrx_word' id='word_1_469' title='bbox 2127 2439 2202 2502; x_wconf 82' lang='grc' dir='ltr'><strong>ὡς</strong></span> <span class='ocrx_word' id='word_1_470' title='bbox 2253 2441 2280 2492; x_wconf 86' lang='grc' dir='ltr'><strong>ὁ</strong></span> <span class='ocrx_word' id='word_1_471' title='bbox 2350 2441 2670 2504; x_wconf 81' lang='grc' dir='ltr'>Ἀπόστολος</span> <span class='ocrx_word' id='word_1_472' title='bbox 2724 2442 2810 2494; x_wconf 74' lang='grc' dir='ltr'>διὰ</span> <span class='ocrx_word' id='word_1_473' title='bbox 2873 2443 3284 2515; x_wconf 76' lang='grc' dir='ltr'>φιλανθρωπίαν</span> <span class='ocrx_word' id='word_1_474' title='bbox 3346 2443 3714 2514; x_wconf 77' lang='grc' dir='ltr'>λυπούμενος,</span> 
     </span>
    </p>
   </div>
   <div class='ocr_carea' id='block_1_65' title="bbox 2127 2531 3715 2606">
    <p class='ocr_par' dir='ltr' id='par_1_65' title="bbox 2127 2531 3715 2606">
     <span class='ocr_line' id='line_1_65' title="bbox 2127 2531 3715 2606; baseline 0.004 -24"><span class='ocrx_word' id='word_1_475' title='bbox 2127 2531 2334 2594; x_wconf 79' lang='grc' dir='ltr'>κλαίεις</span> <span class='ocrx_word' id='word_1_476' title='bbox 2372 2533 2509 2602; x_wconf 83' lang='grc' dir='ltr'>μετὰ</span> <span class='ocrx_word' id='word_1_477' title='bbox 2536 2533 2857 2598; x_wconf 86' lang='grc' dir='ltr'>κλαιόντων,</span> <span class='ocrx_word' id='word_1_478' title='bbox 2883 2535 2974 2586; x_wconf 71' lang='grc' dir='ltr'>καὶ</span> <span class='ocrx_word' id='word_1_479' title='bbox 3017 2537 3294 2599; x_wconf 80' lang='grc' dir='ltr'>στενάζεις</span> <span class='ocrx_word' id='word_1_480' title='bbox 3320 2537 3377 2590; x_wconf 83' lang='grc' dir='ltr'><strong>ἐν</strong></span> <span class='ocrx_word' id='word_1_481' title='bbox 3415 2536 3494 2606; x_wconf 83' lang='grc' dir='ltr'>τῷ</span> <span class='ocrx_word' id='word_1_482' title='bbox 3527 2539 3715 2606; x_wconf 80' lang='grc' dir='ltr'>σκήνει</span> 
     </span>
    </p>
   </div>
   <div class='ocr_carea' id='block_1_66' title="bbox 2128 2622 3618 2697">
    <p class='ocr_par' dir='ltr' id='par_1_66' title="bbox 2128 2622 3618 2697">
     <span class='ocr_line' id='line_1_66' title="bbox 2128 2622 3618 2697; baseline 0.005 -21"><span class='ocrx_word' id='word_1_483' title='bbox 2128 2622 2460 2693; x_wconf 77' lang='grc' dir='ltr'>βαρούμενος</span> <span class='ocrx_word' id='word_1_484' title='bbox 2483 2667 2496 2689; x_wconf 92' lang='grc'><strong>,</strong></span> <span class='ocrx_word' id='word_1_485' title='bbox 2531 2626 2651 2677; x_wconf 83' lang='grc' dir='ltr'>εἰπέ</span> <span class='ocrx_word' id='word_1_486' title='bbox 2685 2626 2778 2677; x_wconf 69' lang='grc' dir='ltr'>τόσ</span> <span class='ocrx_word' id='word_1_487' title='bbox 2819 2643 2836 2675; x_wconf 83' lang='grc' dir='ltr'><strong>ι</strong></span> <span class='ocrx_word' id='word_1_488' title='bbox 2880 2627 3179 2696; x_wconf 87' lang='grc' dir='ltr'>ἐλυπήθην,</span> <span class='ocrx_word' id='word_1_489' title='bbox 3215 2647 3233 2677; x_wconf 70' lang='grc' dir='ltr'><strong>ι</strong></span> <span class='ocrx_word' id='word_1_490' title='bbox 3267 2627 3448 2680; x_wconf 76' lang='grc' dir='ltr'>καὶτὰ</span> <span class='ocrx_word' id='word_1_491' title='bbox 3476 2628 3618 2697; x_wconf 76' lang='grc' dir='ltr'>ἑξῆς.</span> 
     </span>
    </p>
   </div>
   <div class='ocr_carea' id='block_1_67' title="bbox 2212 2714 3713 2786">
    <p class='ocr_par' dir='ltr' id='par_1_67' title="bbox 2212 2714 3713 2786">
     <span class='ocr_line' id='line_1_67' title="bbox 2212 2714 3713 2786; baseline 0.003 -18"><span class='ocrx_word' id='word_1_492' title='bbox 2212 2715 2559 2784; x_wconf 60' lang='grc' dir='ltr'>Ἐιμὶυπήθην</span> <span class='ocrx_word' id='word_1_493' title='bbox 2598 2717 2668 2768; x_wconf 71' lang='grc' dir='ltr'>ἐν</span> <span class='ocrx_word' id='word_1_494' title='bbox 2707 2714 2782 2783; x_wconf 73' lang='grc' dir='ltr'>τῇ</span> <span class='ocrx_word' id='word_1_495' title='bbox 2826 2715 3162 2786; x_wconf 75' lang='grc' dir='ltr'><strong>ἀδολεσχίᾳ</strong></span> <span class='ocrx_word' id='word_1_496' title='bbox 3188 2735 3341 2785; x_wconf 79' lang='grc' dir='ltr'>μου,</span> <span class='ocrx_word' id='word_1_497' title='bbox 3373 2735 3428 2771; x_wconf 89' lang='grc' dir='ltr'><strong>κ.</strong></span> <span class='ocrx_word' id='word_1_498' title='bbox 3463 2735 3513 2770; x_wconf 92' lang='grc' dir='ltr'><strong>τ.</strong></span> <span class='ocrx_word' id='word_1_499' title='bbox 3553 2720 3601 2772; x_wconf 85' lang='grc' dir='ltr'><strong>έ.</strong></span> <span class='ocrx_word' id='word_1_500' title='bbox 3641 2721 3713 2773; x_wconf 86' lang='grc' dir='ltr'><strong><em>Ἦ</em></strong></span> 
     </span>
    </p>
   </div>
   <div class='ocr_carea' id='block_1_68' title="bbox 2125 2805 3714 2878">
    <p class='ocr_par' dir='ltr' id='par_1_68' title="bbox 2125 2805 3714 2878">
     <span class='ocr_line' id='line_1_68' title="bbox 2125 2805 3714 2878; baseline 0.002 -18"><span class='ocrx_word' id='word_1_501' title='bbox 2125 2805 2440 2877; x_wconf 82' lang='grc' dir='ltr'>ἀδολεσχίαν</span> <span class='ocrx_word' id='word_1_502' title='bbox 2467 2807 2574 2878; x_wconf 81' lang='grc'>(58)</span> <span class='ocrx_word' id='word_1_503' title='bbox 2599 2807 2832 2860; x_wconf 90' lang='grc' dir='ltr'>ἐνταῦθα</span> <span class='ocrx_word' id='word_1_504' title='bbox 2855 2809 2952 2877; x_wconf 81' lang='grc' dir='ltr'>τὴν</span> <span class='ocrx_word' id='word_1_505' title='bbox 2991 2809 3156 2878; x_wconf 79' lang='grc' dir='ltr'>εὐχὴν</span> <span class='ocrx_word' id='word_1_506' title='bbox 3193 2809 3484 2878; x_wconf 85' lang='grc' dir='ltr'>σημαίνει,</span> <span class='ocrx_word' id='word_1_507' title='bbox 3508 2810 3583 2873; x_wconf 84' lang='grc' dir='ltr'>ὡς</span> <span class='ocrx_word' id='word_1_508' title='bbox 3619 2812 3714 2863; x_wconf 78' lang='grc' dir='ltr'><strong>καὶ</strong></span> 
     </span>
    </p>
   </div>
   <div class='ocr_carea' id='block_1_69' title="bbox 2127 2897 3714 2970">
    <p class='ocr_par' dir='ltr' id='par_1_69' title="bbox 2127 2897 3714 2970">
     <span class='ocr_line' id='line_1_69' title="bbox 2127 2897 3714 2970; baseline 0.003 -20"><span class='ocrx_word' id='word_1_509' title='bbox 2127 2898 2220 2950; x_wconf 77' lang='grc' dir='ltr'><strong>ἐπὶ</strong></span> <span class='ocrx_word' id='word_1_510' title='bbox 2253 2901 2350 2968; x_wconf 81' lang='grc' dir='ltr'>τῆς</span> <span class='ocrx_word' id='word_1_511' title='bbox 2378 2901 2597 2970; x_wconf 76' lang='grc' dir='ltr'>Ἀννης·</span> <span class='ocrx_word' id='word_1_512' title='bbox 2630 2918 2648 2948; x_wconf 78' lang='grc' dir='ltr'><strong>ι</strong></span> <span class='ocrx_word' id='word_1_513' title='bbox 2689 2901 2782 2952; x_wconf 87' lang='grc' dir='ltr'>Ἐκ</span> <span class='ocrx_word' id='word_1_514' title='bbox 2811 2897 3047 2969; x_wconf 79' lang='grc' dir='ltr'>πλήθους</span> <span class='ocrx_word' id='word_1_515' title='bbox 3081 2898 3396 2969; x_wconf 86' lang='grc' dir='ltr'>ἀδολεσχίας</span> <span class='ocrx_word' id='word_1_516' title='bbox 3433 2918 3533 2970; x_wconf 90' lang='grc' dir='ltr'><strong>μου</strong></span> <span class='ocrx_word' id='word_1_517' title='bbox 3561 2902 3714 2954; x_wconf 86' lang='grc' dir='ltr'>ἐκτέ-</span> 
     </span>
    </p>
   </div>
   <div class='ocr_carea' id='block_1_70' title="bbox 2121 2990 3710 3062">
    <p class='ocr_par' dir='ltr' id='par_1_70' title="bbox 2121 2990 3710 3062">
     <span class='ocr_line' id='line_1_70' title="bbox 2121 2990 3710 3062; baseline 0.002 -20"><span class='ocrx_word' id='word_1_518' title='bbox 2121 3007 2285 3060; x_wconf 84' lang='grc' dir='ltr'>τηκα.</span> <span class='ocrx_word' id='word_1_519' title='bbox 2327 3010 2344 3040; x_wconf 77' lang='grc' dir='ltr'><strong>ι</strong></span> <span class='ocrx_word' id='word_1_520' title='bbox 2378 2992 2486 3044; x_wconf 79' lang='grc' dir='ltr'>Καὶ</span> <span class='ocrx_word' id='word_1_521' title='bbox 2529 2992 2628 3045; x_wconf 86' lang='grc' dir='ltr'><strong>ὅσα</strong></span> <span class='ocrx_word' id='word_1_522' title='bbox 2664 2990 2720 3043; x_wconf 86' lang='grc' dir='ltr'><strong>δέ</strong></span> <span class='ocrx_word' id='word_1_523' title='bbox 2768 2991 3080 3061; x_wconf 78' lang='grc' dir='ltr'>πράττομεν</span> <span class='ocrx_word' id='word_1_524' title='bbox 3111 2992 3142 3061; x_wconf 77' lang='grc' dir='ltr'><strong>ἢ</strong></span> <span class='ocrx_word' id='word_1_525' title='bbox 3172 2991 3402 3061; x_wconf 84' lang='grc' dir='ltr'>λέγομεν</span> <span class='ocrx_word' id='word_1_526' title='bbox 3444 2991 3596 3062; x_wconf 85' lang='grc' dir='ltr'>παρὰ</span> <span class='ocrx_word' id='word_1_527' title='bbox 3619 2993 3710 3045; x_wconf 81' lang='grc' dir='ltr'><strong>τὸν</strong></span> 
     </span>
    </p>
   </div>
   <div class='ocr_carea' id='block_1_71' title="bbox 2126 3083 3714 3155">
    <p class='ocr_par' dir='ltr' id='par_1_71' title="bbox 2126 3083 3714 3155">
     <span class='ocr_line' id='line_1_71' title="bbox 2126 3083 3714 3155; baseline 0.001 -19"><span class='ocrx_word' id='word_1_528' title='bbox 2126 3084 2284 3155; x_wconf 79' lang='grc' dir='ltr'>ὀρθὸν</span> <span class='ocrx_word' id='word_1_529' title='bbox 2316 3083 2472 3152; x_wconf 85' lang='grc' dir='ltr'>λόγον</span> <span class='ocrx_word' id='word_1_530' title='bbox 2499 3123 2512 3147; x_wconf 91' lang='grc'><strong>,</strong></span> <span class='ocrx_word' id='word_1_531' title='bbox 2540 3083 2822 3154; x_wconf 84' lang='grc' dir='ltr'>ἀδολεσχία</span> <span class='ocrx_word' id='word_1_532' title='bbox 2846 3085 2963 3138; x_wconf 73' lang='grc' dir='ltr'>ἐστὶ</span> <span class='ocrx_word' id='word_1_533' title='bbox 2985 3125 2998 3150; x_wconf 88' lang='grc'><strong>,</strong></span> <span class='ocrx_word' id='word_1_534' title='bbox 3023 3084 3097 3147; x_wconf 81' lang='grc' dir='ltr'>ὡς</span> <span class='ocrx_word' id='word_1_535' title='bbox 3133 3084 3226 3138; x_wconf 76' lang='grc' dir='ltr'>καὶ</span> <span class='ocrx_word' id='word_1_536' title='bbox 3246 3085 3346 3136; x_wconf 84' lang='grc' dir='ltr'>ὅσα</span> <span class='ocrx_word' id='word_1_537' title='bbox 3375 3085 3496 3155; x_wconf 82' lang='grc' dir='ltr'>εἰκῆ</span> <span class='ocrx_word' id='word_1_538' title='bbox 3523 3084 3714 3138; x_wconf 85' lang='grc' dir='ltr'>λαλοῦ-</span> 
     </span>
    </p>
   </div>
   <div class='ocr_carea' id='block_1_72' title="bbox 2048 3154 3713 3248">
    <p class='ocr_par' dir='ltr' id='par_1_72' title="bbox 2048 3154 3713 3248">
     <span class='ocr_line' id='line_1_72' title="bbox 2048 3154 3713 3248; baseline 0 -20"><span class='ocrx_word' id='word_1_539' title='bbox 2048 3154 2088 3210; x_wconf 75' lang='lat' dir='ltr'><strong>C</strong></span> <span class='ocrx_word' id='word_1_540' title='bbox 2129 3154 2249 3244; x_wconf 82' lang='grc' dir='ltr'>μεν,</span> <span class='ocrx_word' id='word_1_541' title='bbox 2291 3177 2553 3245; x_wconf 87' lang='grc' dir='ltr'>Κατέγνω</span> <span class='ocrx_word' id='word_1_542' title='bbox 2594 3172 2686 3230; x_wconf 83' lang='grc' dir='ltr'><strong>οῦν</strong></span> <span class='ocrx_word' id='word_1_543' title='bbox 2731 3177 2925 3230; x_wconf 82' lang='grc' dir='ltr'>ἑαυτοῦ</span> <span class='ocrx_word' id='word_1_544' title='bbox 2969 3177 3062 3229; x_wconf 82' lang='grc' dir='ltr'>ἐπὶ</span> <span class='ocrx_word' id='word_1_545' title='bbox 3105 3177 3183 3246; x_wconf 84' lang='grc' dir='ltr'>τῷ</span> <span class='ocrx_word' id='word_1_546' title='bbox 3213 3154 3578 3248; x_wconf 82' lang='grc' dir='ltr'>τεταράχθαι,</span> <span class='ocrx_word' id='word_1_547' title='bbox 3616 3177 3713 3229; x_wconf 75' lang='grc' dir='ltr'><strong>καὶ</strong></span> 
     </span>
    </p>
   </div>
   <div class='ocr_carea' id='block_1_73' title="bbox 2125 3268 3708 3340">
    <p class='ocr_par' dir='ltr' id='par_1_73' title="bbox 2125 3268 3708 3340">
     <span class='ocr_line' id='line_1_73' title="bbox 2125 3268 3708 3340; baseline -0.001 -20"><span class='ocrx_word' id='word_1_548' title='bbox 2125 3268 2223 3338; x_wconf 76' lang='grc' dir='ltr'><strong>τήν</strong></span> <span class='ocrx_word' id='word_1_549' title='bbox 2249 3268 2347 3338; x_wconf 83' lang='grc' dir='ltr'><strong>τῆς</strong></span> <span class='ocrx_word' id='word_1_550' title='bbox 2374 3268 2552 3339; x_wconf 68' lang='grc' dir='ltr'>ψυχῆς</span> <span class='ocrx_word' id='word_1_551' title='bbox 2581 3268 2983 3322; x_wconf 83' lang='grc' dir='ltr'>ἀπολωλεκέναι</span> <span class='ocrx_word' id='word_1_552' title='bbox 3010 3268 3248 3340; x_wconf 83' lang='grc' dir='ltr'>γαλήνην</span> <span class='ocrx_word' id='word_1_553' title='bbox 3287 3288 3304 3319; x_wconf 81' lang='grc' dir='ltr'><strong>ι</strong></span> <span class='ocrx_word' id='word_1_554' title='bbox 3335 3268 3428 3321; x_wconf 76' lang='grc' dir='ltr'><strong>ἐπὶ</strong></span> <span class='ocrx_word' id='word_1_555' title='bbox 3456 3269 3520 3339; x_wconf 83' lang='grc' dir='ltr'>τῇ</span> <span class='ocrx_word' id='word_1_556' title='bbox 3557 3271 3708 3339; x_wconf 82' lang='grc' dir='ltr'>φωνῇ</span> 
     </span>
    </p>
   </div>
   <div class='ocr_carea' id='block_1_74' title="bbox 2122 3358 3708 3431">
    <p class='ocr_par' dir='ltr' id='par_1_74' title="bbox 2122 3358 3708 3431">
     <span class='ocr_line' id='line_1_74' title="bbox 2122 3358 3708 3431; baseline 0.001 -21"><span class='ocrx_word' id='word_1_557' title='bbox 2122 3358 2215 3411; x_wconf 90' lang='grc' dir='ltr'><strong>τοῦ</strong></span> <span class='ocrx_word' id='word_1_558' title='bbox 2247 3358 2442 3428; x_wconf 89' lang='grc' dir='ltr'>ἐχθροῦ</span> <span class='ocrx_word' id='word_1_559' title='bbox 2473 3361 2566 3413; x_wconf 77' lang='grc' dir='ltr'><strong>καὶ</strong></span> <span class='ocrx_word' id='word_1_560' title='bbox 2594 3360 2701 3412; x_wconf 87' lang='grc' dir='ltr'><strong>ἀπὸ</strong></span> <span class='ocrx_word' id='word_1_561' title='bbox 2735 3359 2965 3430; x_wconf 70' lang='grc' dir='ltr'>θλίψεως</span> <span class='ocrx_word' id='word_1_562' title='bbox 2992 3359 3340 3431; x_wconf 85' lang='grc' dir='ltr'>ἁμαρτωλοῦ.</span> <span class='ocrx_word' id='word_1_563' title='bbox 3371 3380 3389 3411; x_wconf 75' lang='grc' dir='ltr'><strong>ι</strong></span> <span class='ocrx_word' id='word_1_564' title='bbox 3424 3358 3708 3428; x_wconf 80' lang='grc' dir='ltr'>Ἐξομολο-</span> 
     </span>
    </p>
   </div>
   <div class='ocr_carea' id='block_1_75' title="bbox 2123 3447 3711 3524">
    <p class='ocr_par' dir='ltr' id='par_1_75' title="bbox 2123 3447 3711 3524">
     <span class='ocr_line' id='line_1_75' title="bbox 2123 3447 3711 3524; baseline 0.003 -23"><span class='ocrx_word' id='word_1_565' title='bbox 2123 3452 2300 3517; x_wconf 87' lang='grc' dir='ltr'>γεῖται</span> <span class='ocrx_word' id='word_1_566' title='bbox 2333 3447 2426 3504; x_wconf 78' lang='grc' dir='ltr'><strong>οὖν</strong></span> <span class='ocrx_word' id='word_1_567' title='bbox 2447 3491 2460 3513; x_wconf 90' lang='grc'><strong>,</strong></span> <span class='ocrx_word' id='word_1_568' title='bbox 2497 3450 2763 3504; x_wconf 82' lang='grc' dir='ltr'>διδάσκων</span> <span class='ocrx_word' id='word_1_569' title='bbox 2805 3453 2953 3522; x_wconf 80' lang='grc' dir='ltr'>ἡμᾶς</span> <span class='ocrx_word' id='word_1_570' title='bbox 2986 3455 3013 3502; x_wconf 87' lang='grc' dir='ltr'>ὁ</span> <span class='ocrx_word' id='word_1_571' title='bbox 3040 3452 3336 3522; x_wconf 85' lang='grc' dir='ltr'>Προφήτης</span> <span class='ocrx_word' id='word_1_572' title='bbox 3373 3451 3711 3524; x_wconf 79' lang='grc' dir='ltr'>ἐξομολογεῖ-</span> 
     </span>
    </p>
   </div>
   <div class='ocr_carea' id='block_1_76' title="bbox 2125 3540 3212 3612">
    <p class='ocr_par' dir='ltr' id='par_1_76' title="bbox 2125 3540 3212 3612">
     <span class='ocr_line' id='line_1_76' title="bbox 2125 3540 3212 3612; baseline 0.004 -20"><span class='ocrx_word' id='word_1_573' title='bbox 2125 3540 2250 3593; x_wconf 86' lang='grc' dir='ltr'>σθαι</span> <span class='ocrx_word' id='word_1_574' title='bbox 2276 3581 2288 3605; x_wconf 93' lang='grc'><strong>,</strong></span> <span class='ocrx_word' id='word_1_575' title='bbox 2321 3541 2380 3594; x_wconf 87' lang='grc' dir='ltr'><strong>τὸ</strong></span> <span class='ocrx_word' id='word_1_576' title='bbox 2407 3542 2695 3612; x_wconf 83' lang='grc' dir='ltr'>πρόσωπον</span> <span class='ocrx_word' id='word_1_577' title='bbox 2720 3541 2877 3612; x_wconf 80' lang='grc' dir='ltr'>ἡμῶν</span> <span class='ocrx_word' id='word_1_578' title='bbox 2907 3542 3212 3596; x_wconf 78' lang='grc' dir='ltr'>ἀναλαϐών.</span> 
     </span>
    </p>
   </div>
   <div class='ocr_carea' id='block_1_77' title="bbox 2193 3724 3712 3797">
    <p class='ocr_par' dir='ltr' id='par_1_77' title="bbox 2193 3724 3712 3797">
     <span class='ocr_line' id='line_1_77' title="bbox 2193 3724 3712 3797; baseline 0.005 -20"><span class='ocrx_word' id='word_1_579' title='bbox 2193 3726 2301 3778; x_wconf 80' lang='lat' dir='ltr'><strong>Kal</strong></span> <span class='ocrx_word' id='word_1_580' title='bbox 2330 3724 2669 3793; x_wconf 75' lang='grc' dir='ltr'>ἐταράχθην</span> <span class='ocrx_word' id='word_1_581' title='bbox 2689 3725 2809 3779; x_wconf 82' lang='grc' dir='ltr'>ἀπὸ</span> <span class='ocrx_word' id='word_1_582' title='bbox 2835 3726 3041 3795; x_wconf 71' lang='grc' dir='ltr'>φωνῆς</span> <span class='ocrx_word' id='word_1_583' title='bbox 3063 3728 3280 3797; x_wconf 80' lang='grc' dir='ltr'>ἐχθροῦ</span> <span class='ocrx_word' id='word_1_584' title='bbox 3313 3730 3410 3782; x_wconf 81' lang='grc' dir='ltr'>καὶ</span> <span class='ocrx_word' id='word_1_585' title='bbox 3444 3730 3561 3785; x_wconf 82' lang='grc' dir='ltr'>ἀπὸ</span> <span class='ocrx_word' id='word_1_586' title='bbox 3591 3733 3712 3785; x_wconf 77' lang='grc' dir='ltr'>θλί-</span> 
     </span>
    </p>
   </div>
   <div class='ocr_carea' id='block_1_78' title="bbox 2121 3815 3704 3891">
    <p class='ocr_par' dir='ltr' id='par_1_78' title="bbox 2121 3815 3704 3891">
     <span class='ocr_line' id='line_1_78' title="bbox 2121 3815 3704 3891; baseline 0.007 -25"><span class='ocrx_word' id='word_1_587' title='bbox 2121 3818 2283 3883; x_wconf 67' lang='grc' dir='ltr'>ψεως</span> <span class='ocrx_word' id='word_1_588' title='bbox 2305 3815 2655 3884; x_wconf 68' lang='grc' dir='ltr'>ἀμορτωλοῦ</span> <span class='ocrx_word' id='word_1_589' title='bbox 2676 3833 2688 3846; x_wconf 92' lang='grc'><strong>·</strong></span> <span class='ocrx_word' id='word_1_590' title='bbox 2716 3816 2802 3870; x_wconf 86' lang='grc' dir='ltr'>ὅτι</span> <span class='ocrx_word' id='word_1_591' title='bbox 2832 3816 3154 3881; x_wconf 72' lang='grc' dir='ltr'>ἐξέκλιναν</span> <span class='ocrx_word' id='word_1_592' title='bbox 3179 3820 3276 3872; x_wconf 76' lang='grc' dir='ltr'><strong>ἐπ’</strong></span> <span class='ocrx_word' id='word_1_593' title='bbox 3303 3821 3406 3890; x_wconf 76' lang='grc' dir='ltr'><strong>ἐμὲ</strong></span> <span class='ocrx_word' id='word_1_594' title='bbox 3426 3823 3704 3891; x_wconf 75' lang='grc' dir='ltr'>ἀνομίαν,</span> 
     </span>
    </p>
   </div>
   <div class='ocr_carea' id='block_1_79' title="bbox 2121 3907 3709 3984">
    <p class='ocr_par' dir='ltr' id='par_1_79' title="bbox 2121 3907 3709 3984">
     <span class='ocr_line' id='line_1_79' title="bbox 2121 3907 3709 3984; baseline 0.005 -25"><span class='ocrx_word' id='word_1_595' title='bbox 2121 3907 2214 3960; x_wconf 74' lang='grc' dir='ltr'>καὶ</span> <span class='ocrx_word' id='word_1_596' title='bbox 2253 3907 2322 3960; x_wconf 81' lang='grc' dir='ltr'>ἐν</span> <span class='ocrx_word' id='word_1_597' title='bbox 2360 3907 2505 3976; x_wconf 70' lang='grc' dir='ltr'>ὀργῇ</span> <span class='ocrx_word' id='word_1_598' title='bbox 2537 3907 2860 3962; x_wconf 53' lang='lat' dir='ltr'><strong>eris-auitam“</strong></span> <span class='ocrx_word' id='word_1_599' title='bbox 2889 3927 2990 3978; x_wconf 84' lang='grc' dir='ltr'><strong>μοι</strong></span> <span class='ocrx_word' id='word_1_600' title='bbox 3011 3953 3024 3977; x_wconf 90' lang='grc'><strong>,</strong></span> <span class='ocrx_word' id='word_1_601' title='bbox 3056 3927 3112 3964; x_wconf 91' lang='grc' dir='ltr'><strong>κ.</strong></span> <span class='ocrx_word' id='word_1_602' title='bbox 3142 3928 3191 3964; x_wconf 88' lang='grc' dir='ltr'>τ.</span> <span class='ocrx_word' id='word_1_603' title='bbox 3229 3913 3276 3964; x_wconf 90' lang='grc' dir='ltr'><strong>ἐ.</strong></span> <span class='ocrx_word' id='word_1_604' title='bbox 3304 3913 3542 3984; x_wconf 75' lang='grc' dir='ltr'>Χριστοῦ</span> <span class='ocrx_word' id='word_1_605' title='bbox 3573 3915 3709 3966; x_wconf 83' lang='grc' dir='ltr'>ἁπο-</span> 
     </span>
    </p>
   </div>
   <div class='ocr_carea' id='block_1_80' title="bbox 2123 3997 3706 4077">
    <p class='ocr_par' dir='ltr' id='par_1_80' title="bbox 2123 3997 3706 4077">
     <span class='ocr_line' id='line_1_80' title="bbox 2123 3997 3706 4077; baseline 0.007 -27"><span class='ocrx_word' id='word_1_606' title='bbox 2123 3997 2366 4061; x_wconf 80' lang='grc' dir='ltr'>σπῶντος</span> <span class='ocrx_word' id='word_1_607' title='bbox 2425 4001 2536 4069; x_wconf 83' lang='grc'><strong>(59)</strong></span> <span class='ocrx_word' id='word_1_608' title='bbox 2588 4000 2908 4073; x_wconf 84' lang='grc' dir='ltr'>ἀνθρώπους</span> <span class='ocrx_word' id='word_1_609' title='bbox 2972 4003 3079 4056; x_wconf 83' lang='grc' dir='ltr'><strong>ἀπὸ</strong></span> <span class='ocrx_word' id='word_1_610' title='bbox 3137 4005 3246 4056; x_wconf 83' lang='grc' dir='ltr'><strong>τῶν</strong></span> <span class='ocrx_word' id='word_1_611' title='bbox 3305 4006 3706 4077; x_wconf 77' lang='grc' dir='ltr'>ἀντικειμένων</span> 
     </span>
    </p>
   </div>
   <div class='ocr_carea' id='block_1_81' title="bbox 2121 4091 3706 4171">
    <p class='ocr_par' dir='ltr' id='par_1_81' title="bbox 2121 4091 3706 4171">
     <span class='ocr_line' id='line_1_81' title="bbox 2121 4091 3706 4171; baseline 0.006 -29"><span class='ocrx_word' id='word_1_612' title='bbox 2121 4091 2411 4162; x_wconf 78' lang='grc' dir='ltr'>ἐνεργειῶν</span> <span class='ocrx_word' id='word_1_613' title='bbox 2431 4131 2444 4155; x_wconf 96' lang='grc'><strong>,</strong></span> <span class='ocrx_word' id='word_1_614' title='bbox 2479 4094 2512 4163; x_wconf 82' lang='grc' dir='ltr'>ἡ</span> <span class='ocrx_word' id='word_1_615' title='bbox 2543 4094 2692 4164; x_wconf 83' lang='grc' dir='ltr'>φωνὴ</span> <span class='ocrx_word' id='word_1_616' title='bbox 2723 4094 2814 4148; x_wconf 89' lang='grc' dir='ltr'><strong>τοῦ</strong></span> <span class='ocrx_word' id='word_1_617' title='bbox 2848 4096 3174 4167; x_wconf 85' lang='grc' dir='ltr'>ἀμαρτωλοῦ</span> <span class='ocrx_word' id='word_1_618' title='bbox 3203 4098 3451 4152; x_wconf 74' lang='grc' dir='ltr'>διαϐόλου</span> <span class='ocrx_word' id='word_1_619' title='bbox 3497 4116 3706 4171; x_wconf 81' lang='grc' dir='ltr'>παρορ-</span> 
     </span>
    </p>
   </div>
   <div class='ocr_carea' id='block_1_82' title="bbox 2122 4183 3704 4262">
    <p class='ocr_par' dir='ltr' id='par_1_82' title="bbox 2122 4183 3704 4262">
     <span class='ocr_line' id='line_1_82' title="bbox 2122 4183 3704 4262; baseline 0.007 -28"><span class='ocrx_word' id='word_1_620' title='bbox 2122 4183 2330 4252; x_wconf 79' lang='grc' dir='ltr'>μῶντος</span> <span class='ocrx_word' id='word_1_621' title='bbox 2367 4184 2463 4247; x_wconf 83' lang='grc' dir='ltr'>τὰς</span> <span class='ocrx_word' id='word_1_622' title='bbox 2504 4186 2594 4238; x_wconf 74' lang='grc' dir='ltr'>ὑπ’</span> <span class='ocrx_word' id='word_1_623' title='bbox 2626 4187 2785 4240; x_wconf 82' lang='grc' dir='ltr'>αὐτὸν</span> <span class='ocrx_word' id='word_1_624' title='bbox 2829 4188 3085 4259; x_wconf 85' lang='grc' dir='ltr'>δυνάμεις</span> <span class='ocrx_word' id='word_1_625' title='bbox 3127 4189 3269 4243; x_wconf 83' lang='grc' dir='ltr'>κατὰ</span> <span class='ocrx_word' id='word_1_626' title='bbox 3313 4189 3408 4242; x_wconf 87' lang='grc' dir='ltr'><strong>τοῦ</strong></span> <span class='ocrx_word' id='word_1_627' title='bbox 3448 4192 3704 4262; x_wconf 84' lang='grc' dir='ltr'>Σωτῆρος</span> 
     </span>
    </p>
   </div>
   <div class='ocr_carea' id='block_1_83' title="bbox 2118 4275 3702 4353">
    <p class='ocr_par' dir='ltr' id='par_1_83' title="bbox 2118 4275 3702 4353">
     <span class='ocr_line' id='line_1_83' title="bbox 2118 4275 3702 4353; baseline 0.005 -25"><span class='ocrx_word' id='word_1_628' title='bbox 2118 4275 2264 4328; x_wconf 87' lang='grc' dir='ltr'>αἰτία</span> <span class='ocrx_word' id='word_1_629' title='bbox 2311 4275 2520 4343; x_wconf 85' lang='grc' dir='ltr'>ἐγίνετο</span> <span class='ocrx_word' id='word_1_630' title='bbox 2563 4277 2656 4330; x_wconf 88' lang='grc' dir='ltr'><strong>τοῦ</strong></span> <span class='ocrx_word' id='word_1_631' title='bbox 2702 4279 2914 4343; x_wconf 86' lang='grc' dir='ltr'>ἐκείνας</span> <span class='ocrx_word' id='word_1_632' title='bbox 2963 4279 3227 4334; x_wconf 77' lang='grc' dir='ltr'>ἐκκλίνειν</span> <span class='ocrx_word' id='word_1_633' title='bbox 3275 4282 3359 4333; x_wconf 82' lang='grc' dir='ltr'>ἐπ’</span> <span class='ocrx_word' id='word_1_634' title='bbox 3397 4282 3561 4335; x_wconf 80' lang='grc' dir='ltr'>αὑτὸν</span> <span class='ocrx_word' id='word_1_635' title='bbox 3601 4283 3702 4353; x_wconf 81' lang='grc' dir='ltr'><strong>τὴν</strong></span> 
     </span>
    </p>
   </div>
   <div class='ocr_carea' id='block_1_84' title="bbox 2119 4368 3694 4444">
    <p class='ocr_par' dir='ltr' id='par_1_84' title="bbox 2119 4368 3694 4444">
     <span class='ocr_line' id='line_1_84' title="bbox 2119 4368 3694 4444; baseline 0.003 -24"><span class='ocrx_word' id='word_1_636' title='bbox 2119 4368 2378 4436; x_wconf 82' lang='grc' dir='ltr'>ἀνομίαν,</span> <span class='ocrx_word' id='word_1_637' title='bbox 2417 4369 2510 4421; x_wconf 76' lang='grc' dir='ltr'><strong>καὶ</strong></span> <span class='ocrx_word' id='word_1_638' title='bbox 2536 4370 2593 4421; x_wconf 87' lang='grc' dir='ltr'><strong>ἐν</strong></span> <span class='ocrx_word' id='word_1_639' title='bbox 2631 4370 2766 4441; x_wconf 84' lang='grc' dir='ltr'>ὀργῇ</span> <span class='ocrx_word' id='word_1_640' title='bbox 2818 4371 3062 4438; x_wconf 78' lang='grc' dir='ltr'>ἐγκοτεῖν</span> <span class='ocrx_word' id='word_1_641' title='bbox 3105 4369 3288 4441; x_wconf 81' lang='grc' dir='ltr'>αὐτῷ,</span> <span class='ocrx_word' id='word_1_642' title='bbox 3330 4370 3406 4434; x_wconf 83' lang='grc' dir='ltr'>ὡς</span> <span class='ocrx_word' id='word_1_643' title='bbox 3447 4371 3541 4424; x_wconf 88' lang='grc' dir='ltr'><strong>τοῦ</strong></span> <span class='ocrx_word' id='word_1_644' title='bbox 3591 4372 3694 4444; x_wconf 85' lang='grc' dir='ltr'><strong>Ἰη-</strong></span> 
     </span>
    </p>
   </div>
   <div class='ocr_carea' id='block_1_85' title="bbox 432 4459 2019 4546">
    <p class='ocr_par' dir='ltr' id='par_1_85' title="bbox 432 4462 2014 4535">
     <span class='ocr_line' id='line_1_85' title="bbox 432 4462 2014 4535; baseline 0.002 -18"><span class='ocrx_word' id='word_1_645' title='bbox 432 4472 486 4518; x_wconf 79' lang='lat' dir='ltr'><strong>et</strong></span> <span class='ocrx_word' id='word_1_646' title='bbox 529 4462 762 4519; x_wconf 80' lang='lat' dir='ltr'><strong>formido</strong></span> <span class='ocrx_word' id='word_1_647' title='bbox 805 4465 996 4519; x_wconf 86' lang='lat' dir='ltr'><strong>mortis</strong></span> <span class='ocrx_word' id='word_1_648' title='bbox 1026 4465 1244 4519; x_wconf 88' lang='lat' dir='ltr'><strong>caderet</strong></span> <span class='ocrx_word' id='word_1_649' title='bbox 1276 4480 1439 4535; x_wconf 88' lang='lat' dir='ltr'><strong>super</strong></span> <span class='ocrx_word' id='word_1_650' title='bbox 1483 4465 1655 4531; x_wconf 91' lang='lat' dir='ltr'><strong>illum,</strong></span> <span class='ocrx_word' id='word_1_651' title='bbox 1714 4467 1910 4522; x_wconf 89' lang='lat' dir='ltr'><strong>timore</strong></span> <span class='ocrx_word' id='word_1_652' title='bbox 1960 4478 2014 4521; x_wconf 85' lang='lat' dir='ltr'><strong>et</strong></span> 
     </span>
    </p>
   </div>
   <div class='ocr_carea' id='block_1_86' title="bbox 2123 4459 3702 4546">
    <p class='ocr_par' dir='ltr' id='par_1_86' title="bbox 2123 4459 3702 4532">
     <span class='ocr_line' id='line_1_86' title="bbox 2123 4459 3702 4532; baseline 0.004 -22"><span class='ocrx_word' id='word_1_653' title='bbox 2123 4459 2214 4510; x_wconf 87' lang='grc' dir='ltr'><strong>σοῦ</strong></span> <span class='ocrx_word' id='word_1_654' title='bbox 2254 4460 2616 4530; x_wconf 81' lang='grc' dir='ltr'>ταράττεσθαι</span> <span class='ocrx_word' id='word_1_655' title='bbox 2644 4461 2742 4531; x_wconf 83' lang='grc' dir='ltr'>τὴν</span> <span class='ocrx_word' id='word_1_656' title='bbox 2773 4461 3002 4530; x_wconf 87' lang='grc' dir='ltr'>καρδίαν</span> <span class='ocrx_word' id='word_1_657' title='bbox 3045 4465 3102 4515; x_wconf 88' lang='grc' dir='ltr'><strong>ἐν</strong></span> <span class='ocrx_word' id='word_1_658' title='bbox 3146 4462 3330 4532; x_wconf 83' lang='grc' dir='ltr'>αὐτῷ,</span> <span class='ocrx_word' id='word_1_659' title='bbox 3359 4464 3453 4516; x_wconf 79' lang='grc' dir='ltr'>καὶ</span> <span class='ocrx_word' id='word_1_660' title='bbox 3499 4463 3702 4518; x_wconf 87' lang='grc' dir='ltr'>δειλίαν</span> 
     </span>
    </p>
   </div>
   <div class='ocr_carea' id='block_1_87' title="bbox 433 4555 2009 4627">
    <p class='ocr_par' dir='ltr' id='par_1_87' title="bbox 433 4555 2009 4627">
     <span class='ocr_line' id='line_1_87' title="bbox 433 4555 2009 4627; baseline 0.001 -20"><span class='ocrx_word' id='word_1_661' title='bbox 433 4565 667 4610; x_wconf 87' lang='lat' dir='ltr'><strong>tremore</strong></span> <span class='ocrx_word' id='word_1_662' title='bbox 699 4555 1040 4610; x_wconf 89' lang='lat' dir='ltr'><strong>venientibus</strong></span> <span class='ocrx_word' id='word_1_663' title='bbox 1071 4571 1234 4626; x_wconf 90' lang='lat' dir='ltr'><strong>super</strong></span> <span class='ocrx_word' id='word_1_664' title='bbox 1262 4555 1435 4621; x_wconf 91' lang='lat' dir='ltr'><strong>illum,</strong></span> <span class='ocrx_word' id='word_1_665' title='bbox 1479 4565 1533 4610; x_wconf 90' lang='lat' dir='ltr'><strong>et</strong></span> <span class='ocrx_word' id='word_1_666' title='bbox 1565 4556 1794 4627; x_wconf 81' lang='lat' dir='ltr'><strong>caligine</strong></span> <span class='ocrx_word' id='word_1_667' title='bbox 1835 4556 2009 4626; x_wconf 90' lang='lat' dir='ltr'><strong>ipsum</strong></span> 
     </span>
    </p>
   </div>
   <div class='ocr_carea' id='block_1_88' title="bbox 428 4648 727 4717">
    <p class='ocr_par' dir='ltr' id='par_1_88' title="bbox 428 4648 727 4717">
     <span class='ocr_line' id='line_1_88' title="bbox 428 4648 727 4717; baseline 0.003 -17"><span class='ocrx_word' id='word_1_668' title='bbox 428 4648 727 4717; x_wconf 81' lang='lat' dir='ltr'><strong>operiente.</strong></span> 
     </span>
    </p>
   </div>
   <div class='ocr_carea' id='block_1_89' title="bbox 503 4739 2004 4804">
    <p class='ocr_par' dir='ltr' id='par_1_89' title="bbox 503 4739 2004 4804">
     <span class='ocr_line' id='line_1_89' title="bbox 503 4739 2004 4804; baseline -0.001 -10"><span class='ocrx_word' id='word_1_669' title='bbox 503 4741 664 4794; x_wconf 72' lang='lat' dir='ltr'><strong>Vsus.</strong></span> <span class='ocrx_word' id='word_1_670' title='bbox 707 4740 762 4798; x_wconf 81' lang='grc'><strong>5.</strong></span> <span class='ocrx_word' id='word_1_671' title='bbox 803 4739 908 4794; x_wconf 84' lang='lat' dir='ltr'><strong>Cor</strong></span> <span class='ocrx_word' id='word_1_672' title='bbox 947 4756 1116 4792; x_wconf 87' lang='lat' dir='ltr'><strong>meum</strong></span> <span class='ocrx_word' id='word_1_673' title='bbox 1167 4740 1535 4794; x_wconf 86' lang='lat' dir='ltr'><strong>conturbatum</strong></span> <span class='ocrx_word' id='word_1_674' title='bbox 1565 4749 1640 4794; x_wconf 82' lang='lat' dir='ltr'><strong>est</strong></span> <span class='ocrx_word' id='word_1_675' title='bbox 1669 4741 1722 4792; x_wconf 86' lang='lat' dir='ltr'><strong>iu</strong></span> <span class='ocrx_word' id='word_1_676' title='bbox 1764 4756 1865 4804; x_wconf 84' lang='lat' dir='ltr'><strong>me,</strong></span> <span class='ocrx_word' id='word_1_677' title='bbox 1901 4749 2004 4794; x_wconf 83' lang='lat' dir='ltr'><strong>etc.</strong></span> 
     </span>
    </p>
   </div>
   <div class='ocr_carea' id='block_1_90' title="bbox 430 4828 2006 4898">
    <p class='ocr_par' dir='ltr' id='par_1_90' title="bbox 430 4828 2006 4898">
     <span class='ocr_line' id='line_1_90' title="bbox 430 4828 2006 4898; baseline 0 -16"><span class='ocrx_word' id='word_1_678' title='bbox 430 4828 604 4883; x_wconf 87' lang='lat' dir='ltr'><strong>Habet</strong></span> <span class='ocrx_word' id='word_1_679' title='bbox 630 4829 759 4898; x_wconf 88' lang='lat' dir='ltr'><strong>quid</strong></span> <span class='ocrx_word' id='word_1_680' title='bbox 789 4829 967 4884; x_wconf 90' lang='lat' dir='ltr'><strong>simile</strong></span> <span class='ocrx_word' id='word_1_681' title='bbox 1000 4828 1149 4892; x_wconf 89' lang='lat' dir='ltr'><strong>illud,</strong></span> <span class='ocrx_word' id='word_1_682' title='bbox 1195 4846 1213 4879; x_wconf 78' lang='grc' dir='ltr'><strong>ι</strong></span> <span class='ocrx_word' id='word_1_683' title='bbox 1243 4829 1354 4884; x_wconf 89' lang='lat' dir='ltr'><strong>Cor</strong></span> <span class='ocrx_word' id='word_1_684' title='bbox 1394 4844 1570 4883; x_wconf 84' lang='lat' dir='ltr'><strong>meum</strong></span> <span class='ocrx_word' id='word_1_685' title='bbox 1631 4829 2006 4884; x_wconf 90' lang='lat' dir='ltr'><strong>conturbatum</strong></span> 
     </span>
    </p>
   </div>
   <div class='ocr_carea' id='block_1_91' title="bbox 426 4922 2007 4993">
    <p class='ocr_par' dir='ltr' id='par_1_91' title="bbox 426 4922 2007 4993">
     <span class='ocr_line' id='line_1_91' title="bbox 426 4922 2007 4993; baseline -0.002 -15"><span class='ocrx_word' id='word_1_686' title='bbox 426 4934 510 4978; x_wconf 85' lang='lat' dir='ltr'><strong>est</strong></span> <span class='ocrx_word' id='word_1_687' title='bbox 537 4924 589 4978; x_wconf 90' lang='lat' dir='ltr'><strong>in</strong></span> <span class='ocrx_word' id='word_1_688' title='bbox 632 4937 738 4987; x_wconf 88' lang='lat' dir='ltr'><strong>me,</strong></span> <span class='ocrx_word' id='word_1_689' title='bbox 770 4942 788 4975; x_wconf 67' lang='grc' dir='ltr'><strong>ι</strong></span> <span class='ocrx_word' id='word_1_690' title='bbox 825 4922 911 4976; x_wconf 90' lang='lat' dir='ltr'><strong>isti</strong></span> <span class='ocrx_word' id='word_1_691' title='bbox 940 4941 953 4976; x_wconf 88' lang='lat'><strong>:</strong></span> <span class='ocrx_word' id='word_1_692' title='bbox 988 4941 1006 4975; x_wconf 83' lang='grc' dir='ltr'><strong>ι</strong></span> <span class='ocrx_word' id='word_1_693' title='bbox 1030 4924 1109 4978; x_wconf 89' lang='lat' dir='ltr'><strong>Ad</strong></span> <span class='ocrx_word' id='word_1_694' title='bbox 1135 4925 1399 4993; x_wconf 82' lang='lat' dir='ltr'><strong>meipsum</strong></span> <span class='ocrx_word' id='word_1_695' title='bbox 1432 4922 1610 4976; x_wconf 91' lang='lat' dir='ltr'><strong>anima</strong></span> <span class='ocrx_word' id='word_1_696' title='bbox 1644 4937 1762 4977; x_wconf 88' lang='lat' dir='ltr'><strong>mea</strong></span> <span class='ocrx_word' id='word_1_697' title='bbox 1785 4929 2007 4977; x_wconf 84' lang='lat' dir='ltr'><strong>contur-</strong></span> 
     </span>
    </p>
   </div>
   <div class='ocr_carea' id='block_1_92' title="bbox 427 5011 2005 5081">
    <p class='ocr_par' dir='ltr' id='par_1_92' title="bbox 427 5011 2005 5081">
     <span class='ocr_line' id='line_1_92' title="bbox 427 5011 2005 5081; baseline -0.002 -12"><span class='ocrx_word' id='word_1_698' title='bbox 427 5018 548 5069; x_wconf 83' lang='lat' dir='ltr'><strong>bata</strong></span> <span class='ocrx_word' id='word_1_699' title='bbox 585 5022 672 5068; x_wconf 84' lang='lat' dir='ltr'><strong>est</strong></span> <span class='ocrx_word' id='word_1_700' title='bbox 701 5012 765 5065; x_wconf 70' lang='grc'><strong>⁸⁸.</strong></span> <span class='ocrx_word' id='word_1_701' title='bbox 793 5031 811 5065; x_wconf 84' lang='grc'>›</span> <span class='ocrx_word' id='word_1_702' title='bbox 846 5012 1113 5068; x_wconf 83' lang='lat' dir='ltr'><strong>Caeterum</strong></span> <span class='ocrx_word' id='word_1_703' title='bbox 1140 5014 1307 5068; x_wconf 83' lang='lat' dir='ltr'><strong>etiam</strong></span> <span class='ocrx_word' id='word_1_704' title='bbox 1349 5021 1579 5067; x_wconf 91' lang='lat' dir='ltr'><strong>mortem</strong></span> <span class='ocrx_word' id='word_1_705' title='bbox 1605 5011 1942 5081; x_wconf 80' lang='lat' dir='ltr'><strong>exspectanti</strong></span> <span class='ocrx_word' id='word_1_706' title='bbox 1977 5027 2005 5066; x_wconf 89' lang='lat' dir='ltr'><strong>a</strong></span> 
     </span>
    </p>
   </div>
   <div class='ocr_carea' id='block_1_93' title="bbox 425 5102 2004 5176">
    <p class='ocr_par' dir='ltr' id='par_1_93' title="bbox 425 5102 2004 5176">
     <span class='ocr_line' id='line_1_93' title="bbox 425 5102 2004 5176; baseline 0.001 -19"><span class='ocrx_word' id='word_1_707' title='bbox 425 5119 592 5176; x_wconf 85' lang='lat' dir='ltr'><strong>pravo</strong></span> <span class='ocrx_word' id='word_1_708' title='bbox 646 5106 880 5175; x_wconf 89' lang='lat' dir='ltr'><strong>quodam</strong></span> <span class='ocrx_word' id='word_1_709' title='bbox 930 5105 1125 5172; x_wconf 90' lang='lat' dir='ltr'><strong>spiritu</strong></span> <span class='ocrx_word' id='word_1_710' title='bbox 1191 5105 1354 5159; x_wconf 90' lang='lat' dir='ltr'><strong>timor</strong></span> <span class='ocrx_word' id='word_1_711' title='bbox 1407 5102 1678 5172; x_wconf 85' lang='lat' dir='ltr'><strong>injicitur;</strong></span> <span class='ocrx_word' id='word_1_712' title='bbox 1738 5105 1832 5174; x_wconf 91' lang='lat' dir='ltr'><strong>qui</strong></span> <span class='ocrx_word' id='word_1_713' title='bbox 1883 5119 2004 5158; x_wconf 90' lang='lat' dir='ltr'><strong>cum</strong></span> 
     </span>
    </p>
   </div>
   <div class='ocr_carea' id='block_1_94' title="bbox 423 5198 2000 5268">
    <p class='ocr_par' dir='ltr' id='par_1_94' title="bbox 423 5198 2000 5268">
     <span class='ocr_line' id='line_1_94' title="bbox 423 5198 2000 5268; baseline -0.001 -14"><span class='ocrx_word' id='word_1_714' title='bbox 423 5200 583 5254; x_wconf 87' lang='lat' dir='ltr'><strong>vellet</strong></span> <span class='ocrx_word' id='word_1_715' title='bbox 608 5200 822 5268; x_wconf 88' lang='lat' dir='ltr'><strong>operari</strong></span> <span class='ocrx_word' id='word_1_716' title='bbox 874 5199 926 5253; x_wconf 90' lang='lat' dir='ltr'><strong>in</strong></span> <span class='ocrx_word' id='word_1_717' title='bbox 959 5200 1049 5254; x_wconf 91' lang='lat' dir='ltr'><strong>illo</strong></span> <span class='ocrx_word' id='word_1_718' title='bbox 1079 5200 1168 5268; x_wconf 90' lang='lat' dir='ltr'><strong>qui</strong></span> <span class='ocrx_word' id='word_1_719' title='bbox 1221 5200 1365 5253; x_wconf 88' lang='lat' dir='ltr'><strong>lumc</strong></span> <span class='ocrx_word' id='word_1_720' title='bbox 1420 5198 1684 5267; x_wconf 88' lang='lat' dir='ltr'><strong>psalmum</strong></span> <span class='ocrx_word' id='word_1_721' title='bbox 1741 5199 2000 5265; x_wconf 88' lang='lat' dir='ltr'><strong>dictabat,</strong></span> 
     </span>
    </p>
   </div>
   <div class='ocr_carea' id='block_1_95' title="bbox 423 5289 1999 5358">
    <p class='ocr_par' dir='ltr' id='par_1_95' title="bbox 423 5289 1999 5358">
     <span class='ocr_line' id='line_1_95' title="bbox 423 5289 1999 5358; baseline 0.001 -15"><span class='ocrx_word' id='word_1_722' title='bbox 423 5290 584 5344; x_wconf 91' lang='lat' dir='ltr'><strong>irruit</strong></span> <span class='ocrx_word' id='word_1_723' title='bbox 614 5291 666 5345; x_wconf 91' lang='lat' dir='ltr'><strong>iu</strong></span> <span class='ocrx_word' id='word_1_724' title='bbox 699 5291 958 5356; x_wconf 81' lang='lat' dir='ltr'><strong>eum,sed</strong></span> <span class='ocrx_word' id='word_1_725' title='bbox 991 5306 1096 5344; x_wconf 92' lang='lat' dir='ltr'><strong>non</strong></span> <span class='ocrx_word' id='word_1_726' title='bbox 1120 5290 1342 5344; x_wconf 89' lang='lat' dir='ltr'><strong>omnino</strong></span> <span class='ocrx_word' id='word_1_727' title='bbox 1370 5289 1549 5345; x_wconf 79' lang='lat' dir='ltr'><strong>eﬂ&#39;ccit</strong></span> <span class='ocrx_word' id='word_1_728' title='bbox 1584 5291 1724 5358; x_wconf 90' lang='lat' dir='ltr'><strong>quod</strong></span> <span class='ocrx_word' id='word_1_729' title='bbox 1767 5290 1999 5346; x_wconf 90' lang='lat' dir='ltr'><strong>volebat.</strong></span> 
     </span>
    </p>
   </div>
   <div class='ocr_carea' id='block_1_96' title="bbox 423 5379 1999 5451">
    <p class='ocr_par' dir='ltr' id='par_1_96' title="bbox 423 5379 1999 5451">
     <span class='ocr_line' id='line_1_96' title="bbox 423 5379 1999 5451; baseline 0.002 -18"><span class='ocrx_word' id='word_1_730' title='bbox 423 5380 690 5439; x_wconf 89' lang='lat' dir='ltr'><strong>Similiter</strong></span> <span class='ocrx_word' id='word_1_731' title='bbox 715 5394 932 5448; x_wconf 89' lang='lat' dir='ltr'><strong>quoque</strong></span> <span class='ocrx_word' id='word_1_732' title='bbox 968 5379 1120 5435; x_wconf 89' lang='lat' dir='ltr'><strong>dices</strong></span> <span class='ocrx_word' id='word_1_733' title='bbox 1153 5381 1218 5434; x_wconf 87' lang='lat' dir='ltr'><strong>de</strong></span> <span class='ocrx_word' id='word_1_734' title='bbox 1249 5379 1445 5435; x_wconf 90' lang='lat' dir='ltr'><strong>timore</strong></span> <span class='ocrx_word' id='word_1_735' title='bbox 1474 5395 1536 5435; x_wconf 88' lang='lat' dir='ltr'><strong>ac</strong></span> <span class='ocrx_word' id='word_1_736' title='bbox 1570 5388 1807 5435; x_wconf 88' lang='lat' dir='ltr'><strong>tremore</strong></span> <span class='ocrx_word' id='word_1_737' title='bbox 1836 5396 1999 5451; x_wconf 91' lang='lat' dir='ltr'><strong>super</strong></span> 
     </span>
    </p>
   </div>
   <div class='ocr_carea' id='block_1_97' title="bbox 491 5518 1677 5584">
    <p class='ocr_par' dir='ltr' id='par_1_97' title="bbox 491 5518 1677 5584">
     <span class='ocr_line' id='line_1_97' title="bbox 491 5518 1677 5584; baseline 0.004 -13"><span class='ocrx_word' id='word_1_738' title='bbox 491 5518 933 5573; x_wconf 71' lang='lat' dir='ltr'><strong>“Psal.xr.vtu.</strong></span> <span class='ocrx_word' id='word_1_739' title='bbox 985 5519 1039 5572; x_wconf 70' lang='lat'><strong>2.</strong></span> <span class='ocrx_word' id='word_1_740' title='bbox 1117 5519 1162 5551; x_wconf 79' lang='lat'><strong>“</strong></span> <span class='ocrx_word' id='word_1_741' title='bbox 1220 5520 1375 5575; x_wconf 80' lang='lat' dir='ltr'><strong>Rom.</strong></span> <span class='ocrx_word' id='word_1_742' title='bbox 1436 5537 1534 5584; x_wconf 81' lang='lat' dir='ltr'><strong>xu,</strong></span> <span class='ocrx_word' id='word_1_743' title='bbox 1589 5522 1677 5576; x_wconf 79' lang='grc'><strong>15.</strong></span> 
     </span>
    </p>
   </div>
   <div class='ocr_carea' id='block_1_98' title="bbox 513 5653 1677 5720">
    <p class='ocr_par' dir='ltr' id='par_1_98' title="bbox 513 5653 1677 5720">
     <span class='ocr_line' id='line_1_98' title="bbox 513 5653 1677 5720; baseline 0.002 -14"><span class='ocrx_word' id='word_1_744' title='bbox 513 5653 601 5711; x_wconf 77' lang='grc'><strong>57)</strong></span> <span class='ocrx_word' id='word_1_745' title='bbox 637 5653 1008 5720; x_wconf 67' lang='grc' dir='ltr'>Οὐδεὶφτῶν,</span> <span class='ocrx_word' id='word_1_746' title='bbox 1047 5662 1148 5709; x_wconf 73' lang='lat' dir='ltr'><strong>etc.</strong></span> <span class='ocrx_word' id='word_1_747' title='bbox 1183 5655 1383 5710; x_wconf 77' lang='lat' dir='ltr'><strong>Catena</strong></span> <span class='ocrx_word' id='word_1_748' title='bbox 1415 5655 1677 5711; x_wconf 89' lang='lat' dir='ltr'><strong>Cordcrii.</strong></span> 
     </span>
    </p>
   </div>
   <div class='ocr_carea' id='block_1_99' title="bbox 512 5724 1504 5794">
    <p class='ocr_par' dir='ltr' id='par_1_99' title="bbox 512 5724 1504 5794">
     <span class='ocr_line' id='line_1_99' title="bbox 512 5724 1504 5794; baseline 0 -14"><span class='ocrx_word' id='word_1_749' title='bbox 512 5724 598 5794; x_wconf 69' lang='lat' dir='ltr'><strong>58l</strong></span> <span class='ocrx_word' id='word_1_750' title='bbox 630 5726 702 5778; x_wconf 87' lang='grc' dir='ltr'><em>Ἣ</em></span> <span class='ocrx_word' id='word_1_751' title='bbox 730 5725 1121 5794; x_wconf 74' lang='grc' dir='ltr'>ἀδολεσχίαν,</span> <span class='ocrx_word' id='word_1_752' title='bbox 1150 5736 1256 5779; x_wconf 89' lang='lat' dir='ltr'><strong>etc.</strong></span> <span class='ocrx_word' id='word_1_753' title='bbox 1287 5727 1504 5781; x_wconf 77' lang='lat' dir='ltr'><strong>Eadem.</strong></span> 
     </span>
    </p>
   </div>
   <div class='ocr_carea' id='block_1_100' title="bbox 489 5793 1999 5863">
    <p class='ocr_par' dir='ltr' id='par_1_100' title="bbox 489 5793 1999 5863">
     <span class='ocr_line' id='line_1_100' title="bbox 489 5793 1999 5863; baseline 0.003 -16"><span class='ocrx_word' id='word_1_754' title='bbox 489 5793 598 5859; x_wconf 80' lang='lat'><strong>(&#39;59)</strong></span> <span class='ocrx_word' id='word_1_755' title='bbox 633 5794 889 5861; x_wconf 77' lang='grc' dir='ltr'>Χριστοῦ</span> <span class='ocrx_word' id='word_1_756' title='bbox 921 5793 1339 5863; x_wconf 72' lang='grc' dir='ltr'>ἀποσπῶντος,</span> <span class='ocrx_word' id='word_1_757' title='bbox 1397 5807 1502 5854; x_wconf 84' lang='lat' dir='ltr'><strong>etc.</strong></span> <span class='ocrx_word' id='word_1_758' title='bbox 1559 5798 1740 5854; x_wconf 82' lang='lat' dir='ltr'><strong>Codex</strong></span> <span class='ocrx_word' id='word_1_759' title='bbox 1799 5797 1999 5855; x_wconf 65' lang='grc' dir='ltr'><strong>(10ῌί-</strong></span> 
     </span>
    </p>
   </div>
   <div class='ocr_carea' id='block_1_101' title="bbox 1757 5521 2245 5592">
    <p class='ocr_par' dir='ltr' id='par_1_101' title="bbox 1757 5521 2245 5592">
     <span class='ocr_line' id='line_1_101' title="bbox 1757 5521 2245 5592; baseline -0.004 -14"><span class='ocrx_word' id='word_1_760' title='bbox 1757 5522 1851 5578; x_wconf 74' lang='lat' dir='ltr'><strong>&quot;l</strong></span> <span class='ocrx_word' id='word_1_761' title='bbox 1897 5523 2032 5592; x_wconf 80' lang='lat' dir='ltr'><strong>Reg.</strong></span> <span class='ocrx_word' id='word_1_762' title='bbox 2084 5539 2122 5587; x_wconf 80' lang='grc' dir='ltr'><strong>ι,</strong></span> <span class='ocrx_word' id='word_1_763' title='bbox 2159 5521 2245 5576; x_wconf 85' lang='lat' dir='ltr'><strong>l6.</strong></span> 
     </span>
    </p>
   </div>
   <div class='ocr_carea' id='block_1_102' title="bbox 2121 4553 3703 4626">
    <p class='ocr_par' dir='ltr' id='par_1_102' title="bbox 2121 4553 3703 4626">
     <span class='ocr_line' id='line_1_102' title="bbox 2121 4553 3703 4626; baseline 0.002 -21"><span class='ocrx_word' id='word_1_764' title='bbox 2121 4553 2350 4608; x_wconf 85' lang='grc' dir='ltr'>θανάτου</span> <span class='ocrx_word' id='word_1_765' title='bbox 2377 4554 2672 4625; x_wconf 79' lang='grc' dir='ltr'>ἐμπίπτειν</span> <span class='ocrx_word' id='word_1_766' title='bbox 2701 4553 2848 4624; x_wconf 78' lang='grc' dir='ltr'>αὐτῷ</span> <span class='ocrx_word' id='word_1_767' title='bbox 2869 4593 2884 4618; x_wconf 92' lang='grc'><strong>,</strong></span> <span class='ocrx_word' id='word_1_768' title='bbox 2921 4553 3086 4623; x_wconf 78' lang='grc' dir='ltr'>φόϐου</span> <span class='ocrx_word' id='word_1_769' title='bbox 3110 4556 3204 4608; x_wconf 72' lang='grc' dir='ltr'><strong>καὶ</strong></span> <span class='ocrx_word' id='word_1_770' title='bbox 3231 4555 3434 4626; x_wconf 83' lang='grc' dir='ltr'>τρόμου</span> <span class='ocrx_word' id='word_1_771' title='bbox 3469 4557 3703 4626; x_wconf 88' lang='grc' dir='ltr'>ἐρχομέ-</span> 
     </span>
    </p>
   </div>
   <div class='ocr_carea' id='block_1_103' title="bbox 2120 4642 3518 4709">
    <p class='ocr_par' dir='ltr' id='par_1_103' title="bbox 2120 4642 3518 4709">
     <span class='ocr_line' id='line_1_103' title="bbox 2120 4642 3518 4709; baseline 0.003 -13"><span class='ocrx_word' id='word_1_772' title='bbox 2120 4661 2225 4697; x_wconf 89' lang='grc' dir='ltr'><strong>νων</strong></span> <span class='ocrx_word' id='word_1_773' title='bbox 2248 4646 2334 4696; x_wconf 87' lang='grc' dir='ltr'>ἐπ’</span> <span class='ocrx_word' id='word_1_774' title='bbox 2361 4645 2522 4698; x_wconf 80' lang='grc' dir='ltr'>αὐτὸν</span> <span class='ocrx_word' id='word_1_775' title='bbox 2540 4685 2554 4709; x_wconf 93' lang='grc'><strong>,</strong></span> <span class='ocrx_word' id='word_1_776' title='bbox 2591 4645 2686 4697; x_wconf 73' lang='grc' dir='ltr'>καὶ</span> <span class='ocrx_word' id='word_1_777' title='bbox 2722 4643 2912 4697; x_wconf 88' lang='grc' dir='ltr'>σκότου</span> <span class='ocrx_word' id='word_1_778' title='bbox 2943 4642 3308 4708; x_wconf 83' lang='grc' dir='ltr'>καλύπτοντος</span> <span class='ocrx_word' id='word_1_779' title='bbox 3337 4645 3518 4701; x_wconf 79' lang='grc' dir='ltr'>αὐτόν.</span> 
     </span>
    </p>
   </div>
   <div class='ocr_carea' id='block_1_104' title="bbox 2200 4733 3698 4810">
    <p class='ocr_par' dir='ltr' id='par_1_104' title="bbox 2200 4733 3698 4810">
     <span class='ocr_line' id='line_1_104' title="bbox 2200 4733 3698 4810; baseline 0.001 -19"><span class='ocrx_word' id='word_1_780' title='bbox 2200 4737 2260 4791; x_wconf 89' lang='grc' dir='ltr'><strong><em>Ἡ</em></strong></span> <span class='ocrx_word' id='word_1_781' title='bbox 2286 4736 2499 4804; x_wconf 79' lang='grc' dir='ltr'>καρδία</span> <span class='ocrx_word' id='word_1_782' title='bbox 2521 4754 2638 4804; x_wconf 82' lang='grc' dir='ltr'>μου</span> <span class='ocrx_word' id='word_1_783' title='bbox 2669 4733 2968 4802; x_wconf 81' lang='grc' dir='ltr'>ἐταράχθη</span> <span class='ocrx_word' id='word_1_784' title='bbox 3001 4735 3071 4786; x_wconf 74' lang='grc' dir='ltr'>ἐν</span> <span class='ocrx_word' id='word_1_785' title='bbox 3099 4734 3250 4803; x_wconf 81' lang='grc' dir='ltr'>ἐμοὶ,</span> <span class='ocrx_word' id='word_1_786' title='bbox 3286 4754 3338 4789; x_wconf 92' lang='grc' dir='ltr'><strong>κ.</strong></span> <span class='ocrx_word' id='word_1_787' title='bbox 3372 4754 3423 4789; x_wconf 88' lang='grc' dir='ltr'>τ.</span> <span class='ocrx_word' id='word_1_788' title='bbox 3457 4739 3503 4790; x_wconf 86' lang='grc' dir='ltr'><strong>ἐ.</strong></span> <span class='ocrx_word' id='word_1_789' title='bbox 3542 4740 3698 4810; x_wconf 89' lang='grc' dir='ltr'>Ἔχει</span> 
     </span>
    </p>
   </div>
   <div class='ocr_carea' id='block_1_105' title="bbox 2115 4826 3692 4903">
    <p class='ocr_par' dir='ltr' id='par_1_105' title="bbox 2115 4826 3692 4903">
     <span class='ocr_line' id='line_1_105' title="bbox 2115 4826 3692 4903; baseline 0.003 -24"><span class='ocrx_word' id='word_1_790' title='bbox 2115 4844 2165 4879; x_wconf 91' lang='grc' dir='ltr'><strong>τι</strong></span> <span class='ocrx_word' id='word_1_791' title='bbox 2183 4828 2366 4897; x_wconf 81' lang='grc' dir='ltr'>ὅμοιον</span> <span class='ocrx_word' id='word_1_792' title='bbox 2390 4827 2498 4898; x_wconf 67' lang='grc'><strong>(40)</strong></span> <span class='ocrx_word' id='word_1_793' title='bbox 2517 4827 2598 4888; x_wconf 87' lang='grc' dir='ltr'><strong>τὸ,</strong></span> <span class='ocrx_word' id='word_1_794' title='bbox 2623 4845 2641 4878; x_wconf 80' lang='grc' dir='ltr'><strong>ι</strong></span> <span class='ocrx_word' id='word_1_795' title='bbox 2679 4827 2741 4878; x_wconf 87' lang='grc' dir='ltr'><em>Ἦ</em></span> <span class='ocrx_word' id='word_1_796' title='bbox 2762 4826 2960 4897; x_wconf 83' lang='grc' dir='ltr'>καρδία</span> <span class='ocrx_word' id='word_1_797' title='bbox 2994 4843 3094 4896; x_wconf 89' lang='grc' dir='ltr'><strong>μου</strong></span> <span class='ocrx_word' id='word_1_798' title='bbox 3122 4829 3392 4899; x_wconf 81' lang='grc' dir='ltr'>ἐταράχθη</span> <span class='ocrx_word' id='word_1_799' title='bbox 3412 4832 3470 4883; x_wconf 92' lang='grc' dir='ltr'><strong>ἐν</strong></span> <span class='ocrx_word' id='word_1_800' title='bbox 3498 4831 3642 4903; x_wconf 75' lang='grc' dir='ltr'>ἐμοὶ,</span> <span class='ocrx_word' id='word_1_801' title='bbox 3672 4853 3692 4884; x_wconf 82' lang='grc'>›</span> 
     </span>
    </p>
   </div>
   <div class='ocr_carea' id='block_1_106' title="bbox 2116 4917 3698 4992">
    <p class='ocr_par' dir='ltr' id='par_1_106' title="bbox 2116 4917 3698 4992">
     <span class='ocr_line' id='line_1_106' title="bbox 2116 4917 3698 4992; baseline 0.005 -22"><span class='ocrx_word' id='word_1_802' title='bbox 2116 4917 2214 4988; x_wconf 81' lang='grc' dir='ltr'>τῷ,</span> <span class='ocrx_word' id='word_1_803' title='bbox 2253 4937 2269 4968; x_wconf 81' lang='grc' dir='ltr'><strong>ι</strong></span> <span class='ocrx_word' id='word_1_804' title='bbox 2296 4918 2440 4990; x_wconf 86' lang='grc' dir='ltr'>Πρὸς</span> <span class='ocrx_word' id='word_1_805' title='bbox 2472 4919 2705 4986; x_wconf 86' lang='grc' dir='ltr'>ἐμαυτὸν</span> <span class='ocrx_word' id='word_1_806' title='bbox 2751 4920 2783 4988; x_wconf 83' lang='grc' dir='ltr'>ἡ</span> <span class='ocrx_word' id='word_1_807' title='bbox 2815 4917 2958 4988; x_wconf 70' lang='grc' dir='ltr'>ψυχή</span> <span class='ocrx_word' id='word_1_808' title='bbox 2996 4935 3094 4988; x_wconf 90' lang='grc' dir='ltr'><strong>μου</strong></span> <span class='ocrx_word' id='word_1_809' title='bbox 3123 4920 3419 4992; x_wconf 75' lang='grc' dir='ltr'>ἐταράχθη.</span> <span class='ocrx_word' id='word_1_810' title='bbox 3459 4942 3478 4974; x_wconf 70' lang='grc' dir='ltr'><strong>ι</strong></span> <span class='ocrx_word' id='word_1_811' title='bbox 3536 4924 3698 4978; x_wconf 72' lang='grc' dir='ltr'>Ἀλλὰ</span> 
     </span>
    </p>
   </div>
   <div class='ocr_carea' id='block_1_107' title="bbox 2115 5009 3696 5082">
    <p class='ocr_par' dir='ltr' id='par_1_107' title="bbox 2115 5009 3696 5082">
     <span class='ocr_line' id='line_1_107' title="bbox 2115 5009 3696 5082; baseline 0.005 -20"><span class='ocrx_word' id='word_1_812' title='bbox 2115 5010 2209 5064; x_wconf 72' lang='grc' dir='ltr'>καὶ</span> <span class='ocrx_word' id='word_1_813' title='bbox 2239 5011 2330 5062; x_wconf 74' lang='grc' dir='ltr'>ἐπὶ</span> <span class='ocrx_word' id='word_1_814' title='bbox 2363 5009 2579 5080; x_wconf 83' lang='grc' dir='ltr'>θανάτῳ</span> <span class='ocrx_word' id='word_1_815' title='bbox 2610 5009 3042 5082; x_wconf 84' lang='grc' dir='ltr'>προσδοκωμένῳ</span> <span class='ocrx_word' id='word_1_816' title='bbox 3073 5012 3241 5064; x_wconf 84' lang='grc' dir='ltr'>δειλία</span> <span class='ocrx_word' id='word_1_817' title='bbox 3278 5013 3386 5066; x_wconf 84' lang='grc' dir='ltr'><strong>ἀπό</strong></span> <span class='ocrx_word' id='word_1_818' title='bbox 3419 5031 3566 5079; x_wconf 87' lang='grc' dir='ltr'>τινος</span> <span class='ocrx_word' id='word_1_819' title='bbox 3595 5035 3696 5070; x_wconf 92' lang='grc' dir='ltr'>πο-</span> 
     </span>
    </p>
   </div>
   <div class='ocr_carea' id='block_1_108' title="bbox 2114 5103 3699 5180">
    <p class='ocr_par' dir='ltr' id='par_1_108' title="bbox 2114 5103 3699 5180">
     <span class='ocr_line' id='line_1_108' title="bbox 2114 5103 3699 5180; baseline 0.004 -26"><span class='ocrx_word' id='word_1_820' title='bbox 2114 5104 2286 5173; x_wconf 79' lang='grc' dir='ltr'>νηρᾶς</span> <span class='ocrx_word' id='word_1_821' title='bbox 2327 5103 2604 5173; x_wconf 73' lang='grc' dir='ltr'>ἐνεργείας</span> <span class='ocrx_word' id='word_1_822' title='bbox 2631 5103 2879 5170; x_wconf 81' lang='grc' dir='ltr'>γίνεται,</span> <span class='ocrx_word' id='word_1_823' title='bbox 2923 5103 3079 5172; x_wconf 73' lang='grc' dir='ltr'>ἣτις,</span> <span class='ocrx_word' id='word_1_824' title='bbox 3128 5103 3422 5176; x_wconf 79' lang='grc' dir='ltr'>βουλομένη</span> <span class='ocrx_word' id='word_1_825' title='bbox 3470 5111 3699 5180; x_wconf 86' lang='grc' dir='ltr'>ἐνεργῆ-</span> 
     </span>
    </p>
   </div>
   <div class='ocr_carea' id='block_1_109' title="bbox 2114 5195 3693 5270">
    <p class='ocr_par' dir='ltr' id='par_1_109' title="bbox 2114 5195 3693 5270">
     <span class='ocr_line' id='line_1_109' title="bbox 2114 5195 3693 5270; baseline 0.005 -23"><span class='ocrx_word' id='word_1_826' title='bbox 2114 5211 2203 5248; x_wconf 88' lang='grc' dir='ltr'><strong>σαι</strong></span> <span class='ocrx_word' id='word_1_827' title='bbox 2229 5199 2308 5257; x_wconf 86' lang='grc' dir='ltr'><strong>είς</strong></span> <span class='ocrx_word' id='word_1_828' title='bbox 2330 5196 2418 5248; x_wconf 85' lang='grc' dir='ltr'><strong>τὸν</strong></span> <span class='ocrx_word' id='word_1_829' title='bbox 2445 5195 2671 5264; x_wconf 85' lang='grc' dir='ltr'>λέγοντα</span> <span class='ocrx_word' id='word_1_830' title='bbox 2704 5195 2794 5248; x_wconf 85' lang='grc' dir='ltr'><strong>τὸν</strong></span> <span class='ocrx_word' id='word_1_831' title='bbox 2821 5195 3033 5265; x_wconf 74' lang='grc' dir='ltr'>ψαλμὸν</span> <span class='ocrx_word' id='word_1_832' title='bbox 3058 5237 3072 5261; x_wconf 90' lang='grc'><strong>,</strong></span> <span class='ocrx_word' id='word_1_833' title='bbox 3126 5197 3392 5250; x_wconf 76' lang='grc' dir='ltr'>ἐπέπεσεν</span> <span class='ocrx_word' id='word_1_834' title='bbox 3428 5200 3598 5270; x_wconf 83' lang='grc' dir='ltr'>αὐτῷ,</span> <span class='ocrx_word' id='word_1_835' title='bbox 3632 5204 3693 5256; x_wconf 86' lang='grc' dir='ltr'>οὐ</span> 
     </span>
    </p>
   </div>
   <div class='ocr_carea' id='block_1_110' title="bbox 2113 5288 3694 5365">
    <p class='ocr_par' dir='ltr' id='par_1_110' title="bbox 2113 5288 3694 5365">
     <span class='ocr_line' id='line_1_110' title="bbox 2113 5288 3694 5365; baseline 0.005 -25"><span class='ocrx_word' id='word_1_836' title='bbox 2113 5290 2328 5352; x_wconf 87' lang='grc' dir='ltr'>πάντως</span> <span class='ocrx_word' id='word_1_837' title='bbox 2379 5288 2436 5341; x_wconf 84' lang='grc' dir='ltr'>δὲ</span> <span class='ocrx_word' id='word_1_838' title='bbox 2475 5289 2570 5342; x_wconf 71' lang='grc' dir='ltr'>καὶ</span> <span class='ocrx_word' id='word_1_839' title='bbox 2611 5289 2910 5360; x_wconf 82' lang='grc' dir='ltr'>ἐνήργησεν</span> <span class='ocrx_word' id='word_1_840' title='bbox 2940 5289 2968 5341; x_wconf 80' lang='grc' dir='ltr'><strong>ὃ</strong></span> <span class='ocrx_word' id='word_1_841' title='bbox 2995 5290 3280 5362; x_wconf 83' lang='grc' dir='ltr'>ἐϐουλήθη.</span> <span class='ocrx_word' id='word_1_842' title='bbox 3314 5291 3386 5345; x_wconf 81' lang='grc' dir='ltr'><strong>Τὸ</strong></span> <span class='ocrx_word' id='word_1_843' title='bbox 3414 5293 3470 5346; x_wconf 83' lang='grc' dir='ltr'><strong>δέ</strong></span> <span class='ocrx_word' id='word_1_844' title='bbox 3507 5295 3694 5365; x_wconf 87' lang='grc' dir='ltr'>ὅμοιον</span> 
     </span>
    </p>
   </div>
   <div class='ocr_carea' id='block_1_111' title="bbox 2109 5380 3694 5459">
    <p class='ocr_par' dir='ltr' id='par_1_111' title="bbox 2109 5380 3694 5459">
     <span class='ocr_line' id='line_1_111' title="bbox 2109 5380 3694 5459; baseline 0.004 -25"><span class='ocrx_word' id='word_1_845' title='bbox 2109 5384 2255 5453; x_wconf 86' lang='grc' dir='ltr'>ἐρεῖς</span> <span class='ocrx_word' id='word_1_846' title='bbox 2289 5383 2382 5434; x_wconf 70' lang='grc' dir='ltr'><strong>καὶ</strong></span> <span class='ocrx_word' id='word_1_847' title='bbox 2411 5381 2502 5434; x_wconf 74' lang='grc' dir='ltr'><strong>ἐπὶ</strong></span> <span class='ocrx_word' id='word_1_848' title='bbox 2534 5380 2628 5434; x_wconf 91' lang='grc' dir='ltr'><strong>τοῦ</strong></span> <span class='ocrx_word' id='word_1_849' title='bbox 2664 5381 2906 5446; x_wconf 84' lang='grc' dir='ltr'>ἐλθόντος</span> <span class='ocrx_word' id='word_1_850' title='bbox 2946 5383 3032 5435; x_wconf 85' lang='grc' dir='ltr'>ἐπ’</span> <span class='ocrx_word' id='word_1_851' title='bbox 3060 5382 3220 5437; x_wconf 83' lang='grc' dir='ltr'>αὑτὸν</span> <span class='ocrx_word' id='word_1_852' title='bbox 3246 5383 3412 5453; x_wconf 78' lang='grc' dir='ltr'>φόὸου</span> <span class='ocrx_word' id='word_1_853' title='bbox 3446 5386 3540 5440; x_wconf 76' lang='grc' dir='ltr'><strong>καὶ</strong></span> <span class='ocrx_word' id='word_1_854' title='bbox 3568 5387 3694 5459; x_wconf 84' lang='grc' dir='ltr'>τρό-</span> 
     </span>
    </p>
   </div>
   <div class='ocr_carea' id='block_1_112' title="bbox 2324 5520 2771 5586">
    <p class='ocr_par' dir='ltr' id='par_1_112' title="bbox 2324 5520 2771 5586">
     <span class='ocr_line' id='line_1_112' title="bbox 2324 5520 2771 5586; baseline 0.007 -12"><span class='ocrx_word' id='word_1_855' title='bbox 2324 5522 2368 5553; x_wconf 74' lang='grc'><strong>⁸⁸</strong></span> <span class='ocrx_word' id='word_1_856' title='bbox 2397 5520 2540 5577; x_wconf 88' lang='lat' dir='ltr'><strong>Psal.</strong></span> <span class='ocrx_word' id='word_1_857' title='bbox 2581 5538 2689 5586; x_wconf 75' lang='lat' dir='ltr'><strong>xm,</strong></span> <span class='ocrx_word' id='word_1_858' title='bbox 2719 5523 2771 5577; x_wconf 89' lang='lat'><strong>7.</strong></span> 
     </span>
    </p>
   </div>
   <div class='ocr_carea' id='block_1_113' title="bbox 2107 5657 2626 5710">
    <p class='ocr_par' dir='ltr' id='par_1_113' title="bbox 2107 5657 2626 5710">
     <span class='ocr_line' id='line_1_113' title="bbox 2107 5657 2626 5710; baseline -0.002 0"><span class='ocrx_word' id='word_1_859' title='bbox 2107 5657 2302 5710; x_wconf 87' lang='lat' dir='ltr'><strong>nianus</strong></span> <span class='ocrx_word' id='word_1_860' title='bbox 2339 5657 2626 5709; x_wconf 88' lang='lat' dir='ltr'><strong>secundus.</strong></span> 
     </span>
    </p>
   </div>
   <div class='ocr_carea' id='block_1_114' title="bbox 2179 5725 3690 5796">
    <p class='ocr_par' dir='ltr' id='par_1_114' title="bbox 2179 5725 3690 5796">
     <span class='ocr_line' id='line_1_114' title="bbox 2179 5725 3690 5796; baseline 0.008 -17"><span class='ocrx_word' id='word_1_861' title='bbox 2179 5725 2290 5796; x_wconf 73' lang='grc'><strong>(40)</strong></span> <span class='ocrx_word' id='word_1_862' title='bbox 2323 5727 2487 5795; x_wconf 87' lang='grc' dir='ltr'>Ἔχει</span> <span class='ocrx_word' id='word_1_863' title='bbox 2514 5745 2569 5780; x_wconf 84' lang='grc' dir='ltr'><strong>τι</strong></span> <span class='ocrx_word' id='word_1_864' title='bbox 2601 5726 2826 5796; x_wconf 78' lang='grc' dir='ltr'>ὅμοιον,</span> <span class='ocrx_word' id='word_1_865' title='bbox 2861 5739 2965 5784; x_wconf 84' lang='lat' dir='ltr'><strong>etc.</strong></span> <span class='ocrx_word' id='word_1_866' title='bbox 2996 5728 3196 5785; x_wconf 83' lang='lat' dir='ltr'><strong>Catena</strong></span> <span class='ocrx_word' id='word_1_867' title='bbox 3237 5729 3483 5788; x_wconf 88' lang='lat' dir='ltr'><strong>Corderii</strong></span> <span class='ocrx_word' id='word_1_868' title='bbox 3513 5742 3568 5788; x_wconf 83' lang='lat' dir='ltr'><strong>et</strong></span> <span class='ocrx_word' id='word_1_869' title='bbox 3598 5749 3690 5791; x_wconf 87' lang='lat' dir='ltr'><strong>co-</strong></span> 
     </span>
    </p>
   </div>
   <div class='ocr_carea' id='block_1_115' title="bbox 2108 5796 2620 5854">
    <p class='ocr_par' dir='ltr' id='par_1_115' title="bbox 2108 5796 2620 5854">
     <span class='ocr_line' id='line_1_115' title="bbox 2108 5796 2620 5854; baseline -0.002 -2"><span class='ocrx_word' id='word_1_870' title='bbox 2108 5796 2212 5853; x_wconf 76' lang='lat' dir='ltr'><strong>dex</strong></span> <span class='ocrx_word' id='word_1_871' title='bbox 2240 5796 2620 5854; x_wconf 86' lang='lat' dir='ltr'><strong>Coisliuiauus.</strong></span> 
     </span>
    </p>
   </div>
  </div>
