4110 6400
361 437 380 486 I
399 434 498 489 465

1361 423 1677 478 SEI.ECTA
1719 423 1782 478 IN
1825 420 2162 476 PSAMIOS.
2203 451 2269 462 --
2309 421 2504 476 PSAL.
2550 419 2682 478 LIV.

3497 419 3632 474 ιιεςε

364 572 467 626 μου
491 571 504 583 ·
536 553 694 608 ἅτινα
718 591 732 617 ,
758 552 879 604 ἐπεὶ
905 542 1061 620 εὗρεν
1085 547 1245 602 αὑτὸν
1266 547 1606 618 ἐγρηγορότα
1625 585 1639 607 ,
1667 546 1766 597 οὐκ
1787 545 1934 615 ἐνήρ

2053 544 2226 612 ipsum
2256 543 2508 595 veniente
2540 559 2553 592 :
2599 555 2718 608 qua:
2756 539 2880 607 quia
2924 538 3096 607 ipsum
3131 546 3451 606 repererunt
3494 541 3630 606 vigi-

361 663 550 718 γησεν.
588 663 606 697 ι
643 642 908 712 Ἐκάλυψέ
947 658 1013 712 με
1044 641 1100 693 δέ
1129 640 1339 703 σκότος,
1375 658 1392 688 ι
1427 633 1547 689 εἷπε
1584 637 1672 689 διὰ
1698 637 1758 690 τὸ
1786 635 1945 706 σῶμα

363 737 588 791 σκοτοῦν
621 737 716 808 τὴν
739 736 949 806 ψυχὴν,
986 736 1073 788 ὅτε
1120 730 1442 802 ἁμαρτωλὸς
1486 731 1579 783 καὶ
1623 730 1816 801 ἐχθρὸς
1855 731 1945 780 ἐκ·

361 830 631 884 τιιλίνουσιν
677 830 761 882 ἐπ’
817 829 916 898 ἐμὲ
968 829 1190 895 ἀνόμιον
1236 825 1474 892 ποίησιν.
1521 824 1795 894 Ἀμαρτία
1837 821 1945 893 γὰρ

366 923 636 993 ἁμαρτίαν
670 919 934 992 ἐρεθίζει·
969 919 1176 978 δίκαιος
1203 917 1258 969 δὲ
1289 915 1484 984 δικαίῳ
1529 913 1703 966 συνὼν
1743 913 1945 967 δικαιό-

360 1029 520 1083 τερος
565 1012 793 1079 γίνεται.
843 1029 860 1061 ι
886 1011 994 1063 Καὶ
1041 1013 1100 1062 ἐν
1142 1007 1278 1078 ὀργῇ
1315 1007 1600 1066 ἐνεκότουν
1637 1024 1745 1077 μοι.
1783 1026 1801 1056 ›
1838 1007 1945 1060 Καὶ

360 1105 518 1158 τοῦτο
546 1105 654 1157 τῶν
685 1101 1025 1174 ἁμαρτωλῶν
1044 1142 1060 1166 ,
1084 1103 1133 1155 οἳ
1158 1101 1250 1154 καὶ
1274 1101 1372 1171 τὴν
1399 1100 1597 1171 ἔχθραν
1622 1100 1719 1169 οὐχ
1752 1099 1942 1161 ἁπλῶς

361 1196 718 1268 ἐργάζονται,
765 1195 901 1247 ἀλλὰ
950 1195 1044 1247 καὶ⁵
1093 1195 1152 1245 ἐν
1219 1193 1414 1262 σκότῳ.
1470 1210 1486 1240 ι
1513 1192 1786 1259 Ἐγκοτεῖν
1817 1210 1834 1242 ι
1892 1190 1944 1242 δέ

363 1293 510 1343 ἐστιν
563 1287 993 1357 ἐναποκειμένην
1040 1285 1187 1355 ἔχειν
1240 1285 1338 1354 τὴν
1383 1285 1573 1356 ὀργήν.
1626 1284 1944 1335 Ἐπίσταται

365 1380 652 1443 σπουδαῖος
687 1381 830 1442 ἄπας
861 1379 1047 1449 ἕτερον
1084 1374 1222 1429 εἶναι
1251 1376 1312 1430 τὸ
1349 1379 1406 1429 ἐν
1444 1377 1725 1446 λογισμοῖς
1763 1377 1944 1446 ἁμαρ-

360 1473 542 1525 τάνειν
579 1472 627 1541 (ὃ
669 1472 764 1524 καὶ
799 1469 1024 1522 ἀνεκτόν
1067 1468 1206 1538 ἐστι)
1244 1470 1338 1521 καὶ
1372 1469 1559 1538 ἕτερον
1582 1508 1597 1532 ,
1641 1469 1697 1520 ἐν
1746 1467 1943 1539 πράξει

361 1565 455 1617 καὶ
482 1563 660 1632 λόγοις
693 1561 742 1629 (ὃ
771 1563 862 1615 καὶ
895 1562 1232 1615 ἐπικίνδυνον
1270 1563 1363 1614 καὶ
1401 1561 1584 1633 βαρύ).
1621 1560 1712 1613 Διὸ
1757 1561 1845 1613 καὶ
1896 1560 1949 1612 εῐ

361 1671 493 1706 ποτε
540 1656 597 1706 ἐν
635 1653 911 1723 λογισμοῖς
937 1651 1178 1722 συμϐαίη
1213 1651 1397 1704 κλόνον
1419 1652 1511 1704 καὶ
1550 1650 1752 1722 βλάϐην
1796 1649 1944 1718 γίνε-

362 1745 516 1809 σθαι,
555 1746 612 1798 ἐν
656 1744 836 1815 ἐαυτῷ
878 1745 1135 1814 φυλάττει
1168 1744 1342 1806 αὑτά,
1393 1743 1513 1796 ούδέ
1554 1743 1819 1814 προφέρει
1857 1743 1944 1794 λό-

356 1853 488 1902 γον,
520 1838 660 1892 κατὰ
694 1839 754 1892 τὸ
803 1841 860 1890 ἐν
903 1838 1130 1909 κρυπτῷ
1163 1839 1500 1909 ἁμάρτημα,
1548 1838 1666 1891 ούδέ
1713 1837 1942 1908 πράττει

2049 635 2272 697 lantetn,
2305 634 2470 703 730
2513 633 2645 687 nihil
2690 632 3011 687 effecerunt.
3066 631 3630 687 «Contexeruntvere

2050 743 2134 781 me
2169 729 2470 790 tenebrae,»
2534 727 2691 790 dixit,
2742 725 2867 794 quia
2912 741 3109 794 corpus
3161 725 3344 778 animo
3378 726 3632 778 tenebras

2047 817 2302 883 oITundit,
2348 819 2563 884 quando
2608 826 2859 884 peccator
2883 826 2943 870 et
2978 815 3232 870 inimicus
3269 815 3548 868 declinant
3578 816 3632 869 in

2049 925 2134 964 me
2175 909 2414 978 iniquam
2453 910 2748 964 actionem.
2807 907 3096 962 Peccatum
3155 909 3296 962 enim
3349 916 3630 976 peccatum

2049 1000 2295 1070 prolicit;
2331 1000 2512 1069 justus
2545 1015 2670 1054 vero
2706 999 2856 1068 justo
2893 1000 3178 1054 adhmrens
3201 1000 3398 1068 justior
3424 999 3628 1054 evadit.

2053 1110 2071 1143 ι
2103 1092 2169 1146 Ει
2203 1093 2255 1146 ἰιι
2284 1092 2364 1144 ira
2397 1089 2607 1144 molesti
2643 1101 2802 1145 erant
2844 1091 2997 1145 mihi.
3025 1109 3043 1142 ι
3098 1090 3194 1145 llic
3241 1092 3402 1144 etiam
3435 1105 3630 1158 pecca-

2052 1199 2226 1241 torum
2289 1202 2404 1240 mos
2461 1195 2566 1249 est,
2618 1186 2709 1255 qui
2775 1186 3092 1240 inimicitias
3151 1201 3255 1238 non
3305 1184 3634 1253 simpliciter

2047 1286 2323 1339 exercent,
2365 1277 2462 1330 sed
2487 1277 2539 1330 in
2569 1276 2829 1330 tenebris.
2876 1276 3150 1343 Ἐγκοτείν
3190 1289 3322 1328 vero
3365 1275 3505 1328 idem
3549 1283 3632 1328 est

2047 1369 2191 1437 quod
2238 1369 2484 1422 intimam
2532 1367 2668 1420 iram
2712 1367 2936 1421 habere.
2980 1366 3221 1432 Quilibet
3250 1366 3452 1434 probus
3484 1365 3634 1418 novit

2047 1459 2192 1514 aliud
2230 1474 2350 1513 esse
2370 1500 2384 1524 ,
2416 1473 2648 1526 peccare
2678 1459 3100 1528 cogitationibus
3143 1457 3314 1529 (quod
3343 1467 3399 1512 et
3431 1457 3632 1511 tolera-

2012 1537 2018 1542 ’
2048 1549 2155 1603 bile
2187 1549 2292 1620 est)
2334 1559 2386 1602 et
2421 1549 2585 1613 aliud,
2630 1549 2793 1603 rebus
2822 1565 2885 1603 ac
2915 1549 3096 1602 verbis
3122 1551 3304 1617 (quod
3336 1557 3389 1602 et
3421 1549 3634 1616 pericu-

2047 1645 2220 1698 losum
2274 1655 2328 1697 et
2384 1659 2547 1712 grave
2602 1643 2748 1711 est).
2817 1642 3160 1711 Quapropter
3209 1643 3253 1696 si
3303 1643 3520 1710 quando
3579 1642 3628 1695 in

2047 1737 2468 1806 cogitationibus
2491 1737 2770 1805 contingat
2791 1746 2993 1790 motum
3016 1735 3096 1786 vel
3126 1749 3320 1788 noxam
3344 1736 3629 1796 exsistere,

2049 1832 2163 1886 haec
2195 1833 2244 1884 in
2272 1832 2450 1899 seipso
2480 1831 2734 1891 custodit,
2763 1843 2936 1896 neque
2966 1828 3185 1881 verbum
3223 1827 3455 1896 profert,
3477 1827 3633 1895 juxta

359 1929 876 2002 ἁποτελεσματικῶς
896 1971 910 1991 ,
940 1907 1334 2000 είδὼςίἁσιμον
1364 1907 1502 1983 εἶναι
1541 1931 1603 1982 τὸ
1630 1907 1934 1999 ἐνθύμημα.

2046 1933 2324 1992 peccatum
2357 1923 2499 1990 quod
2534 1923 2584 1974 in
2616 1907 2833 1975 occulto
2866 1921 2953 1984 tit,
2992 1935 3166 1989 neque
3200 1919 3468 1985 eomplete
3507 1934 3634 1988 per-

358 2023 431 2075 Τὸ
459 2023 515 2076 δὲ
539 2023 597 2074 ἐν
617 2022 812 2094 πράξει
837 2023 930 2075 καὶ
957 2021 1133 2090 λόγοις
1147 2023 1396 2075 δυσίατον
1424 2021 1529 2075 ἐσθ’
1547 2023 1634 2075 ὅτε
1664 2024 1756 2076 καὶ
1791 2023 1943 2075 ἀνία-

353 2130 466 2166 τον.
501 2114 591 2166 Διό
611 2131 794 2184 φησιν’
832 2132 849 2164 ι
897 2115 960 2166 Ἦ
988 2114 1186 2185 καρδία
1214 2133 1314 2184 μου
1349 2113 1624 2185 ἐταράχθη
1652 2117 1711 2167 ἐν
1744 2115 1886 2185 ἐμοί.
1918 2136 1935 2167 ι

355 2205 429 2257 Οὐ
461 2205 570 2275 γὰρ
601 2205 923 2275 ἡρμήνευσα
953 2206 1050 2274 τὴν
1092 2204 1335 2275 ταραχὴν
1360 2245 1374 2268 ,
1410 2205 1441 2274 ἦ
1483 2203 1692 2274 ἔπραξά
1735 2221 1788 2256 τι
1819 2205 1938 2257 κατ’

356 2296 517 2348 αὐτόν
545 2313 558 2327 ·
602 2297 738 2349 ἀλλὰ
776 2297 870 2350 καὶ
901 2296 1101 2359 δειλίας
1136 2297 1500 2368 ἐπιπεσούσης
1535 2297 1765 2350 θανάτου
1813 2297 1942 2350 ἀκο-

355 2386 669 2452 λουθοῦντος
700 2392 766 2460 τῇ
795 2389 1062 2460 ἁμαρτία,
1107 2391 1163 2441 ἐν
1196 2389 1416 2459 ἐμαυτῷ
1453 2390 1620 2460 αὐτὴν
1653 2390 1936 2459 κατέσχον.

353 2478 653 2550 Συμϐαίνει
691 2482 799 2552 γὰρ
832 2483 896 2534 ἐκ
923 2481 1032 2534 τῶν
1059 2479 1165 2546 ἔξω
1196 2481 1295 2551 τὴν
1325 2481 1526 2533 δειλίαν
1555 2481 1822 2550 φανῆναι,
1846 2482 1941 2534 καὶ

353 2572 553 2643 ἐτέρων
604 2573 936 2644 πρόσκομμα
976 2573 1229 2640 γενέσθαι
1268 2574 1360 2626 τὸν
1395 2573 1722 2644 δηλωθέντα.
1757 2573 1829 2625 Τὸ
1858 2573 1936 2635 δὲ,

360 2682 378 2712 ι
407 2663 574 2726 Φόϐος
609 2665 705 2717 καὶ
738 2665 940 2738 τρόμος
971 2660 1132 2735 ἦλθεν
1176 2666 1266 2717 ἐπ’
1296 2666 1427 2736 ἐμὲ,
1473 2665 1567 2718 καὶ
1607 2663 1844 2733 ἐκάλυψε
1873 2680 1939 2734 με

357 2755 587 2820 σκότος,
630 2776 648 2808 ι
708 2756 812 2825 τῆς
856 2757 1070 2826 φύσεως
1122 2758 1222 2828 τῆς
1274 2757 1623 2829 ἀνθρωπίνης
1680 2757 1936 2827 ὑπάρχει,

353 2846 584 2916 ἐχούσης
615 2847 676 2900 τὸ
699 2848 999 2918 παθητικὸν
1024 2851 1116 2903 καὶ
1139 2849 1367 2920 θυμικὸν
1396 2851 1490 2902 καὶ
1517 2849 1934 2920 ἐπιθυμητικόν.

352 2938 472 2990 Κᾶν
501 2939 620 2990 κατ’
669 2940 872 3010 ἀρετήν
912 2958 995 3004 τις
1048 2941 1331 3013 προκόπτῃ
1355 2981 1368 3004 ,
1402 2942 1502 2994 οὐκ
1535 2942 1936 3012 ἁφανιζομένου

351 3029 446 3081 τοῦ
496 3029 798 3100 παθητικοῦ
823 3018 1159 3102 [συμϐαίνει
1201 3034 1259 3085 ἐν
1301 3035 1367 3102 τῇ
1415 3033 1686 3106 λεγομένῃ
1715 3049 1934 3104 συμπα-

350 3121 480 3190 est;
526 3122 796 3190 γενέσθαι.
875 3124 1090 3195 Ἀμέλει
1142 3124 1270 3194 γοῦν
1328 3126 1421 3178 καὶ
1469 3125 1530 3178 τὸ
1579 3125 1935 3196 προκείμενον

2046 2016 2183 2079 ticit,
2245 2016 2428 2068 sciens
2479 2014 2870 2082 cogitationem
2925 2029 3048 2067 esse
3091 2012 3416 2068 curabilem.
3476 2012 3632 2077 Quod

2043 2121 2172 2160 vero
2205 2121 2370 2176 opere
2404 2121 2466 2160 ac
2504 2106 2685 2160 verbis
2741 2105 2823 2170 ﬁt,
2855 2115 3046 2159 curatn
3096 2103 3308 2158 diﬂicile
3358 2114 3410 2158 et
3453 2120 3630 2173 quan-

2043 2199 2222 2268 doque
2247 2198 2550 2253 iucurabile
2577 2196 2814 2252 exsistit.
2861 2197 3071 2250 Idcirco
3109 2198 3180 2249 ait
3215 2214 3227 2250 :
3266 2216 3282 2247 ι
3313 2196 3421 2250 Cor
3451 2212 3630 2250 meum

2044 2291 2421 2345 conturbatum
2471 2291 2638 2344 estin
2676 2306 2784 2345 me.
2819 2311 2836 2342 ι
2891 2289 3008 2343 Non
3059 2289 3204 2343 enim
3261 2289 3630 2342 turbationem

2041 2383 2338 2447 etiuntiavi,
2361 2383 2440 2438 vel
2464 2383 2564 2438 feci
2589 2385 2883 2452 quidquam
2908 2385 3170 2438 adversus
3191 2399 3313 2438 eum
3343 2401 3357 2438 :
3383 2385 3632 2454 quinimo

2042 2491 2166 2530 cum
2193 2477 2357 2530 timor
2384 2477 2665 2547 ingrueret
2701 2477 2892 2530 mortis
2915 2487 3194 2543 peccatum
3221 2477 3630 2545 subsequentis,

2045 2576 2100 2629 in
2135 2574 2633 2642 memetipsodlnm
2686 2574 2958 2627 continui.
3019 2573 3301 2642 Contingit
3360 2576 3506 2627 cnim
3562 2589 3630 2628 ex

2044 2664 2212 2730 signis
2240 2664 2485 2718 externis
2525 2664 2778 2717 timorem
2809 2677 3096 2733 apparere,
3123 2676 3176 2716 et
3201 2675 3483 2721 ostensum
3510 2667 3631 2719 aliis

2039 2754 2430 2811 oII'endicqum
2468 2755 2610 2810 ﬁeri.
2656 2753 2789 2808 Illud
2831 2771 2962 2810 vero
2997 2774 3010 2809 :
3053 2774 3070 2806 ι
3104 2756 3293 2810 Timor
3329 2766 3385 2810 et
3428 2770 3632 2812 tremor

2042 2857 2314 2902 venerunt
2351 2862 2519 2916 super
2565 2863 2672 2912 tne,
2721 2855 2773 2901 et
2805 2857 3168 2901 contexerunt
3207 2865 3288 2902 me
3321 2849 3573 2917 tenebrat,
3609 2875 3630 2909 ι

2041 2938 2290 2990 humana:
2325 2947 2534 2991 natura:
2568 2947 2671 3000 est,
2729 2938 2965 3004 patiemli
3009 2947 3064 2989 et
3103 2936 3376 2992 irascendi
3410 2949 3467 2993 et
3495 2956 3629 2992 coe-

2041 3029 2356 3096 cupiscendi
2412 3030 2520 3081 vim
2567 3029 2842 3082 habentis.
2902 3030 3130 3085 Etiamsi
3169 3031 3290 3098 quis
3325 3031 3374 3084 in
3427 3031 3632 3088 virtute

2040 3120 2358 3189 profecerit,
2397 3123 2636 3190 potentia
2664 3123 2902 3191 patiendi
2939 3124 3160 3177 minime
3185 3125 3385 3187 deleta,
3415 3129 3630 3178 contin-

349 3213 672 3284 πρόσωπον,
705 3215 1012 3286 ὠθούμενον
1061 3216 1164 3270 ὑπὸ
1208 3217 1402 3286 φωνῶν
1438 3216 1645 3288 ἐχθρῶν
1688 3217 1782 3270 καὶ
1825 3215 1934 3269 θλί-

2038 3211 2192 3280 gitnt
2229 3211 2443 3264 indicta
2475 3212 2863 3281 compassione
2898 3223 3165 3265 versetur.
3201 3214 3361 3267 Certe
3393 3227 3627 3280 persona

348 3305 498 3372 ᾠεως
523 3305 880 3376 ἁμαρτωλοῦ,
915 3305 1407 3379 ἀναρριπιζόμενον
1444 3309 1567 3378 ἔσχε
1604 3309 1663 3360 τὸ
1696 3307 1932 3379 ἐνυπάρ-

349 3412 443 3464 χον
473 3395 804 3465 παθητικὸν,
848 3397 924 3460 ὡς
982 3398 1285 3468 φοϐηθῆναι
1313 3439 1326 3461 ,
1359 3399 1453 3452 καὶ
1495 3399 1682 3470 τρόμῳ
1727 3399 1933 3452 ὑποπε-

351 3489 464 3539 σεῖν
495 3487 601 3539 ὑπὸ
629 3488 721 3540 τοῦ
751 3488 850 3557 τῆς
891 3489 1123 3560 ἀπορίας
1160 3491 1382 3554 σκότους
1404 3507 1416 3520 ·
1462 3490 1560 3560 τὴν
1585 3490 1694 3562 γὰρ
1739 3507 1930 3544 σκοτο-

347 3577 580 3632 δινίασιν
604 3579 794 3641 σκότος
821 3580 1098 3634 ἐκάλεσεν.

418 3759 528 3811 Καὶ
553 3755 724 3812 εἷπον
770 3760 863 3824 Τίς
898 3759 1076 3814 δώσει
1111 3781 1212 3831 μοι
1244 3762 1542 3832 πτέρυγας
1569 3765 1714 3819 ὡσεὶ
1765 3783 1930 3834 περι-

350 3845 578 3914 στερᾶς,
614 3866 667 3903 κ.
699 3866 752 3902 τ.
793 3851 839 3901 ἐ.
877 3851 1152 3920 Πτέρυγές
1184 3855 1290 3905 εἰσι
1321 3852 1432 3920 (41)
1459 3853 1558 3924 τῆς
1584 3856 1742 3924 ἁγίας
1774 3875 1930 3928 περι-

348 3941 548 4010 στερᾶς
595 3941 628 4010 ἠ
680 3939 881 4004 θεωρία
933 3943 1202 4012 σωμάτων
1245 3945 1338 3997 καὶ
1393 3946 1729 4016 ἀσωμάτων,
1766 3947 1831 4000 δι’
1865 3948 1929 4018 ἧς

347 4031 580 4101 ὑψωθεὶς
630 4035 658 4086 ό
717 4033 840 4096 νοῦς
897 4034 1206 4088 καταπαύει
1267 4039 1346 4100 είς
1380 4037 1579 4106 γνῶσιν
1625 4040 1723 4110 τῆς
1770 4041 1929 4108 ἁγίας

346 4125 589 4197 Τριὰδος.

428 4217 573 4272 Ἰδοὺ
597 4217 901 4288 ἐμάκρυνα
945 4221 1300 4290 φυγαδεύων
1321 4265 1335 4289 ,
1373 4223 1473 4276 καὶ
1502 4225 1813 4292 ηὐλίσθην
1860 4228 1930 4280 ἐν

344 4310 419 4379 τῇ
442 4311 672 4382 ἐρήμῳ,
706 4330 760 4366 κ.
793 4331 843 4366 τ.
869 4315 916 4369 ἐ.
958 4315 1021 4368 Ἠ
1049 4315 1140 4368 τοῦ
1175 4317 1496 4386 φυγαδεύειν
1534 4319 1678 4385 λέξις
1714 4319 1826 4391 (42)
1864 4320 1926 4373 τὸ

339 4403 554 4458 διώκειν
588 4407 681 4458 καὶ
708 4408 788 4470 εἰς
817 4406 992 4478 φυγὴν
1022 4408 1244 4478 τρέπειν
1265 4411 1388 4474 τοὺς
1417 4410 1804 4482 ἐλαυνομένους
1831 4412 1926 4483 δη-

341 4494 440 4549 λοῖ.
467 4497 604 4568 Φησὶ
621 4496 749 4566 γοῦν
769 4501 797 4551 ὁ
818 4499 906 4552 τὸν
922 4499 1134 4570 ψαλμὸν
1151 4499 1345 4569 λέγων,
1366 4522 1384 4553 ι
1407 4503 1538 4556 Ἰδοὺ
1556 4506 1581 4556 ἐ
1589 4505 1863 4574 μάκρυνα,
1904 4526 1921 4557 ι

2038 3320 2252 3374 quoque
2281 3306 2578 3376 preposita,
2608 3321 2732 3359 cum
2772 3321 2800 3359 a
2838 3307 3063 3361 vocibus
3098 3307 3337 3360 inimicis
3370 3315 3424 3360 et
3453 3306 3627 3359 tribu-

2035 3395 2236 3450 latione
2291 3397 2603 3467 peccatoris
2645 3407 3059 3460 concuteretur,
3111 3397 3333 3452 insitam
3381 3398 3625 3466 patiendi

2036 3489 2140 3541 vim
2174 3489 2404 3544 habebat
2441 3491 2774 3554 excitatam,
2830 3492 2964 3543 adeo
2999 3501 3058 3543 ut
3089 3491 3283 3544 timore
3311 3491 3625 3557 corripere-

2037 3589 2125 3633 tur
2171 3591 2224 3634 et
2277 3582 2497 3635 tremori
2533 3581 2842 3650 subjaceret
2874 3599 2985 3653 pra:
3024 3581 3262 3637 tenebris
3288 3581 3622 3635 anxietatis:

2036 3686 2159 3724 nam
2199 3674 2594 3728 tenebricosam
2644 3677 2969 3744 vertiginem
3019 3679 3275 3731 tenebras
3313 3677 3626 3745 appellavit.

2109 3764 2272 3822 Vens.
2315 3766 2364 3822 7.
2409 3765 2476 3820 Et
2531 3769 2644 3821 dixi
2679 3786 2696 3824 :
2734 3769 2865 3833 Quis
2909 3771 3052 3822 dabit
3088 3770 3211 3823 milii
3253 3787 3450 3838 pennas
3491 3771 3624 3824 sicut

2033 3856 2308 3921 columine,
2357 3870 2464 3912 etc.
2519 3857 2720 3913 Penna:
2759 3860 3026 3914 columbae
3079 3872 3285 3915 sancta:
3315 3873 3398 3915 est
3442 3879 3622 3915 reruni

2034 3961 2423 4014 corporearum
2467 3959 2521 4003 et
2567 3952 3008 4018 incorporearum
3068 3954 3470 4020 contemplatio,
3531 3970 3625 4020 per

2032 4053 2193 4106 quam
2254 4039 2394 4092 elata
2445 4056 2599 4096 mens
2646 4043 2696 4095 in
2743 4045 3054 4113 cognitione
3102 4056 3306 4098 sancta:
3342 4045 3623 4102 Trinitatis

2033 4131 2347 4198 requiescit.

2106 4219 2266 4276 Vens.
2312 4222 2367 4277 8.
2413 4223 2546 4278 Ecce
2570 4225 2808 4293 elongavi
2839 4225 3069 4297 fugiens,
3106 4237 3153 4281 et
3192 4230 3361 4281 mansi
3402 4231 3455 4281 in
3495 4233 3620 4284 seli-

2031 4314 2236 4377 tudine,
2271 4324 2375 4368 etc.
2402 4314 2514 4370 Vox
2548 4317 2871 4384 φυγαδεύειν
2901 4318 3170 4386 signitirat
3197 4322 3450 4390 persequi
3481 4335 3534 4374 ct
3563 4325 3616 4376 in

2031 4405 2212 4475 fugam
2271 4416 2482 4460 vertere
2535 4423 2628 4462 eos
2687 4409 2777 4478 qui
2838 4410 3206 4479 expelluntur.
3257 4411 3401 4465 Dicit
3451 4414 3616 4482 igitur

2031 4498 2223 4568 psalmi
2281 4509 2519 4553 auctor:
2561 4518 2579 4551 ι
2609 4501 2747 4556 Ecce
2796 4501 3070 4571 elongavi,
3103 4522 3123 4556 ι
3183 4505 3284 4558 hoc
3329 4515 3410 4558 est
3459 4505 3616 4573 longe

339 4590 622 4643 τουτέστιν
656 4591 750 4644 ἐπὶ
799 4592 932 4645 πολὺ
976 4593 1295 4662 φυγαδεύων
1337 4593 1431 4648 τὸν
1475 4594 1669 4665 ἐχθρὸν
1705 4595 1800 4648 καὶ
1834 4598 1924 4650 τὸν

2038 4590 2209 4658 expuli
2256 4591 2532 4646 inimicum
2568 4602 2622 4646 et
2666 4605 3049 4662 pcccatorem,
3104 4607 3161 4650 ut
3215 4596 3319 4649 illis
3371 4597 3616 4666 expulsis

344 4682 696 4753 ἁμαρτωλὸν,
731 4683 807 4747 ὠς
831 4684 1054 4738 ἐκείνων
1085 4685 1466 4758 ἐληλασμένων
1497 4687 1820 4758 αύλισθῆναί
1856 4706 1922 4760 με

339 4774 399 4826 ἐν
420 4775 484 4842 τῇ
517 4773 711 4844 ἐρήμῳ
731 4813 745 4838 ,
771 4775 1050 4829 τουτέστιν
1075 4777 1545 4832 διαναπαύσασθαι
1571 4781 1628 4831 ἐν
1653 4782 1924 4834 καταστά-

338 4881 419 4916 σει
441 4867 712 4936 είρηνικῇ.
756 4867 819 4919 Εἰ
855 4867 911 4920 δὲ
944 4868 1004 4921 τὸ
1039 4888 1057 4921 ι
1086 4870 1412 4939 φυγαδεύειν
1443 4891 1460 4923 ι
1515 4870 1658 4934 ἰδίως
1689 4871 1923 4926 ἐνταῦθα

341 4975 360 5005 ι
401 4958 594 5023 φυγεῖν
630 4977 648 5008 ι
689 4958 978 5028 σημαίνει,
1010 4962 1127 5031 ἐρεῖ
1157 4963 1184 5013 ὁ
1218 4963 1423 5028 δίκαιος
1453 4967 1577 5028 τοὺς
1604 4967 1667 5019 ἐκ
1704 4983 1923 5038 περιτο-

339 5047 445 5117 μῆς
487 5047 704 5117 φεύγων
731 5051 821 5103 καὶ
853 5054 1263 5124 μακρυνόμενος
1290 5056 1378 5110 διὰ
1405 5058 1503 5127 τὴν
1546 5061 1683 5130 πρὸς
1723 5059 1921 5122 αὐτοὺς

334 5135 680 5200 ἀλαζονείαν·
708 5140 983 5212 Ηύλίσθην
1017 5145 1074 5196 ἐν
1104 5147 1170 5216 τῇ
1211 5147 1400 5218 ἐρήμῳ
1443 5149 1608 5219 νόμου
1651 5150 1744 5203 καὶ
1792 5168 1922 5223 προ-

335 5226 520 5297 φητῶν
579 5229 894 5304 Ἐκκλησία.
943 5233 1193 5305 Ἀρμόζει
1236 5237 1293 5290 δὲ
1321 5239 1413 5292 καὶ
1451 5239 1529 5310 τῷ
1559 5241 1678 5294 κατ’
1708 5243 1915 5295 οἰκονο-

337 5317 467 5387 μίαν
504 5320 744 5392 Χριστῷ.

403 5409 866 5481 Προσεδεχόμην
885 5412 991 5468 τὸν
1015 5419 1278 5482 σώζονταί
1292 5437 1368 5488 με
1387 5422 1502 5475 ἀπὸ
1521 5423 1919 5494 όλιγοψυχίας

333 5497 429 5549 καὶ
460 5500 818 5568 καταιγίδος,
847 5519 902 5557 κ.
935 5521 985 5558 τ.
1018 5505 1062 5556 ἑ.
1095 5507 1362 5576 Καταιγὶς
1390 5513 1417 5564 ὁ
1454 5512 1628 5582 μέγας
1646 5513 1757 5584 (45)
1794 5533 1916 5568 πει-

333 5589 543 5660 ρασμὸς
573 5593 668 5645 καὶ
709 5594 875 5659 πολὺς
915 5597 1056 5650 κατὰ
1087 5599 1184 5670 τῆς
1216 5600 1395 5671 ψυχῆς
1431 5603 1638 5669 πνέων,
1677 5605 1804 5659 ὥστ’
1851 5607 1916 5661 ἂν

333 5679 425 5733 καὶ
453 5681 763 5752 ναυαγῆσαι
795 5684 893 5756 τὴν
917 5686 993 5757 μὴ
1030 5689 1399 5761 προσέχουσαν
1432 5694 1622 5765 ἑαυτῇ.

400 5798 514 5870 (μ)
543 5800 838 5870 Πτέρυγές
863 5807 1001 5866 εισι,
1030 5815 1137 5860 etc.
1171 5806 1394 5863 Schedze
1418 5811 1623 5865 Grabii.

399 5868 514 5930 (Η)
567 5869 636 5925 Ἡ
663 5868 766 5927 τοῦ
793 5875 1153 5944 φυγαδεύειν
1182 5878 1367 5946 λέξις,
1399 5891 1502 5938 etc.
1543 5883 1722 5938 Codex
1753 5882 1909 5939 Cois-

2025 4697 2300 4736 tnaneretn
2345 4683 2396 4737 ill
2440 4684 2757 4751 solitudine,
2815 4687 2921 4742 hoc
2959 4699 3043 4742 est
3095 4690 3145 4742 in
3203 4699 3343 4743 statu
3387 4689 3616 4757 paciﬁco

2024 4777 2445 4842 requiescerent.
2478 4777 2533 4831 Si
2568 4786 2753 4832 autem
2783 4795 2888 4833 vox
2972 4781 3296 4849 φυγαδεύειν
3368 4783 3468 4836 hoc
3495 4783 3615 4850 loco

2021 4867 2291 4937 signiﬁcat
2324 4888 2341 4920 ι
2364 4869 2573 4941 lugere,
2613 4892 2630 4924 ι
2662 4873 2844 4942 justus
2878 4891 2976 4930 eos
3003 4875 3096 4944 qui
3133 4891 3163 4930 e
3195 4877 3615 4932 circumcisione

2021 4967 2170 5022 sunt,
2206 4959 2438 5030 fugiens,
2473 4978 2704 5033 seseque
2740 4965 2806 5020 ab
2833 4967 2913 5021 cis
2943 4967 3012 5021 ob
3052 4982 3239 5027 eorum
3283 4967 3612 5035 jactantiain

2026 5050 2186 5119 longe
2210 5054 2558 5119 submovens,
2588 5056 2722 5109 dicit
2755 5074 2767 5110 :
2804 5057 2974 5112 Mansi
3002 5059 3054 5112 in
3102 5059 3348 5112 Ecclesia
3379 5061 3468 5114 ubi
3503 5076 3610 5114 non

2026 5154 2109 5196 est
2156 5145 2240 5200 lex
2289 5159 2387 5199 nec
2440 5149 2744 5216 prophetze.
2836 5150 3110 5205 Convertit
3163 5153 3326 5207 etiam
3390 5151 3614 5207 Christo

2023 5236 2322 5288 secundum
2349 5237 2834 5306 diSpensationem.

2098 5327 2256 5398 731
2302 5325 2465 5382 Vens.
2509 5330 2562 5384 9.
2599 5331 2987 5400 Exspectabam
3020 5352 3137 5388 eum
3174 5337 3265 5404 qui
3296 5335 3498 5388 salvum
3528 5352 3609 5386 me

2029 5419 2148 5489 fecit
2167 5439 2198 5474 ιι
2221 5423 2661 5489 pusillanimitale
2679 5428 2895 5495 spiritus
2913 5437 2962 5479 et
2979 5437 3304 5496 tempestate,
3324 5437 3431 5485 etc.
3455 5429 3608 5483 'I'etn-

2028 5523 2210 5582 pestas
2234 5525 2318 5570 est
2351 5518 2581 5572 tentatio
2617 5534 2809 5588 magna
2842 5528 2895 5573 et
2929 5519 3223 5576 vehemens
3262 5527 3453 5574 contra
3485 5523 3608 5576 ani-

2027 5621 2170 5658 mam
2189 5607 2431 5674 spirans,
2464 5609 2538 5662 ita
2566 5618 2624 5662 ut
2655 5610 2999 5680 naufragium
3032 5609 3199 5663 faciat
3229 5610 3318 5701 illa
3349 5625 3472 5681 quae
3495 5611 3604 5668 sibi

2023 5714 2129 5752 non
2163 5701 2418 5756 attemlit.

2024 5815 2262 5871 Iinianus
2292 5818 2580 5871 secundus.

2092 5887 2204 5959 (ῑῦ)
2236 5887 2516 5959 Καταιγὶς
2546 5891 2576 5942 ό
2605 5887 2814 5961 μέγας,
2839 5899 2946 5947 etc.
2985 5890 3149 5947 Idem.
