4110 6392
499 423 522 478 l
535 423 634 478 467

1893 421 1980 477 EX
2013 419 2320 478 ORIGENE

3647 432 3668 482 l
3681 432 3790 484 “)8

575 538 733 591 \‘Etts.
786 537 865 590 l0.
915 535 1222 606 Prwcipita,
1265 537 1507 601 Domine,
1555 547 1603 590 et
1651 537 1825 590 divide
1869 535 2078 606 linguas

2258 537 2737 601 Καταπόντισον,
2771 537 2968 606 Κύριε,
2995 539 3093 592 καὶ
3121 538 3437 594 καταδίελε
3465 538 3573 607 τὰς
3597 542 3785 611 τλώσο

498 648 702 696 eorum,
731 632 980 699 quoniam
1011 631 1120 684 vidi
1151 631 1488 700 iniquitatem
1528 637 1579 683 et
1609 629 2082 683 contradictionem

498 725 553 776 in
585 725 818 787 civitate,
851 733 960 776 etc.
999 723 1067 775 Iis
1096 723 1186 791 qui
1218 738 1284 777 ex
1318 723 1526 776 malitia
1555 733 1610 777 et
1637 721 1791 776 falsis
1820 721 2084 790 dogmati-

499 817 599 871 bus
649 817 924 869 civitatem
964 814 1265 879 aediﬁcant,
1318 815 1633 886 supervenit
1683 813 1986 884 ignorantia
2029 823 2084 868 et

497 907 810 976 linguarum
842 904 1096 960 confusio
1134 921 1254 974 quae
1284 905 1431 974 ipsos
1477 923 1505 960 a
1539 906 1682 960 malo
1718 921 1880 973 opere
1925 906 2083 960 cohi-

501 998 611 1060 bet,
671 997 1136 1066 quemadmodum
1199 997 1434 1063 centigit
1493 997 1658 1050 etiam
1718 995 1827 1050 illis
1881 997 1974 1065 qui
2030 995 2082 1049 in

495 1089 738 1141 Cnalane
785 1091 979 1142 turrim
1035 1096 1489 1142 construxerunt.
1540 1088 1596 1141 ln
1645 1103 1796 1142 mare
1841 1089 2081 1158 detnergi

495 1180 696 1233 dicitur
745 1181 796 1234 id
849 1182 992 1249 quod
1051 1181 1118 1234 ab
1166 1178 1342 1233 oculis
1390 1181 1696 1243 evanescit,
1755 1180 1880 1250 quia
1923 1196 2084 1234 omne

495 1274 640 1340 quod
684 1273 736 1325 in
788 1273 1063 1341 profundo
1095 1281 1199 1332 est,
1226 1269 1294 1324 ab
1325 1272 1498 1326 oculis
1519 1273 1818 1326 evanescit.
1848 1271 2080 1325 Profun-

495 1364 622 1418 dum
658 1365 821 1432 igitur
856 1375 1139 1433 peccatum
1179 1370 1284 1426 est,
1318 1373 1375 1416 et
1407 1366 1481 1418 rei
1518 1382 1637 1434 quae
1657 1366 2084 1421 subsistitinter-

494 1459 638 1521 ilus,
691 1458 915 1512 malitiae
937 1459 1246 1514 dissolutio.
1281 1460 1579 1531 Propterea
1609 1459 1743 1515 dicit
1773 1458 1826 1512 in
1859 1457 2077 1527 profun-

495 1552 624 1603 dum
657 1566 686 1604 a
719 1551 828 1606 Deo
863 1553 1102 1622 demergi
1137 1553 1362 1617 malum,
1392 1570 1516 1610 cum
1542 1552 2084 1621 dividunturlinguze

502 1658 695 1696 eorum
731 1644 785 1697 itt
821 1647 1022 1700 malum
1057 1650 1508 1719 conspiranlinm.

573 1734 846 1803 Ejusdem.
863 1755 881 1787 ι
907 1736 1209 1809 Prmeipita,
1227 1741 1472 1794 Domine.
1498 1758 1518 1792 ι
1535 1739 1774 1806 Quorum
1793 1755 1814 1789 ι
1836 1749 2078 1797 eorum,»

494 1826 600 1880 nisi
655 1827 859 1882 inimici
907 1839 963 1883 et
1011 1833 1356 1899 peccatoris?
1407 1831 1491 1886 vel
1538 1841 1797 1900 tanquam
1847 1831 2082 1899 abyssus

2187 646 2306 694 σας
2326 626 2526 682 αὐτῶν
2547 670 2561 694 ,
2599 628 2689 682 ὅτι
2723 628 2889 682 εἶδον
2911 629 3170 699 ἀνομίαν
3203 631 3302 685 καὶ
3335 629 3688 704 ἀντιλογίαν
3713 635 3787 691 ἐν

2186 720 2263 789 τῇ
2287 723 2482 788 πόλει,
2519 741 2570 776 κ.
2607 738 2656 774 τ.
2693 721 2738 774 έ.
2778 723 2904 786 Τοῖς
2940 723 3050 777 ἀπὸ
3093 724 3291 788 κακίας
3314 724 3426 797 (44)
3453 726 3548 780 καὶ
3571 727 3785 797 ψευδῶν

2184 814 2472 885 δογμάτων
2511 814 2666 867 πόλιν
2699 815 3074 884 οἰκοδομοῦσιν
3113 817 3360 886 ἀγνωσία
3395 819 3783 890 ὲπισυμὸαίνει

2187 908 2280 960 καὶ
2308 905 2570 977 σύγχυσις
2610 905 2873 974 γλωσσῶν
2919 905 3172 960 παύουσα
3221 909 3420 972 αὐτοὺς
3454 909 3556 980 τῆς
3604 911 3784 983 κᾶκῆς

2187 999 2470 1072 ἐνεργείας
2495 1040 2509 1060 ,
2546 997 2800 1068 καθάπερ
2826 999 2924 1051 καὶ
2962 1000 3075 1062 τοῖς
3106 1000 3165 1051 ἐν
3192 999 3413 1071 Χαλάνῃ
3445 997 3538 1053 τδν
3571 998 3784 1071 πύργον

2187 1089 2688 1142 κατασκευάσασιν.
2737 1087 2794 1139 Ὀ
2833 1089 3277 1158 καταποντισμὸς
3325 1089 3416 1142 τὸν
3473 1088 3783 1160 ἀφανισμὸν

2185 1181 2356 1252 δηλοῖ,
2408 1179 2546 1234 διότι
2591 1180 2701 1231 πᾶν
2739 1179 2801 1232 τὸ
2852 1181 2911 1232 ὲν
2962 1179 3106 1250 βυθῷ
3160 1179 3383 1248 γεγονὸς
3433 1179 3779 1248 ἀφανίζεται.

2187 1273 2360 1336 Βυθὺς
2409 1269 2503 1326 οὖν
2547 1273 2793 1343 ἁμαρτία
2840 1273 2958 1324 ἐστὶ
2998 1273 3093 1326 καὶ
3136 1272 3388 1326 ἀπώλεια
3441 1272 3604 1343 ἡτοῦ
3651 1289 3781 1325 συν-

2186 1365 2422 1429 εστῶτος
2436 1366 2534 1435 τῆς
2551 1365 2750 1428 κακίας
2773 1364 3035 1428 διάλυσις.
3067 1364 3166 1418 Διὰ
3185 1364 3342 1419 τοῦτό
3359 1383 3492 1435 φησι
3508 1383 3783 1420 καταπον-

2185 1457 2428 1522 τίζεσθαι
2468 1457 2620 1529 παρὰ
2651 1456 2784 1510 Θεοῦ
2821 1456 2879 1510 τὸ
2913 1457 3082 1510 κακὸν
3113 1459 3169 1510 ἐν
3205 1457 3283 1528 τῷ
3313 1457 3779 1530 καταδιαιρεῖσθαι

2185 1557 2285 1621 τὰς
2311 1549 2562 1625 γλώσσας
2590 1554 2770 1608 αὐτῶν
2798 1555 2890 1606 ἐπὶ
2922 1553 3077 1624 κακῷ
3107 1553 3564 1624 συμφωνούντων.

2261 1737 2372 1792 Τοῦ
2397 1737 2611 1792 αὐτοῦ.
2645 1756 2664 1788 ‹
2700 1736 3118 1791 Καταπόντισον
3149 1737 3284 1808 (45),
3309 1736 3504 1809 Κύριε.
3547 1757 3564 1788 ι
3603 1737 3778 1791 Τίνων

2186 1831 2387 1898 αὐτῶν,
2417 1832 2450 1903 ἢ
2480 1831 2676 1902 ἐχθροῦ
2710 1831 2806 1884 καὶ
2845 1831 3210 1901 ἁμαρτωλοῦ;
3246 1830 3278 1901 ἢ
3309 1831 3386 1894 ὡς
3420 1830 3658 1894 ἄϐυσσος
3689 1847 3781 1883 σο-

493 1919 785 1986 sapientia.
841 1921 891 1974 in
937 1938 1042 1990 qua
1093 1937 1221 1980 sunt
1270 1927 1542 1996 profunda
1597 1926 1715 1990 Dei,
1775 1922 2078 1994 prmeipitat

2186 1927 2304 1995 φία,
2341 1926 2400 1978 ὲν
2506 1900 2623 1977 ἐστι
2651 1923 2722 1976 τὰ
2757 1923 2895 1994 βάθη
2930 1900 3025 1975 τοῦ
3055 1922 3215 1986 Θεοῦ,
3247 1900 3631 1985 καταποντίζει
3664 1924 3783 1975 ὲπι-

493 2009 772 2066 innndans
823 2013 1038 2083 linguas
1085 2027 1140 2071 et
1183 2033 1347 2074 voces
1380 2017 1654 2073 sermonis
1687 2016 1893 2071 inimici
1927 2014 2078 2070 veri-

494 2104 644 2168 tatis,
674 2116 730 2159 et
766 2121 956 2162 eorum
999 2110 1089 2177 qui
1143 2111 1290 2165 illum
1331 2113 1630 2181 praedicant
1673 2128 1687 2177 ;
1736 2119 1790 2165 et
1825 2108 2080 2164 dissolvit

492 2194 664 2262 ipsas.
688 2211 922 2265 arguens
950 2199 1342 2255 dissonantiam
1370 2211 1425 2256 et
1444 2201 1840 2256 dissensionem
1863 2215 2076 2256 eorum.

496 2287 664 2341 l’orro
709 2305 896 2357 causa,
956 2307 1055 2346 cur
1099 2294 1212 2348 ltzec
1253 2295 1525 2360 dicantur,
1570 2295 1937 2364 subiungitur.
1985 2293 2081 2348 Est

493 2380 636 2432 enim
669 2381 832 2435 etiam
868 2385 1228 2440 contradictio
1256 2386 1402 2441 inter
1432 2402 1526 2442 eos
1568 2387 1659 2457 qni
1708 2397 1900 2443 contra
1930 2385 2077 2440 veri-

494 2479 662 2524 tatem
701 2473 1064 2538 eonteudunt,
1101 2489 1221 2544 quae
1261 2476 1327 2529 ad
1361 2475 1494 2531 nihil
1543 2477 1694 2531 utilis
1727 2485 1833 2539 est,
1875 2473 1979 2528 nisi
2011 2472 2078 2528 ad

493 2562 901 2618 subversionem
955 2568 1318 2622 audientium.
1378 2568 1650 2624 Caeterum
1707 2567 1959 2621 Christus
2013 2577 2076 2617 ea

492 2671 616 2724 quze
647 2670 950 2727 sequuntur
971 2661 1155 2716 dicere
1183 2662 1355 2730 possit
1378 2661 1445 2716 de
1466 2661 1690 2716 civitate
1711 2658 2075 2728 Jerosolyma,

493 2750 685 2803 videns
717 2750 768 2804 in
806 2767 870 2805 ea
922 2752 1284 2821 iniquitatem,
1316 2763 1369 2810 et
1402 2755 1664 2809 adversus
1695 2768 1756 2806 se
1803 2749 2078 2806 contradi-

492 2843 726 2896 ctionem
763 2844 975 2899 diversa
1011 2847 1078 2901 de
1107 2847 1223 2916 ipso
1249 2849 1656 2905 disserentium.
1697 2866 1715 2898 ι
1756 2845 1822 2900 Ει
1849 2859 1954 2898 non
1987 2843 2078 2896 de-

494 2933 620 2988 fecit
645 2934 710 2988 de
739 2935 929 3004 plateis
955 2938 1091 3007 ejus.
1125 2958 1144 2990 ι
1175 2939 1430 3008 llocjnre
1459 2940 1656 2994 merito
1681 2938 1748 2993 ad
1786 2949 2075 3007 personam

489 3028 784 3097 proditoris
824 3027 1014 3083 referri
1044 3032 1233 3099 possit.

567 3118 725 3174 Vens.
769 3122 855 3176 16.
908 3121 1092 3177 Veniat
1121 3141 1261 3180 mors
1289 3143 1448 3192 super
1490 3126 1615 3180 illo:
1657 3138 1704 3181 et
1750 3128 2074 3184 descendant

489 3211 543 3264 in
575 3212 840 3281 infernum
872 3227 1117 3281 viventes,
1158 3218 1410 3284 quoniam
1459 3220 1692 3290 nequitia
1732 3222 1788 3273 in
1824 3221 2073 3274 taberna-
2105 3245 2146 3301 ρ

489 3302 624 3358 culis
647 3321 825 3358 eorum
870 3308 924 3358 in
975 3307 1147 3360 medio
1193 3325 1396 3373 eorum,
1434 3317 1541 3363 etc.
1573 3308 1768 3365 Veniat
1807 3329 1958 3368 mors
1983 3327 2075 3368 su-

487 3408 584 3462 per
619 3396 760 3464 illos,
791 3412 941 3452 mors
977 3400 1217 3455 animam
1255 3414 1520 3471 separatis
1547 3417 1576 3455 a
1604 3404 1828 3458 malitia.

555 3579 831 3651 Ejusdem.
875 3579 954 3636 llli
1008 3583 1061 3636 in
1107 3581 1382 3638 infernum
1425 3582 1766 3639 descendunt
1804 3587 2072 3653 viventes,

485 3672 577 3742 qui
601 3671 804 3727 divinis
829 3673 1262 3728 institutionibus
1279 3688 1384 3726 non
1406 3683 1533 3728 sunt
1551 3674 1772 3730 initiati.
1799 3676 1900 3743 Qui
1926 3679 2072 3732 enim

485 3765 656 3818 verba
690 3764 817 3818 vita:
847 3780 954 3820 non
989 3765 1252 3834 gustavit,
1279 3776 1528 3822 mortuus
1554 3776 1641 3822 est
1671 3789 1685 3824 :
1723 3784 1901 3839 neque
1927 3771 2073 3825 enim

488 3855 604 3910 ﬂeri
637 3865 815 3925 potest
839 3867 896 3912 ut
930 3859 1057 3929 quis
1100 3873 1451 3914 communem
1490 3861 1629 3916 hanc
1661 3861 1826 3916 vitam
1863 3862 2072 3928 vivens,

487 3947 542 4002 in
599 3947 871 4003 infernum
914 3951 1228 4005 descendat.
1274 3950 1541 4017 Quoniam
1601 3969 1733 4024 ergo
1791 3953 1959 4010 Judas
2020 3964 2075 4009 et

489 4043 723 4110 populus
770 4043 1080 4098 Judzeorum
1137 4044 1188 4097 in
1240 4045 1356 4115 lege
1397 4055 1451 4097 et
1507 4046 1789 4114 prepltetis
1839 4048 2073 4103 instituti

491 4142 639 4198 sunt,
671 4137 924 4190 veniente
955 4152 1119 4206 super
1148 4136 1270 4190 illos
1300 4146 1479 4192 morte
1505 4154 1628 4208 qua:
1668 4150 1959 4208 peccatum
1985 4156 2073 4195 se-

487 4231 695 4300 quitur,
740 4231 990 4288 viventes
1037 4232 1093 4286 in
1147 4231 1422 4286 infernum
1468 4233 1833 4288 descendunt.
1895 4235 2071 4289 Simili

485 4338 650 4378 sensu
683 4324 848 4378 etiam
880 4339 1114 4394 sequens
1148 4325 1346 4379 dicitur
1373 4324 1700 4391 versiculus,
1746 4345 1764 4378 ‹
1799 4325 2073 4392 Quoniam

489 4415 729 4484 nequitia
763 4416 816 4470 in
846 4416 1218 4472 tabernaculis
1252 4431 1443 4471 eorum
1484 4418 1534 4471 in
1589 4417 1767 4471 medio
1801 4433 2015 4472 eorum.
2049 4436 2068 4469 ι

490 4507 601 4561 Etsi
647 4509 792 4562 enim
842 4508 1181 4563 viviﬁcarum
1227 4508 1638 4579 Scripturarum
1671 4519 1926 4579 expertes
1969 4527 2074 4565 non

2183 2017 2453 2082 κλύζουσα
2475 2015 2728 2087 γλώσσας
2767 2017 2862 2070 καὶ
2888 2015 3072 2087 φωνὰς
3099 2014 3296 2086 ἐχθροῦ
3328 2016 3396 2086 τῇ
3427 2013 3657 2085 ἀληθείᾳ
3679 2015 3777 2068 τοῦ

2181 2110 2362 2180 λόγου,
2406 2112 2499 2164 καὶ
2532 2110 2641 2163 τῶν
2677 2109 3090 2182 πρεσϐευόντων
3121 2109 3285 2162 αὑτὸν
3308 2149 3322 2173 ,
3366 2107 3462 2162 καὶ
3496 2107 3780 2161 καταδιαιι-

2185 2207 2268 2276 ρεῖ
2291 2202 2481 2266 αὑτὰς,
2511 2202 2864 2273 διελέγχουσα
2892 2203 2952 2255 τὸ
2985 2201 3314 2272 ἀσύμφωνον
3336 2200 3430 2254 καὶ
3460 2199 3528 2253 τὸ
3547 2201 3777 2255 διεσπα-

2184 2297 2380 2367 σμένον
2421 2295 2624 2350 αὐτῶν.
2673 2295 2739 2348 Ἥ
2763 2294 2820 2347 δὲ
2852 2293 3004 2348 αἰτία
3042 2293 3136 2345 τοῦ
3171 2293 3344 2346 ταῦτα
3369 2291 3620 2360 λέγεσθαι
3657 2293 3778 2346 ἐπι-

2181 2390 2426 2462 φέρεται.
2477 2390 2633 2442 Ἔστι
2673 2389 2780 2460 γὰρ
2819 2387 2914 2440 καὶ
2957 2387 3303 2457 ἁντιλογίαή
3349 2385 3486 2458 πρὸς
3511 2386 3609 2456 τὴν
3645 2385 3776 2458 ἀλή-

2182 2481 2331 2535 Θειαν
2359 2480 2469 2534 τῶν
2509 2479 2981 2550 λογομαχούντων,
3014 2480 3095 2541 εἰς
3130 2477 3282 2530 οὐδὲν
3314 2478 3586 2548 χρήσιμον
3618 2478 3665 2530 εἰ
3699 2477 3776 2548 μὴ

2181 2573 2274 2626 ἐπὶ
2311 2573 2661 2642 καταστροφῇ
2712 2569 2822 2622 τῶν
2875 2569 3202 2622 ἀκουόντων.
3241 2568 3478 2639 Χριστὸς
3523 2568 3580 2621 δὲ
3623 2567 3774 2636 λέγοι

2182 2665 2248 2718 ἂν
2274 2665 2344 2719 τὰ
2385 2663 2512 2734 ἑξῆς
2547 2661 2803 2732 περὶτῆς
2850 2659 3208 2729 Ἰερουσαλὴμ
3248 2659 3478 2723 πόλεως,
3524 2659 3646 2714 ἰδὼν
3675 2661 3776 2730 τὴν

2180 2759 2238 2810 ὲν
2271 2757 2408 2828 αὑτῇ
2440 2755 2708 2826 ἀνομίαν,
2755 2753 2850 2806 καὶ
2892 2752 2992 2823 τὴν
3045 2753 3176 2822 περὶ
3223 2749 3388 2804 αὐτοῦ
3439 2750 3771 2818 ἀντιλογίαν,

2178 2850 2286 2903 τῶν
2315 2850 2548 2920 διάφορα
2583 2846 2712 2918 περὶ
2748 2844 2916 2899 αὐτοῦ
2946 2843 3236 2912 λεγόντων.
3278 2861 3296 2892 ι
3334 2842 3442 2895 Καὶ
3471 2843 3570 2895 οὐκ
3603 2842 3776 2909 ἐξέλι-

2180 2961 2282 2996 πεν
2321 2945 2385 2996 ὲκ
2427 2941 2537 2993 τῶν
2571 2937 2842 2992 πλατειῶν
2887 2936 3082 3006 αὐτῆς.
3128 2955 3145 2986 ι
3197 2935 3292 2998 Εἰς
3335 2935 3626 3005 πρόσωπον
3675 2934 3772 2989 τοῦ

2179 3035 2438 3107 προδότου
2464 3031 2759 3102 ἀνεφέρετο
2793 3029 2858 3083 ἂν
2887 3027 3129 3090 δικαίως.
3265 3017 3270 3022 ’

2263 3123 2517 3181 Ἐλθέτω
2547 3121 2804 3186 θάνατος
2834 3117 2929 3172 ἐπ’
2946 3117 3190 3184 αὐτοὺς,
3219 3117 3315 3171 καί
3343 3117 3780 3184 καταὸήτώσαν

2179 3221 2266 3284 είς
2304 3216 2453 3284 ᾅδου
2479 3214 2692 3280 ζῶντες
2711 3231 2724 3242 ·
2770 3211 2860 3265 ὅτι
2889 3209 3149 3278 πονηρία
3179 3209 3249 3262 ἐν
3280 3209 3412 3274 ταῖς
3434 3209 3777 3276 παροικίαις

2182 3308 2381 3364 αὐτῶν
2428 3307 2499 3361 ἐν
2537 3306 2708 3376 μέσῳ
2749 3301 2971 3366 αὐτῶν,
3020 3319 3076 3355 κ.
3115 3321 3165 3355 τ.
3200 3302 3246 3354 έ.
3303 3300 3534 3355 Ἐλθέτω
3563 3301 3626 3372 δὴ
3659 3301 3776 3373 (tl-6)

2182 3403 2413 3464 θάνατος
2460 3401 2548 3453 ἐπ’
2587 3398 2819 3462 αὐτοὺς,
2861 3395 3097 3458 θάνατος
3128 3397 3156 3448 ὁ
3195 3394 3420 3467 διαιρῶν
3459 3394 3638 3466 ψυχὴν
3665 3393 3777 3448 ἀπὸ

2184 3495 2400 3556 κακίας.

2260 3585 2369 3640 Τοῦ
2390 3583 2598 3638 αὑτοῦ.
2647 3582 2875 3634 Ἐκεῖνοι
2909 3580 2990 3642 εἰς
3023 3581 3151 3653 ᾅδου
3192 3578 3305 3649 (47)
3337 3580 3540 3645 ζῶντες
3575 3577 3780 3657 κατέρ-

2183 3694 2387 3748 χονται,
2401 3677 2460 3729 οὐ
2480 3675 2784 3746 κατήχησιν
2799 3674 2908 3727 τῶν
2934 3674 3092 3729 θείων
3117 3672 3506 3744 παιδευμάτων
3523 3671 3740 3742 ἔχοντες
3757 3687 3773 3702 ·

2183 3771 2212 3824 ὁ
2243 3768 2353 3841 γὰρ
2380 3768 2645 3836 ἄγευστος
2679 3767 2788 3820 τῶν
2826 3768 2925 3838 τῆς
2961 3767 3107 3839 ζωῆς
3149 3767 3322 3836 λόγων
3355 3764 3549 3837 νεκρός
3590 3767 3775 3818 ἐστιν’

2183 3863 2245 3916 οὐ
2295 3861 2404 3932 γὰρ
2453 3856 2564 3914 οἶόν
2614 3877 2673 3914 τε
2721 3859 2902 3924 ζῶντά
2951 3878 3076 3915 τινα
3120 3860 3218 3930 τὴν
3272 3859 3459 3931 κοινὴν
3501 3857 3645 3929 ζωὴν
3694 3859 3780 3921 εἰς

2184 3955 2320 4027 ᾅδην
2360 3953 2742 4026 κατέρχεσθαι.
2818 3954 2974 4007 Ἐπεὶ
3023 3949 3116 4006 οὖν
3167 3952 3374 4016 Ἰούδας
3415 3951 3511 4004 καὶ
3561 3952 3590 4004 ὁ
3646 3949 3781 4014 λαὸς

2197 4045 2462 4100 Ἰουδαίων
2495 4047 2801 4117 κατήχησιν
2838 4039 2984 4116 εἶχον
3019 4043 3112 4098 τοῦ
3151 4043 3320 4115 νόμου
3353 4045 3446 4096 καὶ
3490 4041 3600 4094 τῶν
3643 4058 3782 4112 προ-

2185 4136 2390 4208 φητῶν,
2425 4136 2655 4191 θανάτου
2690 4137 2776 4188 ἐπ’
2812 4136 3012 4200 αὐτοὺς
3053 4134 3350 4207 ἐρχομένου
3381 4132 3474 4186 τοῦ
3505 4131 3778 4202 ἑπομένου

2183 4232 2248 4300 τῇ
2282 4228 2548 4300 ἁμαρτίᾳ,
2581 4227 2782 4292 ζῶντες
2823 4228 2903 4290 εἰς
2935 4227 3066 4298 ᾅδην
3105 4226 3484 4298 κατέρχονται.
3533 4221 3782 4277 Ἀκολού-

2185 4319 2294 4384 θως
2333 4321 2473 4374 καὶὸ
2499 4319 2894 4391 ἐπιφερόμενος
2917 4319 3138 4387 λέγεται
3168 4319 3371 4389 στίχος,
3415 4337 3432 4368 ι
3469 4317 3592 4369 Ὅτι
3617 4332 3784 4386 πονη-

2189 4414 2282 4484 ρία
2318 4414 2375 4465 ὲν
2406 4415 2526 4475 ταῖς
2554 4413 2870 4484 παροικίαις
2910 4412 3090 4465 αὐτῶν
3135 4413 3192 4464 ὲν
3237 4411 3389 4482 μέσῳ
3419 4408 3616 4462 αὐτῶν.
3665 4427 3683 4460 ι
3715 4408 3782 4461 Et

2186 4505 2294 4576 γὰρ
2325 4504 2418 4558 καὶ
2441 4507 2636 4576 πεῖραν
2667 4498 2812 4573 εἶχον
2836 4503 2942 4557 τῶν
2971 4502 3252 4568 ζωοποιῶν
3274 4501 3529 4574 Γραφῶν,
3562 4499 3624 4555 οὐ
3647 4516 3784 4554 κατ-

492 4600 733 4664 l'uerunt,
770 4615 873 4654 non
915 4601 1020 4654 lixa
1056 4601 1111 4654 in
1146 4601 1277 4669 illis,
1317 4601 1413 4657 sed
1458 4601 1773 4655 transitoria
1818 4602 2076 4657 taberna-

2183 4597 2425 4669 ᾤκησαν,
2456 4595 2592 4649 ἀλλὰ
2621 4595 2983 4667 παρῴκησαν,
3024 4595 3083 4646 ὲν
3115 4594 3326 4657 αὑταῖς.
3352 4593 3445 4656 Τὸ,
3483 4611 3502 4644 ι
3535 4591 3783 4663 Πονηρία

488 4691 610 4745 eula
631 4692 965 4746 habuerunt.
991 4692 1138 4746 Istud
1168 4711 1182 4747 :
1214 4711 1232 4744 ι
1267 4692 1518 4760 Nequitia
1540 4692 1592 4745 in
1617 4692 1794 4746 medio
1815 4707 2027 4758 eorum,
2050 4713 2070 4747 ι

489 4784 634 4839 idem
672 4793 754 4838 est
790 4798 856 4838 ac
887 4784 932 4839 si
963 4784 1207 4849 dicatur,
1236 4784 1399 4854 732
1447 4784 1501 4838 in
1535 4783 1702 4838 animi
1742 4785 2073 4855 principatu.

490 4874 547 4928 ln
586 4875 764 4929 medio
795 4875 940 4927 enim
976 4873 1215 4942 cujusvis
1253 4873 1509 4929 animalis
1551 4889 1674 4930 esse
1719 4875 1944 4932 dicitur.
1980 4877 2077 4932 Vel

489 4967 654 5021 etiam
689 4967 821 5020 illud
853 4983 867 5020 :
921 4983 942 5020 ι
981 4966 1036 5019 ln
1071 4966 1343 5020 infernum
1388 4965 1658 5031 viventes,
1703 4986 1720 5018 ι
1766 4969 1912 5024 hunc
1945 4984 2075 5024 sen-

488 5073 607 5113 sum
629 5059 791 5113 habet
812 5075 825 5111 :
845 5057 1022 5112 subito
1048 5058 1376 5113 moriantur.
1403 5077 1420 5110 ι
1451 5057 1825 5116 Tabernacnla
1848 5082 1866 5115 ι
1891 5073 2074 5117 autem

487 5158 652 5205 vocat
700 5149 1132 5221 uniuscuiusque
1190 5152 1360 5224 vitam
1434 5163 1658 5223 propter
1723 5153 2070 5210 brevitatem.

2182 4691 2240 4744 ὲν
2287 4689 2440 4761 μέσῳ
2470 4687 2672 4752 αὐτῶν,
2710 4707 2728 4738 ι
2769 4687 3016 4740 τουτέστι
3045 4685 3122 4756 τῷ
3147 4682 3481 4756 ἡγεμονικῷ.
3513 4683 3603 4736 Ἐν
3629 4682 3783 4754 μέσῳ

2180 4784 2288 4854 γὰρ
2319 4779 2458 4835 εἶναι
2479 4781 2695 4850 λέγεται
2716 4780 2808 4834 τοῦ
2836 4780 2956 4833 ὅλου
2983 4777 3221 4844 ζὼου.’Ὴ
3253 4777 3346 4831 καὶ
3371 4776 3454 4839 τὸ,
3490 4795 3508 4828 ι
3536 4776 3632 4839 Εἰς
3651 4774 3782 4846 ᾅδου

2181 4877 2402 4942 ζῶντες,
2430 4896 2447 4927 ι
2470 4874 2751 4945 αἰφνιδίως
2776 4873 3115 4928 ἁποθάνειεν.
3141 4890 3160 4925 t
3189 4872 3488 4944 Παροικίας
3508 4891 3527 4924 ι
3553 4872 3610 4926 δὲ
3627 4869 3786 4924 καλεί

2179 4971 2271 5024 τὸν
2300 4971 2531 5024 ἑκάστου
2570 4968 2683 5039 βίον
2721 4967 2809 5021 διὰ
2845 4966 2907 5019 τὸ
2941 4966 3329 5038 ὀλιγοχρόνιον.
3363 4965 3502 5037 Φησὶ
3544 4960 3661 5025 οὖν,
3696 4964 3784 5016 ὅτι

2186 5066 2279 5119 καὶ
2311 5067 2340 5118 ὁ
2374 5063 2486 5134 βίος
2527 5060 2707 5116 αὐτῶν
2742 5062 2834 5114 καὶ
2868 5063 2901 5132 ἡ
2940 5059 3054 5132 ζωὴ
3087 5059 3268 5130 πάσης
3297 5059 3652 5130 πεπλήρωται
3680 5073 3779 5109 πο-

2183 5156 2374 5228 νηρίας
2415 5157 2509 5207 καὶ
2550 5154 2769 5219 κακίας,
2817 5154 2919 5207 οὐκ
2964 5153 3285 5208 ὲννοούντων
3314 5153 3374 5205 τὸ
3392 5151 3780 5224 ὀλιγοχρόνιον.

487 5245 853 5312 Quamobrem
888 5245 965 5300 ait
997 5247 1165 5301 vitam
1195 5263 1385 5303 eorum
1426 5249 1574 5303 omni
1621 5249 1884 5318 repletam
1920 5264 2046 5306 esse
2090 5253 2334 5324 nequitia
2366 5293 2381 5317 ,
2433 5251 2561 5305 dum
2614 5265 2719 5303 non
2773 5247 3062 5302 attendunt
3105 5263 3266 5317 quam
3309 5247 3459 5301 brevi
3521 5245 3786 5315 temporis

487 5343 667 5414 spatio
697 5341 1082 5399 concludatur.

559 5439 722 5494 Vens.
768 5438 854 5494 l9.
909 5437 1150 5508 Vespere,
1197 5449 1244 5493 et
1294 5456 1465 5504 mane,
1501 5449 1550 5494 et
1584 5439 1800 5492 meridie
1839 5441 2069 5494 narrabo

485 5537 533 5581 et
577 5530 926 5595 ammntt'abo,
953 5543 998 5584 et
1035 5531 1279 5584 exaudiet
1322 5547 1501 5585 vocem
1548 5546 1738 5593 meam,
1773 5538 1882 5588 etc.
1923 5531 2072 5588 Inter

561 5729 678 5800 (Η)
715 5730 844 5796 Τοῖς
873 5731 991 5787 ἀπὸ
1016 5734 1250 5800 κακίας,
1293 5744 1398 5788 etc.
1429 5733 1596 5789 ltletn.

487 5869 531 5925 ε
561 5800 1174 5924 (ὲῗιῦἐῐζξατωτόντισον,
1224 5808 1414 5872 Κύριε.
1470 5809 1680 5875 Τίνων,
1730 5818 1836 5864 etc.
1876 5810 2076 5864 Catena

535 5889 564 5924 υ
701 5886 715 5924 ι
745 5907 761 5925 .

2261 5437 2560 5506 Ἐσπέρας
2603 5437 2699 5489 καὶ
2745 5435 2896 5505 πρωῒ
2940 5436 3039 5488 καὶ
3075 5434 3451 5505 μεσημϐρίας
3496 5432 3782 5502 διηγήσο-

2173 5550 2318 5603 μαι,
2357 5529 2458 5584 καὶ
2507 5526 2848 5600 ἀπαγγελῶ,
2909 5527 3007 5580 καὶ
3051 5528 3474 5581 εὶσακούσεται
3510 5525 3621 5594 τῆς
3669 5543 3784 5595 φω.

2263 5739 2376 5805 (46)
2421 5739 2676 5794 Ἐ.ῑθέτω
2699 5737 2797 5802 δή,
2827 5747 2935 5790 etc.
2973 5736 3198 5792 Scltedae
3222 5735 3431 5792 Grabii.

2262 5810 2390 5936 (l7)d
2413 5808 2665 5863 Ἐκεῖνοι
2699 5811 2786 5874 εἰς
2817 5806 2985 5875 ᾅδου,
3019 5817 3124 5862 etc.
3179 5809 3356 5863 Codex
3413 5806 3785 5874 Goisliniauus

2190 5897 2352 5935 seeun
2397 5896 2482 5936 us.
