4110 6426
266 499 283 509 ..
338 450 475 505 “69

1360 445 1664 500 SELECTA
1708 445 1771 499 IN
1816 446 2151 501 PSALMOS.
2186 476 2251 485 -—
2297 444 2486 500 PSAL.
2527 444 2639 500 LV.

3461 448 3600 503 H70

334 566 451 633 rip;
477 583 617 635 μου.
646 582 699 619 κ.
733 582 783 618 τ.
820 566 864 618 ὲ.
914 565 999 616 Ἐν
1035 563 1186 634 μέσῳ
1215 561 1309 614 τοῦ
1360 562 1503 633 πρωῒ
1528 563 1637 633 (48)
1685 565 1778 618 καὶ
1811 565 1901 634 τῆς

2019 580 2241 633 vespere
2282 573 2338 618 et
2378 579 2534 618 mane
2578 572 2661 617 est
2705 565 2978 620 meridies.
3029 564 3183 621 Mane
3232 566 3470 623 luctatus
3515 581 3598 624 est

336 659 570 729 ἑσπέρας
604 660 749 713 ἐστὶν
786 660 818 729 ἡ
855 656 1191 728 μεσημϐρία.
1238 656 1347 708 Καὶ
1388 658 1416 708 ό
1459 657 1556 726 μὲν
1596 658 1791 711 Ἰακὼὸ
1820 660 1914 729 ὀρ-

333 750 527 823 θρίσας
580 752 804 805 ὲπάλαιε
877 751 1011 821 μετὰ
1073 749 1305 817 ἀγγέλου
1336 766 1348 778 ·
1427 749 1678 820 Ἀϐραὰμ
1734 750 1792 803 δὲ
1858 754 1915 805 ὲν

336 845 654 917 μεσημϐρίᾳ
677 843 821 915 ἐώρα
855 845 979 905 τοὺς
1008 842 1302 911 ἀγγέλουςο
1334 840 1457 894 Λὼτ
1499 842 1555 894 δὲ
1592 844 1649 895 ὲν
1684 843 1910 914 ἑσπέρᾳ.

407 934 523 991 Τοῦ
551 937 755 990 αὑτοῦ.
782 956 799 987 ι
823 935 1091 1005 Ἐσπέρας
1119 956 1134 985 I
1160 934 1291 1003 (49),
1319 933 1459 986 κατὰ
1491 934 1588 1005 τὴν
1624 935 1914 1007 ἑνδεκάτην

338 1026 501 1098 ὥραν,
553 1028 683 1099 περὶ
710 1029 823 1091 τὴν·
846 1026 1099 1097 τελευτὴν
1134 1026 1228 1078 τοῦ
1269 1026 1475 1097 κόσμου
1496 1068 1510 1089 ,
1543 1028 1630 1079 ὅτε
1660 1026 1861 1080 έπαθεν
1886 1029 1915 1080 ό

332 1121 571 1191 Σωτήρ(
594 1118 764 1191 Πρωῒ,
787 1140 803 1170 I
825 1120 910 1171 ὅτε
927 1118 1143 1187 ἀνέστη.
1169 1136 1187 1169 ι
1210 1115 1591 1187 Μεσημϐρίας,
1615 1136 1633 1168 I
1652 1117 1739 1169 ὅτε
1768 1118 1914 1187 ίσχυ-

332 1213 551 1283 ρότερον
593 1211 902 1273 πεισθέντες
942 1210 1286 1263 ἐπίστευσαν.
1320 1212 1388 1262 Ἣ
1419 1211 1644 1280 ἄρχεται
1673 1212 1771 1280 τῆς
1798 1210 1913 1280 διη-

328 1307 542 1376 γήσεως
585 1303 843 1373 ἑσπέρας,
886 1302 980 1353 καὶ
1031 1298 1267 1370 ἀκμάζει
1311 1302 1367 1352 ὲν
1408 1300 1557 1370 αὐτῷ
1603 1300 1779 1370 πρωϊ·
1818 1301 1913 1353 κα).

325 1397 521 1450 τελειοί
552 1394 904 1466 ἀκμαζούσης
933 1394 1149 1464 ἡμέρας
1170 1393 1227 1445 ὲν
1255 1391 1593 1463 μεσημϐρίᾳ.

397 1487 833 1542 Εἱσακούσεται
861 1487 892 1537 ό
928 1481 1193 1548 Θεὸς,καὶ
1218 1480 1574 1535 ταπεινώσει
1602 1480 1827 1546 αὐτοὺς
1879 1482 1911 1533 ό

324 1577 614 1647 ὑπάρχων
642 1575 755 1644 πρὸ
794 1574 914 1627 τῶν
947 1574 1174 1627 αἰώνων
1197 1589 1211 1603 °
1253 1574 1324 1625 οὐ
1356 1570 1466 1639 γάρ
1508 1572 1678 1625 ἐστιν
1706 1571 1911 1635 αὐτοῖς

322 1670 734 1737 ἀντάλλαγμα,
790 1668 889 1719 καὶ
945 1668 1057 1719 οὐκ
1119 1663 1509 1733 ἐφοϐήθησαν
1566 1665 1674 1717 τὸν
1738 1663 1906 1728 Θεὸν,

323 1783 375 1817 κ.
407 1781 459 1818 τ.
489 1764 534 1815 έ.
558 1763 616 1814 Ei
636 1762 811 1814 πάντα
825 1761 893 1813 δι’
912 1759 1074 1813 αὑτοῦ
1097 1757 1207 1828 (50)
1227 1757 1463 1825 ἐγένετο,
1495 1756 1673 1820 καλῶς
1692 1756 1908 1823 λέγεται

322 1855 587 1925 ὑπάρχειν
612 1852 718 1922 πρὸ
751 1851 857 1903 τῶν
888 1850 1118 1903 αἰώνων.
1141 1851 1251 1903 Καὶ
1275 1848 1521 1902 ἐντεῦθεν
1544 1846 1906 1917 γινώσκομεν,

318 1948 400 1999 ὅτι
432 1945 626 2006 αἰῶνες
655 1943 763 1996 ἀπὸ
796 1942 888 1995 τοῦ
925 1942 998 2012 μὴ
1044 1942 1195 2004 ὀντος
1225 1942 1304 2004 είς
1339 1940 1399 1992 τὸ
1426 1935 1565 1991 εἶναι
1594 1938 1895 2006 γεγόνασιν.
1932 1947 1974 2001 Β

402 2036 748 2103 Ἐπίρῤιψον
784 2034 881 2086 ἐπὶ
905 2034 1123 2101 Κύριον
1145 2032 1260 2099 τὴν
1286 2030 1583 2100 μέριμνάν
1611 2045 1727 2083 σου
1752 2071 1766 2096 ,
1800 2028 1897 2082 καὶ

319 2130 502 2193 αὐτός
554 2143 627 2180 σε
682 2124 1008 2193 διαθρέψει,
1055 2142 1110 2179 κ.
1166 2142 1217 2177 τ.
1261 2128 1307 2177 ὲ.
1363 2124 1451 2185 Ὠς
1489 2121 1737 2191 διέθρεψε
1792 2119 1901 2189 (Si)

320 2220 410 2271 τὸν
441 2218 666 2271 εἰπόντα
711 2214 933 2270 Ἰακώόο
988 2234 1007 2267 ι
1058 2216 1116 2268 '0
1146 2214 1276 2278 Θεὸς
1302 2216 1330 2267 ὁ
1356 2212 1571 2283 τρέφων
1602 2228 1670 2282 με
1695 2213 1758 2264 ἐκ
1788 2210 1904 2263 νεό-

318 2309 481 2381 τητός
503 2327 623 2381 μου.
660 2327 679 2360 ι

882 2492 1175 2545 ΨΑΛΜυΣ
1208 2490 1335 2542 NE'.

400 2582 692 2652 Ἐλέησόν
729 2600 826 2653 με,
859 2585 890 2636 ό
934 2580 1100 2647 Θεὸς,
1140 2580 1227 2632 ὅτι
1273 2578 1652 2646 κατεπάτησέ
1686 2595 1763 2647 με
1792 2576 1898 2630 ἄν-

315 2683 547 2745 θρωπος
562 2692 577 2707 ·
598 2675 753 2743 ὅλην
772 2673 887 2741 τὴν
902 2672 1131 2741 ἡμέραν
1145 2670 1427 2739 πολεμῶν
1446 2670 1659 2738 sextus
1666 2686 1763 2738 με,
1782 2686 1893 2722 κ.τ.

313 2769 361 2821 ἑ.
395 2768 454 2819 Ὁ
484 2765 715 2837 Χριστὸς
740 2763 850 2836 (52)
877 2762 1027 2832 λέγει
1057 2761 1193 2832 πρὸς
1217 2763 1308 2815 τὸν
1341 2762 1589 2832 Πατέρα·
1643 2781 1660 2810 ι
1716 2760 1898 2830 Ἐλέη-

313 2858 405 2912 σόν
433 2874 520 2929 με.
564 2876 582 2907 ι
634 2854 768 2907 Θεὸν
796 2854 906 2924 γάρ
940 2872 1005 2925 με
1035 2856 1165 2908 ὄντα
1198 2853 1481 2925 ἄνθρωπος
1528 2852 1893 2922 κατεπάτησε.

313 2952 441 3015 Καὶ,
492 2945 666 3019 οἶμαι,
714 2947 960 3001 ἐντεῦθεν
1014 2946 1255 3017 ἐλήφθη·
1316 2964 1335 2996 ι
1407 2947 1464 2998 '0
1510 2945 1601 2998 τὸν
1645 2946 1772 2998 Υἱὸν
1800 2943 1895 2997 τοῦ

310 3042 442 3097 Θεοῦ
477 3041 887 3109 καταπατήσας.
918 3057 935 3089 I

388 3138 498 3191 Τοῦ
532 3135 737 3189 αὑτοῦ.
768 3134 831 3187 Οἱ
872 3132 971 3203 μὲν
1006 3130 1239 3199 ἐπίγειοι
1278 3130 1389 3201 (55)
1430 3130 1685 3199 δαίμονες
1725 3146 1894 3181 κατα-

2017 655 2185 710 Jacob
2217 671 2338 710 cum
2389 655 2620 723 angelo;
2664 656 2894 712 meridie
2938 657 3071 712 vidit
3118 658 3394 713 Abraham
3427 675 3595 729 ange-

2018 750 2097 803 los
2127 766 2141 814 ;
2178 748 2277 802 LOI
2313 763 2558 817 vespere.

2088 932 2356 999 Ejusdem.
2381 950 2399 981 ι
2421 930 2678 1001 Vespere,
2702 950 2719 982 ι
2738 933 2836 986 sub
2856 933 3043 986 horam
3064 934 3427 1000 undecimam,
3446 935 3592 989 circa

2017 1025 2178 1079 linem
2209 1024 2414 1088 mundi,
2448 1026 2665 1092 quando
2695 1040 2883 1092 passus
2905 1035 2987 1079 est
3022 1025 3286 1081 Salvator.
3322 1045 3340 1075 ε
3366 1026 3539 1102 Mane,
3569 1046 3591 1079 ι

2014 1118 2229 1187 quando
2247 1119 2566 1172 resurrexit.
2593 1136 2611 1167 ι
2639 1118 2885 1182 Meridie,
2915 1139 2933 1171 I
2957 1120 3172 1188 quando
3195 1121 3460 1187 persuasi,
3484 1120 3596 1175 l'or-

2016 1209 2123 1262 tius
2146 1209 2520 1262 crediderunt.
2551 1207 2645 1263 Vel
2682 1211 2901 1264 inchoat
2938 1212 3310 1264 narrationem
3355 1211 3588 1278 vesperi,

2012 1310 2066 1353 et
2096 1300 2239 1368 viget
2263 1302 2377 1368 ipso
2402 1315 2601 1366 mane;
2629 1311 2793 1370 atque
2818 1303 2997 1355 adulta
3024 1301 3134 1370 jam
3165 1303 3252 1356 die
3281 1303 3333 1355 in
3361 1302 3589 1357 meridie

2012 1392 2157 1446 illam
2198 1392 2432 1461 perﬁcit.

2086 1485 2250 1537 Vens.
2290 1484 2381 1539 20.
2429 1483 2689 1538 Exaudiet
2726 1484 2889 1549 Deus,
2938 1497 2983 1538 et
3025 1485 3327 1539 humiliabit
3365 1502 3452 1538 eos
3493 1485 3590 1554 qui

2010 1586 2083 1627 est
2109 1583 2230 1627 ante
2260 1575 2479 1629 sa'cula.
2525 1573 2647 1626 Non
2692 1576 2831 1628 enim
2875 1586 2950 1629 est
2994 1577 3099 1629 illis
3140 1577 3508 1639 commulatio,
3541 1585 3593 1630 et

2010 1683 2113 1719 non
2138 1668 2422 1719 timuerunt
2449 1666 2636 1732 Deum,
2669 1676 2775 1720 etc.
2808 1666 2864 1720 Si
2894 1668 3077 1719 omnia
3108 1683 3204 1735 per
3238 1668 3409 1734 ipsum
3449 1668 3590 1720 facta

2009 1768 2158 1820 sunt,
2194 1759 2416 1827 pulchre
2448 1758 2647 1811 dicitur
2677 1772 2798 1811 esse
2835 1770 2962 1813 ante
2988 1760 3208 1814 smcula.
3251 1758 3388 1812 llinc
3424 1759 3589 1811 etiam

2009 1851 2388 1918 cognoscimus
2416 1852 2634 1917 saecula,
2661 1866 2783 1905 cum
2810 1866 2915 1905 non
2948 1862 3152 1916 essent,
3182 1866 3302 1905 esse
3330 1851 3587 1919 cmpisse.

2079 2023 2243 2080 Vens.
2284 2026 2372 2080 25.
2416 2026 2575 2080 Jacta
2606 2044 2762 2096 super
2798 2027 3079 2081 Dominum
3116 2044 3300 2081 curam
3335 2036 3501 2089 tuum,
3538 2036 3589 2079 et

2004 2114 2111 2183 ipse
2142 2124 2191 2169 te
2220 2119 2465 2178 enutriel,
2490 2128 2598 2171 etc.
2634 2118 3100 2184 Quemadmodum
3131 2120 3394 2173 enutrivit
3414 2117 3587 2173 Jacoh

2004 2208 2096 2275 qui
2148 2209 2325 2263 dixit:
2378 2229 2395 2260 ι
2445 2211 2586 2265 Deus
2633 2212 2723 2281 qui
2772 2211 3032 2266 οιιυιι·ἰνίι
3078 2227 3162 2266 me
3214 2229 3243 2264 a
3289 2211 3581 2279 iuventute

2005 2314 2124 2354 mea
2148 2301 2216 2354 ".
2263 2320 2282 2353 ι

2558 2487 2877 2544 PSALMUS
2918 2488 3025 2547 LV.

2081 2576 2245 2631 Vens.
2285 2578 2343 2632 ‘2.
2385 2579 2635 2632 Miserere
2673 2582 2797 2645 mei,
2866 2582 3025 2651 Deus,
3079 2584 3328 2653 quoniam
3372 2584 3587 2637 concul-

2004 2670 2137 2723 cavit
2185 2686 2265 2723 me
2311 2671 2508 2725 homo:
2541 2682 2648 2725 lola
2695 2674 2775 2727 die
2811 2676 3125 2744 impugnans
3169 2676 3437 2729 Iribulavit
3483 2693 3587 2741 me,

2004 2771 2112 2816 etc.
2151 2762 2401 2817 Christus
2455 2765 2521 2817 ad
2562 2762 2774 2818 Patrem
2819 2766 2993 2819 dicit:
3038 2784 3057 2818 ι
3101 2766 3357 2821 Miserere
3398 2768 3525 2822 mei.
3563 2787 3582 2820 ι

2004 2852 2089 2906 Me
2119 2853 2287 2917 enim,
2319 2856 2412 2923 qui
2445 2855 2584 2908 Deus
2615 2870 2757 2921 sum,
2804 2856 2971 2911 homo
3009 2857 3370 2912 conculcavit.
3410 2861 3587 2928 Atque

2007 2946 2155 3008 hinc,
2186 2947 2397 3015 opinor,
2430 2957 2706 3015 sumptum
2736 2958 2821 3002 est
2850 2948 2979 3003 illud
3008 2965 3021 3002 :
3067 2967 3086 3000 ι
3124 2949 3225 3015 Qui
3254 2949 3450 3005 Filium
3488 2951 3584 3006 Dei

2005 3037 2349 3090 conculcavit
2375 3038 2442 3091 ⁸ο.
2484 3057 2502 3089 I

2074 3128 2349 3195 Ejusdem.
2390 3128 2616 3183 Terreui
2646 3127 2919 3185 daemones
2947 3132 3274 3187 conculcant
3311 3149 3448 3199 nos;
3499 3136 3582 3189 in-

309 3228 571 3282 πατοῦσιν
604 3230 749 3297 ἡμᾶς
770 3244 781 3256 ·
822 3228 870 3279 οἱ
904 3226 960 3278 δὲ
994 3222 1339 3293 καταχθόνιοι
1372 3222 1467 3275 ἐὰν
1496 3221 1759 3284 ἀναϐῶσι,
1795 3238 1892 3273 κα-

2004 3218 2138 3274 ferni
2185 3230 2385 3283 autem,
2436 3221 2482 3274 si
2536 3222 2905 3289 ascenderint,
2960 3224 3215 3292 operiunt
3267 3241 3387 3280 nos.
3436 3228 3582 3291 Qua-

308 3322 603 3374 λύπτουσιν
650 3319 828 3389 ἡμᾶς’
881 3316 960 3369 διὸ
1004 3315 1256 3387 εἴρηται·
1318 3333 1337 3364 ι
1402 3314 1589 3385 Ὅριον
1618 3312 1741 3365 ἔθου
1774 3312 1802 3364 ὃ
1833 3314 1890 3364 ού

308 3410 751 3483 παρελεύσονται,
777 3408 896 3461 οὐδὲ
921 3405 1303 3477 ὲπιστρέψουσι
1329 3404 1566 3474 καλύψαι
1597 3403 1693 3476 τὴν
1716 3404 1837 3474 γῆν.
1870 3424 1888 3456 I

352 3590 464 3643 Ὃύ
502 3586 919 3658 φοϐηθήσομαι
958 3586 1013 3639 τί
1052 3583 1293 3651 ποιήσει
1326 3602 1428 3653 μοι
1457 3583 1635 3652 σὰρξ,
1672 3602 1725 3637 κ.
1760 3602 1809 3638 τ.
1842 3586 1887 3639 ὲ.

321 3681 379 3734 '0
411 3681 508 3752 τὴν
540 3679 634 3733 τοῦ
670 3679 856 3733 δούλου
891 3677 1002 3749 (54)
1039 3676 1251 3748 μορφὴν
1285 3675 1464 3729 λαϐὼν
1488 3677 1582 3729 καὶ
1610 3679 1666 3729 ἐν
1694 3677 1892 3747 ὁμοιώ-

311 3790 443 3842 ματι
473 3770 760 3840 γενόμενος
802 3768 1001 3840 σαρκὸς
1031 3766 1323 3838 ἁμαρτίας,
1365 3768 1392 3819 ὁ
1425 3767 1498 3838 μὴ
1521 3769 1681 3836 γνοὺς
1712 3768 1891 3840 ἁμαρ.

304 3866 446 3930 τίαν,
463 3863 602 3933 ὑπὲρ
626 3861 783 3933 ήμῶν
798 3859 1068 3932 ἁμαρτίαν
1086 3857 1541 3929 ἐαυτὸν-ἐποίησε,
1566 3860 1742 3930 σάρκα
1760 3861 1891 3912 ἁνα-

304 3955 617 4027 λαμϐάνων,
649 3954 743 4006 κα).
776 3952 939 4022 μηδὲν
972 3951 1130 4021 μόνος
1159 3949 1268 4003 τῶν
1300 3951 1358 4001 ὲν
1394 3952 1556 4020 σαρκὶ
1606 3950 1889 4019 ζησάντων

306 4044 591 4118 ἁμαρτὼν,
646 4041 989 4116 θαρρούντως
1036 4040 1184 4111 λέγοι
1225 4040 1319 4093 τόο
1372 4057 1390 4089 ι
1434 4040 1498 4093 Τί
1543 4043 1757 4111 ποιήσει
1798 4059 1887 4112 μοι

309 4136 483 4208 capi;
537 4155 555 4187 ι

378 4226 827 4295 Παροικήσουσι
876 4226 971 4280 καὶ
1010 4228 1524 4296 κατακρύψουσιν,
1556 4225 1726 4279 αὐτοὶ
1774 4225 1887 4293 τὴν

306 4320 569 4387 πτέρναν
601 4336 714 4387 μου
742 4317 1087 4387 φυλάξουσι
1112 4362 1124 4383 ,
1165 4336 1219 4372 κ.
1258 4336 1307 4371 τ,
1342 4321 1387 4371 ὲ.
1425 4320 1503 4371 Δι’
1533 4311 1609 4372 ὧν
1642 4319 1888 4390 ἐνεργοῦ-

309 4427 405 4481 μεν
440 4410 551 4481 (55)
596 4408 981 4480 ἐπιτηροῦντες
1034 4410 1251 4480 μαθεῖν·
1306 4409 1733 4479 καρδιογνῶσται
1776 4410 1885 4483 γὰρ

302 4503 402 4554 οὐκ
432 4503 568 4554 εἰσὶν
599 4504 646 4554 οἱ
672 4501 942 4571 δαίμονες.

2002 3322 2224 3382 propter
2266 3314 2472 3368 dictum
2537 3324 2670 3368 est:
2722 3332 2741 3365 ι
2793 3313 3108 3370 Terminum
3148 3318 3371 3385 posuisti
3419 3334 3577 3387 quem

2000 3422 2107 3460 non
2158 3408 2654 3477 transgredientur,
2702 3422 2881 3477 neque
2923 3420 3321 3463 convertentur
3362 3412 3581 3480 operire

2002 3507 2201 3551 terram
2228 3499 2295 3551 δι.
2334 3517 2353 3550 I

2072 3586 2234 3642 Vens.
2275 3589 2328 3643 5.
2373 3587 2497 3643 Non
2523 3589 2711 3643 timebo
2738 3590 2865 3660 quid
2899 3590 3063 3659 faciat
3100 3592 3230 3645 mihi
3280 3609 3427 3659 caro,
3467 3604 3577 3651 etc.

1998 3678 2101 3745 Qui
2131 3680 2274 3733 servi
2304 3678 2535 3734 formam
2562 3682 2774 3750 accepit
2795 3692 2851 3735 et
2876 3682 2928 3736 in
2959 3682 3373 3738 similitudinem
3401 3685 3579 3741 factus

1998 3779 2077 3824 est
2112 3770 2293 3825 carnis
2334 3771 2578 3839 peccati,
2620 3773 2710 3841 qui
2762 3782 3048 3842 peccatum
3102 3791 3206 3828 non
3263 3760 3434 3843 novit,
3482 3793 3581 3846 pro

1997 3861 2154 3916 nobis
2188 3872 2469 3930 peccatum
2519 3865 2754 3931 seipsum
2804 3864 2950 3931 fecit,
3001 3880 3225 3922 carnem
3267 3884 3578 3935 assumens,

1996 3949 2252 4016 solusque
2286 3966 2477 4005 eorum
2503 3953 2593 4020 qui
2621 3953 2674 4006 in
2705 3969 2873 4008 carne
2897 3956 3087 4009 vivunt
3115 3959 3323 4024 peccati
3354 3974 3574 4028 expers,

1995 4041 2333 4096 conﬁdenter
2360 4042 2600 4096 dixerit:
2637 4061 2655 4093 ι
2694 4042 2833 4110 Quid
2866 4044 3029 4099 faciet
3064 4046 3196 4099 mihi
3232 4049 3410 4103 caro?
3441 4068 3461 4101 ι

2067 4212 2299 4269 νεκεπ.
2317 4214 2476 4285 733
2500 4212 2875 4270 Inhabilabuut
2892 4226 2937 4271 et
2959 4218 3311 4273 abscondent:
3340 4220 3440 4289 ipsi
3456 4222 3571 4274 cal-

1992 4322 2212 4359 cuneum
2239 4322 2409 4359 meum
2433 4304 2799 4374 observabant,
2829 4318 2938 4364 etc.
2969 4309 3071 4362 Per
3100 4324 3163 4363 ea
3194 4326 3313 4378 qua:
3338 4311 3568 4378 agimus,

1993 4400 2202 4454 discere
2230 4401 2534 4455 studentes.
2564 4399 2756 4456 Cordis
2779 4402 2923 4456 enim
2955 4403 3203 4457 notitiam
3231 4418 3339 4457 non
3366 4404 3573 4458 habent

1990 4492 2282 4549 daemones.

382 4592 491 4646 Τοῦ
530 4592 737 4646 αὐτοῦ.
805 4592 1035 4660 Ὁμοίως
1061 4590 1138 4661 τῷ
1169 4590 1279 4660 (56)
1316 4590 1436 4658 ὄφει
1469 4591 1516 4641 οἱ
1542 4590 1789 4659 πονηροὶ,
1810 4590 1886 4654 ὡς

2064 4585 2341 4656 Ejusdem.
2383 4588 2465 4641 Ad
2515 4587 2689 4643 instar
2734 4589 3004 4656 serpentis
3048 4588 3133 4643 cui
3183 4589 3386 4643 dictum
3443 4599 3569 4644 est:

303 4680 549 4751 εἴρηται·
589 4699 607 4733 ι
650 4682 758 4734 Καὶ
801 4683 863 4733 σὺ
898 4682 1159 4752 τηρήσεις
1202 4679 1365 4733 αὐτοῦ
1416 4680 1675 4752 πτέρναν,
1731 4701 1749 4732 I
1785 4682 1883 4753 τὴν

306 4772 543 4842 πτέρναν
566 4771 800 4844 Χριστοῦ
848 4772 879 4843 ἢ
916 4771 1010 4825 τοῦ
1040 4771 1250 4824 δικαίου
1289 4769 1603 4841 φυλάξουσι.

390 4866 499 4921 Τοῦ
545 4864 946 4935 εὺίροστῆσαι
993 4864 1250 4917 ἐνώπιον
1280 4864 1385 4917 τοῦ
1424 4862 1571 4917 Θεοῦ
1615 4862 1684 4915 ἐν
1738 4863 1883 4931 φωτὶ

304 4958 530 5020 ζώντων
550 4996 563 5019 ,
595 4974 651 5009 κ.
684 4973 733 5007 τ.
772 4956 816 5006 έ.
849 4953 967 5016 Φῶς
991 4952 1207 5017 ζώντων
1243 4953 1353 5024 (57)
1383 4954 1526 5005 ἐστὶν
1558 4956 1589 5023 ἡ
1619 4951 1819 5020 γνῶσις
1849 4955 1881 5023 ἡ

300 5048 411 5103 τῶν
450 5047 715 5115 ἀγγέλων.

1994 4696 2012 4728 I
2052 4676 2115 4729 Et
2157 4686 2210 4732 tu
2251 4678 2569 4734 observabis
2619 4679 2736 4749 ejus
2789 4679 3103 4733 calcaneum
3144 4681 3213 4747 ⁸³,
3264 4698 3282 4732 ι
3338 4681 3570 4749 improbi

1988 4770 2306 4825 calcaneum
2339 4770 2541 4825 Christi
2574 4771 2657 4826 vel
2687 4772 2818 4839 justi
2847 4771 3236 4827 observabunt.

2063 4861 2224 4916 Vens.
2269 4862 2356 4916 l3.
2400 4860 2469 4916 Ut
2509 4864 2745 4929 placeam
2785 4879 2962 4917 coram
3009 4864 3116 4919 Deo
3160 4865 3217 4919 in
3264 4864 3460 4919 lumine
3494 4866 3572 4918 ri-

1990 4955 2238 5019 venlium,
2267 4964 2373 5009 etc.
2404 4954 2611 5008 Lumen
2659 4957 2954 5012 viventium
2996 4970 3079 5014 est
3119 4958 3357 5027 cognitio
3395 4974 3568 5029 ange-

1991 5045 2188 5098 lorum.

377 5139 425 5173 δ’
449 5137 585 5195 Gen.
617 5136 920 5202 XLVIII,15.
999 5137 1044 5167 ⁵ο
1080 5134 1246 5191 Hebr.
1268 5153 1323 5201 ς,
1353 5136 1445 5191 28.
1523 5136 1569 5169 ἰ
1598 5136 1743 5192 Psul.
1767 5136 1901 5203 cm;

2020 5140 2064 5169 "
2092 5139 2231 5194 Gen.
2268 5156 2349 5205 III,
2381 5142 2468 5197 15.

376 5232 485 5300 (48)
531 5236 634 5285 Ἑν
656 5232 823 5300 μέσῳ
852 5231 959 5286 τοῦ
989 5233 1156 5300 πρωΐ,
1188 5242 1294 5286 etc.
1329 5233 1552 5287 Schedm
1590 5232 1801 5287 Grabii.

375 5301 487 5374 (49)
534 5303 850 5370 Ἐσπέρας.
879 5304 1079 5356 Catena
1110 5302 1353 5357 Corderii
1376 5313 1426 5357 et
1463 5305 1633 5358 codex
1683 5301 1879 5357 Coisli-

301 5374 495 5430 nianus
525 5379 812 5427 SBL‘IIIHIIIS.

396 5444 482 5514 50)
515 5446 580 5499 El
618 5442 815 5514 πάντα
853 5442 928 5495 δι’
955 5441 1163 5514 αὐτοῦ,
1199 5449 1305 5497 etc.
1333 5441 1559 5514 Scheda:
1593 5441 1796 5496 Grabii.

396 5446 482 5514 50)
515 5446 580 5499 El
618 5446 815 5494 πάντα
853 5446 928 5495 δι’
955 5446 1163 5500 αὐτοῦ.
1199 5449 1305 5497 etc.
1333 5446 1559 5497 Scheda:
1593 5446 1796 5496 Grabii.

372 5446 456 5586 ίῦι
513 5514 609 5579 Ὠς
633 5512 929 5581 διέθρεψε,
976 5523 1083 5568 etc.
1130 5512 1312 5567 Codex
1378 5513 1740 5581 Coislinianus
1785 5527 1875 5567 se-

298 5586 525 5639 cundus.

373 5653 487 5727 (52)
525 5654 591 5709 Ὅ
624 5654 899 5722 Χριστός,
931 5663 1041 5715 etc.
1072 5651 1251 5710 Codex
1284 5652 1643 5710 Coisliniauus
1673 5667 1861 5709 secun-

203 5802 206 5803 ν
300 5724 419 5779 dus.

2062 5234 2175 5308 (ξῦ)
2205 5239 2271 5308 Ol
2293 5236 2411 5308 μὲν
2442 5239 2709 5308 ἐπίγειοι.
2741 5250 2848 5295 etc.
2884 5240 3107 5295 Schedaa
3138 5238 3349 5295 Grabii.

2059 5305 2171 5375 (54)
2215 5307 2269 5358 '0
2311 5306 2423 5376 τὴν
2451 5305 2562 5363 τοῦ
2583 5308 2830 5378 δούλου,
2859 5321 2965 5366 etc.
2990 5312 3171 5366 Codex
3201 5310 3569 5365 (Ioisliniantts

2032 5392 2042 5409 ι
2230 5392 2253 5419 e

1985 5378 2278 5519 “$3121;
2304 5441 2392 5501 ὧν
2417 5448 2797 5519 ἐνεργοῦμεν,
2824 5458 2928 5503 etc.
2965 5450 3187 5519 Schcdre
3214 5449 3418 5504 Grabii.

2054 5516 2165 5587 (56)
2210 5517 2457 5587 Ὁμοίως
2485 5516 2584 5585 τῷ,
2617 5516 2724 5575 ειό.
2754 5521 2930 5576 Codex
2963 5518 3327 5576 Coislinianus
3364 5534 3566 5579 secun-

1982 5585 2102 5639 dus.

2056 5655 2164 5728 (57)
2201 5656 2329 5726 Φῶς
2354 5658 2601 5727 ζώντων,
2638 5669 2742 5716 etc.
2787 5659 3010 5716 διιπεύώ
3043 5660 3252 5716 Grabii.
