4110 6438
549 429 672 482 H't'l

1095 545 1417 602 PSALMUS
1457 549 1590 604 LVI.

621 639 778 692 Vens.
818 638 870 692 ‘2.
920 637 984 690 Et
1036 637 1090 690 in
1138 641 1323 694 umbra
1351 643 1563 696 alarum
1613 653 1829 697 tuorum
1877 646 2121 708 sperabo,

546 733 707 782 donec
732 739 965 782 transeat
995 729 1267 796 iniquitas,
1299 743 1409 787 etc.
1445 733 1574 788 Ilaec
1602 735 1732 788 dicit
1757 737 1822 788 ad
1861 737 2122 804 Spiritum

548 832 815 876 Sanctum.
852 823 1012 878 Visus
1039 834 1125 879 est
1159 825 1304 878 enim
1337 824 1390 878 in
1426 826 1696 881 columbae
1725 829 1928 892 specie.

621 915 894 984 Ejusdem.
942 917 1120 974 Donec
1143 920 1366 989 quidem
1401 929 1650 974 transeat
1681 921 1965 990 iniquitas,
1995 937 2124 988 spe—

549 1018 634 1062 rat
659 1010 841 1076 justus
865 1010 918 1064 in
958 1012 1148 1064 tunhra
1181 1011 1392 1064 alarum
1429 1012 1522 1066 Dei
1553 1033 1568 1068 -.
1596 1015 1820 1083 quando
1845 1030 1978 1068 vero
2001 1029 2126 1084 per-

549 1101 830 1154 transierit
865 1111 920 1154 et
950 1102 1000 1154 in
1039 1101 1272 1155 nihilum
1301 1103 1614 1169 erattuerit,
1647 1121 1754 1158 non
1795 1105 2032 1173 amplius
2072 1105 2124 1158 in

547 1194 761 1256 utnhra,
791 1194 884 1248 sed
915 1194 968 1246 in
1001 1194 1116 1262 ipso
1148 1197 1412 1262 sperabit.
1439 1197 1707 1251 Caeterum
1748 1207 1969 1266 possent
2009 1197 2124 1250 hinc

547 1286 710 1338 etiam
743 1286 845 1338 hoc
879 1287 1038 1341 modo
1063 1287 1360 1358 distingui:
1391 1287 1636 1358 Sperabo
1659 1291 1878 1358 quidem
1913 1290 1967 1342 in
2005 1304 2124 1342 um-

549 1376 642 1427 Ιηίι
675 1376 882 1430 alarum
913 1385 1128 1432 tuarum
1159 1397 1174 1444 ;
1205 1381 1376 1435 donec
1397 1395 1527 1435 vero
1566 1390 1812 1436 transeat
1839 1383 2122 1450 iniquitas,

547 1467 792 1524 clamabo
835 1469 902 1524 ad
936 1471 1102 1526 Deum
1137 1473 1492 1529 altissimum.

621 1561 784 1616 Vsus.
823 1561 876 1614 4.
922 1563 1065 1617 Misit
1107 1565 1170 1618 de
1207 1566 1357 1628 caelo,
1407 1576 1455 1620 et
1493 1565 1728 1620 liberauit
1767 1584 1866 1632 me,
1903 1579 2014 1624 etc.
2049 1569 2127 1624 De

552 1653 690 1707 cosio
721 1655 872 1708 misit
902 1655 984 1709 vel
1015 1656 1382 1724 Salvatorem,
1407 1659 1490 1712 vel
1522 1660 1768 1728 angelum
1797 1663 2124 1718 salvantem.

617 1826 748 1882 Iam.
787 1827 932 1880 Misit
969 1828 1105 1882 Deus
1141 1832 1562 1886 misericordiam
1584 1850 1734 1886 suam
1761 1844 1808 1886 et
1843 1837 2119 1892 veritatem

1953 435 2040 488 EX
2081 433 2386 490 ORIGENE

3683 436 3830 490 “7?.

3835 487 3862 502 ν

2787 549 3081 602 ΨΑΑΜΟΣ
3113 549 3253 614 Ner.

2299 643 2408 696 Καὶ
2445 642 2512 694 ἑν
2546 638 2688 705 σκιᾷ
2713 639 2830 692 τῶν
2861 641 3170 708 πτερύγιον
3199 655 3316 694 σου
3355 636 3563 704 sumo,
3599 639 3714 702 ἕως
3745 635 3828 694 οὗ

2227 735 2496 801 παρέλθῃ
2527 734 2564 800 ἠ
2593 733 2831 801 ἀνομία,
2868 749 2920 786 κ.
2961 749 3012 783 τ.
3069 733 3116 784 ὲ.
3156 731 3300 802 Πρὸς
3345 731 3406 784 τὸ
3449 730 3676 800 Πνεῦμα
3707 731 3826 802 (58)

2227 825 2374 892 λέγει
2397 824 2456 876 τὸ
2485 824 2638 890 ἆγιον
2659 839 2671 851 ’
2704 821 2863 874 τοῦτο
2894 821 3002 894 γὰρ
3037 824 3096 874 ὲν
3125 821 3255 874 εῖδει
3275 820 3432 890 ὤφθη
3464 824 3822 892 περιστερᾶς.

2307 916 2416 970 Τοῦ
2442 914 2649 968 αὑτοῦ.
2686 915 2828 976 Ἕως
2853 915 2950 983 μὲν
2987 913 3248 984 παρέλθοι
3280 915 3312 982 ἠ
3346 914 3458 984 (59)
3479 914 3701 983 ἀνομία,
3733 911 3830 966 ὲλη-

2229 1007 2376 1070 πίζει
2409 1008 2437 1058 6
2464 1006 2672 1068 δίκαιος
2705 1007 2761 1056 ὲν
2796 1007 2860 1075 τῇ
2896 1006 3026 1074 σκιᾷ
3069 1005 3176 1058 τῶν
3213 1006 3500 1076 πτερύγων
3536 1007 3632 1058 τοῦ
3660 1004 3826 1059 Θεοῦ·

2229 1097 2367 1150 ἐπὰν
2409 1097 2464 1150 δὲ
2523 1096 2803 1167 παρέλθοι,
2841 1096 2938 1149 καὶ
2968 1093 3316 1168 ἀνύπαρκτος
3349 1097 3596 1166 γένηται,
3637 1096 3830 1149 οὐκέτι

2229 1189 2441 1242 ὲλπίσει
2473 1191 2530 1241 ἐν
2571 1190 2719 1258 σκιᾷ,
2761 1187 2876 1240 ἀλλ’
2905 1190 2962 1240 ἐν
2997 1187 3164 1257 αὐτῷ.
3203 1188 3434 1242 Δύναται
3472 1189 3529 1240 δὲ
3561 1189 3654 1242 καὶ
3678 1187 3832 1242 οὕτω

2229 1280 2509 1351 νομεῖσθαι
2536 1281 2708 1334 ταῦτα
2727 1297 2739 1310 ⁸
2785 1281 2986 1332 Ἐλπιῶ
3022 1281 3119 1351 μὲν
3145 1283 3201 1334 ὲν
3233 1283 3363 1352 σκιᾷ
3391 1281 3498 1334 τῶν
3535 1281 3832 1352 πτερύγων

2231 1390 2352 1425 σου·
2404 1374 2509 1435 ἕως
2553 1373 2610 1426 δὲ
2645 1371 2974 1443 παρέλθοιή
3021 1371 3243 1442 ἀνομία,
3291 1373 3632 1444 κεκράξομαι
3685 1373 3832 1444 πρὸς

2227 1464 2319 1516 τὸν
2371 1462 2504 1516 Θεὸν
2545 1462 2634 1515 τὸν
2695 1461 2938 1531 ὕψιστον.

2315 1556 2779 1622 Ἐξαπέστειλεν
2809 1558 2878 1622 ἐξ
2915 1557 3180 1625 ούρανοῦ
3202 1597 3216 1620 ,
3257 1557 3356 1612 καὶ
3399 1557 3598 1611 ἐσωσέ
3622 1574 3720 1626 με,
3767 1576 3826 1611 κ.

2227 1667 2277 1702 τ.
2309 1653 2356 1704 ἐ.
2402 1649 2493 1715 Ἐξ
2521 1649 2750 1722 ούρανοῦ
2802 1649 2910 1720 (60)
2943 1651 3060 1720 ἦτοι
3111 1650 3202 1702 τὸν
3237 1651 3470 1720 Σωτῆρα
3505 1649 3832 1714 ἐξαπέστει-

2228 1742 2340 1806 λεν,
2365 1742 2397 1813 ἢ
2433 1742 2662 1811 ἄγγελον
2699 1742 2959 1808 σώζοντα.

2315 1835 2784 1898 Ἐξαπέστειλεν
2818 1838 2850 1890 ό
2882 1833 3027 1900 Θεὸς
3054 1833 3118 1888 τὸ
3142 1834 3314 1898 ἕλεος
3346 1831 3532 1886 αὐτοῦ
3575 1833 3672 1886 καί
3707 1831 3832 1899 τὴν

545 1934 719 1980 suain,
746 1928 854 1974 etc.
884 1919 1047 1976 Forte
1077 1925 1168 1991 qui
1208 1925 1343 1978 dixit
1371 1942 1385 1978 :
1428 1943 1443 1976 ι
1483 1925 1590 1994 Ego
1625 1943 1745 1979 sum
1773 1929 1976 1982 veritas
2005 1930 2072 1994 ⁸³,
2101 1949 2120 1981 ι

2231 1927 2520 1992 ἀλήθειαν
2531 1927 2740 1991 αὐτοῦ,
2759 1944 2812 1980 κ.
2831 1943 2882 1979 τ.
2909 1927 2954 1978 ὲ.
2974 1927 3200 1995 Μήποτε
3222 1927 3250 1977 ὁ
3265 1923 3433 1978 είπὼν
3453 1923 3564 1992 (GI)
3586 1941 3598 1953 ·
3626 1945 3642 1974 ι
3675 1923 3829 1992 Ἐγώ

544 2021 626 2064 est
659 2011 822 2064 etiam
862 2012 976 2082 ipsa
1019 2014 1418 2082 misericordia,
1465 2027 1522 2070 ut
1577 2033 1682 2072 non
1729 2019 1872 2073 aliud
1915 2035 2128 2089 quaera-

546 2115 666 2154 mus
700 2117 860 2168 quam
893 2104 1065 2173 ipsam
1099 2107 1556 2165 misericordiam.

624 2191 782 2245 Vens.
815 2193 868 2247 5.
915 2193 1152 2250 Dormivi
1201 2201 1584 2264 conturbatus,
1639 2211 1745 2260 etc.
1799 2203 1902 2270 Qui
1949 2206 2126 2262 dixit:

555 2301 572 2330 ι
613 2284 808 2338 Anima
843 2301 958 2340 mea
996 2290 1208 2343 turbata
1240 2301 1324 2346 est
1356 2291 1422 2356 “,
1461 2313 1480 2346 ι
1513 2295 1672 2363 paulo
1703 2301 2125 2365 posldormivit.

619 2461 750 2518 IBID.
787 2463 914 2518 Filii
937 2466 1226 2548 hominum,
1250 2471 1428 2542 dentes
1449 2491 1628 2530 eorum
1652 2493 1800 2532 arma
1824 2487 1872 2532 et
1895 2481 2125 2548 sagittte,

546 2566 594 2609 et
645 2556 828 2627 lingua
869 2575 1050 2613 eorum
1099 2543 1313 2632 'glatlius
1366 2579 1578 2634 acutus,
1633 2581 1741 2624 etc.
1807 2543 2127 2629 Dtemonum

550 2651 740 2703 dentes
765 2659 892 2704 sunt
923 2651 1078 2706 mala:
1118 2655 1503 2726 cegilationes,
1537 2675 1637 2729 per
1661 2679 1798 2731 quas
1823 2665 2128 2736 deglutiunt

545 2755 786 2794 atttmant
823 2752 1088 2800 nostram.

621 2831 899 2900 Ejusdem.
941 2834 1414 2894 Calumniatorum
1461 2841 1642 2912 lingua
1691 2844 1905 2913 gladius
1935 2857 2128 2904 acutus

543 2933 649 2990 est,
683 2941 892 2982 necnon
927 2943 1118 2984 eorum
1147 2934 1238 3002 qui
1269 2933 1458 2988 falsam
1496 2935 1782 2990 scientiam
1811 2940 2030 2994 docent.

619 3102 783 3157 Vens.
827 3103 877 3158 6.
931 3104 1189 3163 Earultare
1227 3127 1383 3175 super
1425 3113 1604 3178 cmlos,
1651 3115 1814 3182 Deus,
1861 3127 1969 3171 etc.
2009 3136 2027 3168 ι
2069 3119 2126 3172 Si

543 3197 813 3252 cxaltatus
861 3197 1034 3268 fuero,
1087 3203 1264 3272 inquit
1328 3204 1618 3274 Salvator,
1669 3225 1860 3266 omnes
1913 3213 2122 3266 traham

545 3289 612 3341 ad
641 3289 906 3359 meipsum
931 3291 999 3345 ".
1039 3313 1056 3344 ι

621 3381 782 3450 Vsus.
827 3384 879 3436 9.
922 3379 1184 3455 Exsurge,
1232 3388 1406 3456 gloria
1451 3407 1587 3455 mea,
1635 3410 1880 3464 exsurge,
1933 3395 2127 3463 psalte-

545 3473 681 3525 rium
737 3482 786 3527 et
839 3475 1072 3543 cithara,
1122 3489 1230 3534 etc.
1295 3481 1536 3536 Gloriam
1596 3487 1833 3554 appellat
1892 3489 2124 3556 gratiam

547 3565 768 3619 mentis.
803 3564 920 3635 Ipsa
955 3582 1108 3623 mens
1170 3572 1488 3640 psalterium
1536 3585 1620 3629 est
1664 3591 1679 3640 ;
1732 3579 1878 3645 quod
1941 3586 2125 3630 autem

549 3655 722 3708 menti
766 3657 1215 3724 circumpositum
1257 3667 1362 3725 est,
1405 3676 1600 3732 nempe
1649 3663 1856 3730 anima,
1912 3663 2126 3716 cithara

545 3755 646 3798 υδι.

622 3835 786 3908 ¹73ἀ¹
820 3837 988 3892 Vens.
1033 3839 1120 3893 I0.
1171 3839 1470 3911 Conﬁtebor
1520 3845 1613 3898 tibi
1657 3846 1708 3898 iu
1752 3845 1984 3915 populis,
2017 3843 2130 3898 Do-

551 3931 708 3990 mine,
745 3939 793 3982 et
823 3931 1084 3999 psalmum
1121 3933 1294 3986 dicant
1333 3937 1424 3988 tibi
1469 3937 1526 3989 in
1567 3939 1830 4007 gentibus,
1876 3951 1982 3994 etc.
2021 3941 2128 3994 Po-

553 4031 655 4075 test
691 4023 818 4076 illud
855 4025 1290 4080 exhortatorium
1317 4045 1440 4084 esse
1472 4033 1538 4084 ad
1570 4031 1879 4086 conﬁtenda
1907 4045 2130 4102 peccata

551 4113 602 4166 iu
653 4114 913 4171 Ecclesia.

625 4209 792 4264 VIus.
838 4211 920 4265 II.
966 4210 1230 4276 Quoniam
1259 4214 1602 4282 magniﬁcam
1636 4228 1710 4268 est
1742 4233 1904 4284 usque
1927 4218 1996 4270 ad
2026 4234 2129 4272 ca:-

547 4299 626 4352 los
663 4303 1028 4374 nt‘isericortliu
1058 4314 1167 4365 tua.
1205 4315 1250 4358 et
1298 4323 1464 4376 usque
1497 4307 1566 4359 ad
1593 4307 1756 4362 nubes
1789 4310 1982 4362 veritas
2013 4321 2128 4372 tua,

549 4403 658 4448 etc.
699 4394 968 4456 Quoniam
1023 4395 1334 4451 misericors
1371 4413 1542 4466 usque
1578 4399 1642 4452 ad
1693 4415 1920 4469 regnum
1959 4401 2132 4454 eteiu-

551 4501 669 4537 rum
721 4487 986 4548 ascendit,
1042 4487 1386 4556 magniﬁcam
1453 4498 1538 4543 est
1599 4490 1980 4544 misericordia
2031 4491 2127 4544 Dei

550 4591 722 4644 usque
747 4578 812 4630 ad
841 4578 1028 4634 caelos.

627 4670 788 4724 Vsus.
831 4673 914 4724 I2.
961 4671 1220 4726 Exaltare
1260 4687 1418 4739 super
1457 4671 1636 4734 caelos,
1685 4671 1845 4733 Deus,
1879 4683 1926 4724 et
1969 4689 2130 4740 super

550 4775 754 4812 onmem
799 4769 991 4814 terram
1037 4762 1208 4829 gloria
1268 4772 1381 4826 tua,
1415 4770 1527 4816 etc.
1563 4762 1652 4816 Bis
1689 4765 1740 4816 in
1787 4766 1888 4818 hoc
1921 4765 2130 4832 psalmo

551 4845 810 4898 dicuntur
844 4847 894 4900 III
934 4847 1042 4902 duo
1073 4849 1350 4904 versiculi.

1089 5023 1406 5081 PSALMUS
1449 5027 1604 5082 LVII.

625 5113 788 5167 V'Elts.
832 5115 883 5168 9..
929 5116 991 5170 Si
1018 5133 1131 5171 vere
1157 5121 1331 5188 utique
1353 5120 1622 5188 justitiam
1673 5122 1970 5192 loquimini,
2017 5137 2124 5180 etc.

623 5271 670 5302 ⁵³
700 5269 857 5325 .Ioan.
892 5289 966 5338 vn,
1002 5275 1084 5328 Η.
1162 5275 1210 5306 ⁸⁵
1243 5275 1400 5331 Joan.
1429 5294 1524 5343 xu,
1561 5279 1653 5332 27.

759 5409 914 5484 Πρὸς
943 5411 1006 5484 τί)
1034 5414 1296 5484 Πνεῦμα,
1323 5425 1428 5470 etc.
1468 5417 1692 5472 Scltcdm
1720 5419 1924 5473 Graliii.

618 5480 733 5552 (59)
761 5479 907 5552 Ἕως
934 5481 1052 5551 μὲν
1080 5479 1385 5551 παρέλθοι,
1409 5496 1520 5543 .etc.
1555 5489 1760 5541 Catena
1789 5490 2054 5546 Corderii.

623 5551 736 5620 (60)
781 5551 880 5615 Ἐξ
909 5555 1190 5620 ούρανοῦ,
1224 5567 1330 5609 etc.
1363 5557 1561 5610 Eadem
1589 5558 1812 5614 Catena.

628 5621 1008 5695 (61)Μήποτε
1039 5628 1072 5678 ό
1127 5624 1329 5695 εἰπών,
1382 5639 1490 5682 etc.
1535 5627 1716 5682 Codex
1769 5631 2135 5690 Coislinianus

555 5706 582 5742 s
603 5693 847 5744 -cundus.

627 5759 740 5829 (62)
771 5759 972 5815 Εὶπὼν
1001 5761 1135 5830 γάρ,
1165 5777 1269 5819 etc.
1302 5766 1466 5820 Idem.

630 5831 743 5897 (65)
783 5831 1048 5898 Ὀδόντες
1087 5835 1228 5902 εἰσί,
1254 5851 1360 5892 etc.
1390 5838 1612 5895 SCIlCtItU
1639 5841 1846 5895 Gruliii.

2231 2018 2347 2087 εἰμι
2397 2019 2430 2087 ἡ
2475 2016 2724 2088 ἀλήθεια,
2780 2035 2798 2068 ι
2835 2016 2954 2070 ἐστὶ
2982 2016 3076 2068 καὶ¹
3103 2015 3233 2068 αὐτὸ
3261 2015 3430 2078 ἔλεος,
3466 2016 3552 2066 ἵνα
3585 2015 3660 2084 μὴ
3693 2012 3832 2067 ἄλλο

2229 2108 2483 2179 ζητῶμεν
2518 2109 2552 2178 ἢ
2587 2109 2678 2162 τὸν
2711 2109 2875 2162 αὑτὸν
2907 2108 3072 2162 ἔλεον.

2315 2204 2678 2274 Ἐκοιμήθην
2717 2203 3172 2272 τεταραγμένος,
3221 2220 3274 2254 κ.
3321 2220 3372 2255 τ.
3408 2204 3452 2254 ἐ.
3484 2201 3670 2254 Εἰπὼν
3713 2202 3828 2272 γάρ

2233 2295 2345 2367 (62)
2375 2315 2424 2348 ⁸(
2476 2298 2539 2348 Ἡ
2587 2297 2732 2368 ψυχή
2795 2314 2896 2367 μου
2945 2297 3302 2366 τετάρακται,
3346 2314 3364 2346 ι
3409 2296 3526 2364 μετ’
3573 2295 3634 2346 οὺ
3689 2293 3823 2344 πολὺ

2232 2391 2579 2460 κεκοίμηται.

2311 2481 2432 2533 Υἱοὶ
2469 2480 2815 2548 ἀνθρώπων,
2859 2483 2912 2534 οἱ
2967 2480 3212 2545 ὀδόντες
3253 2477 3451 2532 αὐτῶν
3498 2479 3660 2530 ὅπλα
3717 2477 3820 2528 καὶ

2223 2569 2382 2640 ,βέλη
2405 2611 2418 2634 ,
2456 2574 2556 2626 καὶ
2603 2575 2642 2639 ἡ
2671 2571 2926 2642 γλῶσσα
2955 2571 3154 2626 αὐτῶν
3180 2571 3448 2640 μάχαιρα
3475 2569 3660 2634 ὀξεῖα,
3684 2583 3738 2622 κ.
3765 2586 3821 2620 τ.

2229 2665 2276 2718 ὲ.
2325 2664 2566 2726 Ὀδόντες
2601 2664 2709 2716 εἰσὶ
2745 2664 2858 2735 (65)
2885 2663 2994 2716 τῶν
3019 2662 3288 2730 δαιμόνων
3316 2665 3363 2714 οἱ
3409 2663 3637 2732 πονηροὶ
3675 2661 3828 2728 λογι-

2231 2757 2380 2827 σμοὶ,
2411 2757 2478 2808 δι’
2508 2751 2582 2808 ὧν
2611 2756 2989 2809 κατεσθίουσιν
3022 2754 3178 2824 ἡμῶν
3205 2753 3306 2824 τὴν
3333 2752 3532 2822 ψυχήν.

2309 2847 2420 2902 Τοῦ
2449 2848 2654 2901 αὐτοῦ.
2682 2847 2802 2900 Τῶν
2835 2845 3228 2898 διαϐαλλόντων
3255 2842 3366 2914 (64)
3399 2845 3432 2914 ἡ
3457 2841 3682 2910 γλῶσσα
3716 2839 3832 2912 μά-

2230 2959 2396 3012 χαιρα
2419 2939 2590 3006 ὀξεῖα,
2615 2941 2710 2994 καὶ
2737 2939 2846 2992 τῶν
2869 2939 3226 2992 διδασκόντων
3252 2937 3320 2990 τὰ
3345 2937 3444 3006 τῆς
3467 2933 3828 3004 ψευδωνύμου

2229 3034 2507 3105 γνώσεως.

2314 3127 2610 3196 ’Υψώθητι
2662 3125 2762 3179 ἐπὶ
2795 3125 2937 3190 τοὺς
2981 3122 3298 3191 οὐρανοὺς,
3328 3125 3360 3176 ό
3402 3121 3566 3186 Θεὸς,
3597 3137 3652 3171 κ.
3689 3137 3738 3171 τ.
3773 3120 3825 3171 ἑ.

2239 3238 2258 3270 ι
2308 3219 2434 3272 Ἐὰν
2465 3218 2664 3288 ὑψωθῶ
2693 3217 2830 3288 (65),
2863 3218 3028 3286 φησιν
3067 3215 3096 3268 6
3127 3215 3340 3286 Σωτὴρ,
3377 3215 3582 3274 πάντας
3609 3211 3830 3264 ἑλκύσω

2154 3297 2196 3353 C
2233 3310 2370 3380 πρὸς
2395 3309 2649 3380 ἐμαυτόν.
2693 3327 2710 3359 ι

2315 3397 2708 3468 Ἐξεγέρθητι,
2755 3399 2794 3465 ἡ
2828 3397 2978 3462 δόξα
3017 3414 3160 3466 μου,
3201 3393 3562 3464 ἐξεγέρθητι,
3597 3390 3832 3460 ψαλτή-

2223 3505 2362 3554 ριον
2402 3489 2501 3542 καὶ
2539 3488 2773 3556 κιθάρα,
2799 3505 2854 3540 κ.
2896 3505 2947 3540 τ.
2985 3488 3032 3538 ὲ.
3061 3486 3229 3552 Δόξαν
3257 3484 3404 3552 λέγει
3434 3484 3544 3553 (66)
3576 3483 3636 3534 τὸ
3667 3481 3830 3552 χάρι-

2235 3595 2348 3647 σμα
2369 3578 2464 3632 τοῦ
2495 3577 2606 3633 νοῦ.
2637 3577 2808 3642 Αὐτὸς
2831 3579 2860 3630 6
2883 3576 3008 3639 νοῦς
3029 3575 3328 3646 ψαλτήριόν
3351 3577 3488 3640 ἐστι,
3511 3573 3572 3628 τὸ
3593 3573 3649 3626 δὲ
3676 3587 3834 3643 περι-

2233 3669 2485 3738 κείμενον
2508 3669 2585 3740 τῷ
2615 3668 2691 3739 νῷ
2714 3707 2730 3733 ,
2763 3669 2902 3739 ὅπερ
2935 3668 3084 3721 ἐστὶν
3107 3670 3140 3739 ἡ
3165 3666 3592 3738 ψυχὴ,ικιθάρα.

2319 3843 2878 3916 Ἐξομολογήσομαι
2933 3859 3036 3900 σοι
3073 3845 3144 3898 ἐν
3183 3843 3376 3909 λαοῖς,
3405 3843 3605 3909 Κύριε,
3647 3839 3832 3909 ψαλῶ

2232 3956 2330 3994 σοι
2356 3939 2426 3990 ἐν
2461 3937 2685 4002 ἔθνεσι,
2710 3955 2764 3990 κ.
2801 3955 2854 3992 τ.
2887 3939 2934 3992 ὲ.
2969 3938 3201 3992 Δύναται
3228 3935 3390 3989 τοῦτο
3429 3935 3566 4004 (66⁸)
3592 3949 3832 4004 προτρε-

2235 4030 2426 4082 πτικὸν
2451 4024 2590 4083 εἶναι
2630 4030 2766 4100 πρὸς
2799 4030 2860 4084 τὸ
2892 4027 3336 4099 ἐξομολογεῖσθαι
3371 4027 3499 4098 περὶ
3537 4024 3830 4097 ἁμαρτιῶν

2233 4125 2290 4175 ὲν
2334 4121 2655 4192 Ἐκκλησία.

2305 4215 2432 4268 ’Ὁτι
2491 4215 2863 4284 ἐμετναλύνθη
2903 4213 3014 4278 ἕως
3061 4211 3180 4266 τῶν
3233 4208 3510 4278 οὐρανῶν
3550 4207 3616 4262 τὸ
3651 4207 3842 4278 ἔλεός

2232 4321 2372 4368 σου,
2411 4305 2510 4358 καὶ
2541 4305 2654 4370 ἕως
2693 4303 2813 4358 τῶν
2850 4301 3123 4372 νεφελῶν
3157 4304 3194 4370 ἡ
3225 4299 3478 4368 ἀλήθειά
3508 4315 3648 4362 σου,
3681 4317 3736 4352 κ.
3784 4319 3838 4356 τ.

2233 4401 2278 4452 ὲ.
2316 4397 2468 4451 Ἐπεὶ
2492 4400 2519 4452 6
2551 4397 2870 4468 ἐλεούμενος
2887 4397 2998 4468 (67)
3036 4395 3198 4467 μέχρι
3233 4394 3510 4465 βασιλείας
3543 4391 3830 4446 ἀναϐαίνει

2232 4489 2342 4543 τῶν
2373 4489 2636 4560 οὐρανῶν,
2679 4488 3023 4561 ἐμεγαλύνθη
3053 4489 3082 4539 ὁ
3115 4488 3262 4550 ἔλεος
3289 4485 3384 4540 τοῦ
3415 4483 3548 4539 Θεοῦ
3586 4486 3691 4548 ἓως
3717 4485 3830 4538 τῶν

2237 4581 2504 4651 οὐρανῶν.

2321 4672 2614 4742 ’Υψώθητι
2657 4671 2758 4725 ἐπὶ
2797 4672 2940 4736 τοὺς
2971 4669 3286 4738 οὐρανοὺς,
3321 4673 3352 4722 ό
3385 4669 3550 4736 Θεὸς,
3584 4670 3682 4724 καὶ
3725 4669 3828 4722 ἐπὶ

2237 4763 2446 4819 πᾶσαν
2497 4764 2612 4832 τὴν
2657 4763 2773 4834 γῆν
2829 4765 2866 4831 ἡ
2920 4761 3071 4825 δόξα
3111 4779 3247 4824 σου,
3305 4777 3358 4814 κ.
3416 4777 3467 4812 τ.
3533 4763 3579 4814 ὲ.
3633 4759 3726 4824 Δὶς
3770 4763 3830 4813 ὲν

2239 4857 2316 4928 τῷ
2349 4857 2460 4929 (68)
2487 4857 2688 4928 ψαλμῷ
2721 4856 2892 4925 τούτῳ
2921 4855 3166 4925 εἴρηνται
3195 4855 3242 4906 οἱ
3273 4853 3367 4906 δύο
3385 4847 3530 4906 οὗτοι
3557 4853 3752 4922 στίχοι.

2801 5037 2858 5090 Ψ
2861 5037 2900 5088 Δ
2909 5037 3094 5090 ΛΜοΣ
3128 5034 3252 5089 ΝΖ’.

2307 5132 2378 5184 Ei
2410 5128 2649 5196 ἀληθῶς
2699 5129 2814 5196 ἄρα
2863 5127 3260 5196 δικαιοσύνην
3287 5127 3547 5190 λαλεῖτε,
3585 5143 3637 5180 κ.
3687 5143 3737 5180 τ.
3775 5125 3826 5182 ὲ.

1733 5280 1779 5311 ⁵⁸
1811 5279 1970 5334 Joan.
2013 5299 2108 5348 xu,
2142 5283 2229 5337 5‘2.

2331 5421 2419 5488 64)
2461 5419 2582 5474 Τῶν
2609 5417 3074 5488 διαϐαλλόντων,
3105 5424 3210 5488 etc.
3241 5415 3454 5470 Eaedem
3507 5415 3748 5470 seliedte.

2331 5422 2419 5488 619)
2461 5422 2582 5474 Τῶν
2609 5422 3074 5478 διαϐαλλόντων,
3105 5424 3210 5470 etc.
3241 5422 3267 5469 Ε

2307 5422 2419 5561 (65)
2461 5490 2603 5561 Ἐὰν
2623 5487 2864 5561 ὑψωθῶ,
2895 5486 3267 5561 etc._l£:ptlctii.

2304 5555 2416 5632 (66)
2447 5559 2640 5624 Δόξαν
2659 5555 2966 5632 λέγειὶειο.
2993 5557 3171 5632 Codex
3203 5555 3566 5632 Coislinianus
3591 5555 3824 5624 primus.

2315 5625 2451 5702 (σθ’)
2483 5625 2957 5694 Δύναταιίτοῦτο,
2980 5639 3084 5682 etc.
3115 5625 3296 5680 Codex
3331 5627 3698 5682 Coislinianus
3735 5643 3824 5682 se-

2240 5703 2471 5756 candus.

2313 5771 2422 5840 (67)
2471 5769 2633 5823 Ἐπεὶ
2663 5772 2695 5823 ό
2722 5769 3098 5840 ἐλεούμενος,
3133 5777 3240 5823 etc.
3277 5765 3439 5821 Idem.

2317 5839 2430 5906 (68)
2465 5840 2560 5906 Δὶς
2593 5841 2660 5893 ἐν
2691 5839 2788 5904 τῷ,
2820 5850 2923 5894 etc.
2959 5839 3122 5892 ldetn.
