4110 6450
333 379 468 435 H73

1303 381 1608 435 Slil.l".(lT.\
1659 381 1720 434 ΙΝ
1762 383 2095 439 l‘h.\l..\lOS.
2142 418 2207 425 —~
2250 387 2445 440 PRM“
2489 386 2644 440 [ΝΗ.

3473 396 3609 450 ιιτι

329 501 558 572 Ἰδωμεν
576 503 627 554 τί
659 503 803 556 ἐστιν
834 502 947 568 (69)
982 502 1193 572 ἀληθῶς
1221 503 1569 572 δικαιοσύνην
1594 502 1794 565 λαλεῖν,
1825 503 1910 555 mi

2029 505 2317 558 Videamus
2347 507 2474 574 quid
2509 505 2582 559 sit
2622 519 2749 559 vere
2777 505 3041 571 justitiam
3079 507 3354 577 proloqui,
3381 517 3436 563 et
3471 525 3606 579 quot

325 597 535 666 ὁσαχῶς
563 595 831 666 ἐνδέχεται
857 594 919 646 τὸ
947 594 1184 648 τοιοῦτον
1220 594 1483 662 γίνεσθαι.
1533 589 1642 646 καὶ
1670 593 1788 646 καθ’
1820 592 1918 645 ’ένα

330 685 427 756 μὲν
458 686 657 757 τρόπον
688 685 1035 756 δικαιοσύνην
1075 685 1190 738 ἔστι
1228 686 1430 746 λαλεῖν,
1485 685 1574 737 ὅτε
1615 684 1745 752 ύγιῆ
1785 684 1916 754 περὶ

325 776 670 846 δικαιοσύνης
719 776 858 846 ἔχων
890 794 972 840 τις
1010 778 1290 846 δόγματα,
1333 777 1460 846 περὶ
1493 779 1699 829 τούτων
1738 775 1915 829 διαλέ-

327 881 481 932 γεται
505 883 516 896 ·
543 867 683 919 κατά
711 868 963 938 δεύτερον
993 867 1049 919 δὲ
1078 868 1278 938 τρόπον
1307 866 1656 938 δικαιοσύνην
1700 885 1785 930 τις
1822 868 1915 920 λα-

326 957 407 1008 λεῖ
435 959 464 1010 ό
487 958 592 1010 ἀπὸ
631 959 974 1030 δικαιοσύνης
1012 958 1428 1030 ἐνυπαρχούσης
1461 962 1524 1029 τῇ
1561 959 1704 1030 ψυχῇ
1739 961 1913 1012 πάντα

326 1047 517 1116 λέγων.
568 1049 899 1118 Συναγαγὼν
941 1050 998 1103 δέ
1044 1069 1128 1114 τις
1175 1050 1485 1120 ἀμφότερα,
1529 1051 1678 1122 εὖροι
1729 1053 1794 1105 ἂν
1824 1054 1916 1106 τὸν

325 1139 542 1210 ἀληθῶς
573 1142 918 1209 δικαιοσύνην
939 1140 1223 1194 λαλοῦντα.
1262 1144 1323 1195 υί
1357 1142 1467 1213 γὰρ
1498 1141 1696 1206 ἔξωθεν
1726 1145 1913 1211 φαινό-

329 1249 478 1301 μενοι
503 1235 612 1296 τοῖς
645 1233 953 1304 ἀνθρώποις
981 1234 1202 1296 δίκαιοι,
1237 1235 1439 1288 ἔσωθεν
1467 1237 1524 1288 δέ
1563 1237 1750 1306 μεστοὶ
1785 1239 1915 1291 ὑπο-

325 1325 557 1395 κρίσεως
591 1326 684 1378 καὶ
716 1325 943 1396 ἀνομίας
960 1328 1341 1396 τυγχάνοντες,
1367 1329 1469 1382 κάν
1485 1329 1690 1383 λαλῶσι
1712 1331 1915 1384 δικαιο-

328 1417 513 1487 σύνην,
543 1419 642 1470 ούκ
662 1418 880 1488 ἀληθῶς
911 1419 1078 1488 αὐτὴν
1113 1419 1386 1474 λαλοῦσιν.
1435 1422 1703 1492 Ἠγοῦμαι
1746 1423 1802 1476 δὲ
1834 1425 1916 1476 ὅτι

324 1510 500 1572 οὐδεὶς
545 1509 767 1563 δύναται
826 1511 1175 1581 δικαιοσύνην
1230 1512 1461 1583 λαλῆσαι
1488 1554 1501 1577 ,
1555 1515 1629 1586 μὴ
1674 1517 1916 1586 μετέχων

325 1604 584 1674 Χριστοῦ,
625 1624 643 1654 ι
674 1606 732 1668 ὃς
767 1605 1000 1677 ἐγενήθη
1028 1609 1160 1677 ἡμῖν
1196 1610 1357 1676 σοφία
1388 1608 1496 1663 ἀπὸ
1520 1610 1679 1672 Θεοῦ,
1706 1610 1914 1664 δικαιο-

326 1697 457 1767 σύνη
478 1714 539 1748 τε
567 1698 658 1750 καὶ
686 1699 958 1767 ἁγιασμὸς
979 1739 992 1762 ,
1027 1699 1120 1753 καὶ
1147 1701 1545 1773 ἀπολύτρωσις.
1587 1722 1605 1753 ι
1662 1704 1913 1756 Ἀκολου-

323 1789 407 1840 θεῖ
441 1789 497 1843 δὲ
524 1789 584 1841 τὸ
612 1789 826 1862 ἀληθῶς
863 1793 1043 1846 λαλεῖν
1082 1793 1431 1866 δικαιοσύνην
1470 1796 1550 1866 τῷ
1579 1797 1740 1850 εύθέα
1792 1798 1913 1868 κρί-

2021 597 2194 650 modis
2221 598 2391 665 possit
2435 599 2535 651 hoc
2579 598 2716 651 ﬁeri.
2750 599 2923 667 Atque
2964 615 3069 652 una
3119 600 3342 670 quidem
3392 602 3605 657 ratione

2020 685 2144 739 licet
2171 687 2423 753 proferre
2465 687 2750 754 justitiam.
2804 689 3024 756 quando
3066 691 3188 759 quis
3221 706 3354 744 sana
3402 693 3467 745 de
3519 692 3608 760 jn-

2017 779 2168 830 stitia
2223 779 2431 833 habens
2467 780 2743 848 dogmata,
2789 782 2853 833 de
2895 781 3088 834 iisdem
3134 783 3374 836 disserit.
3421 784 3608 836 Altero

2019 884 2150 922 vero
2179 873 2341 930 modo
2370 871 2638 940 justitiam
2671 873 2792 940 quis
2833 871 3098 940 loquitur,
3135 875 3223 942 qui
3255 890 3316 927 ex
3355 876 3514 928 insita
3551 877 3601 929 in

2020 961 2205 1014 animo
2237 961 2402 1030 ipsius
2432 960 2644 1028 justitia
2697 972 2892 1016 cuncta
2945 962 3100 1016 dicit.
3156 962 3209 1017 Si
3253 965 3378 1033 quis
3419 975 3602 1018 autem

2019 1056 2316 1116 utrumque
2367 1049 2735 1117 conjunxerit,
2770 1052 3006 1120 reperiet
3039 1069 3163 1106 eum
3205 1055 3294 1121 qui
3330 1070 3458 1109 vere
3515 1053 3605 1122 jn-

2020 1142 2225 1194 stitiam
2262 1141 2541 1208 loquatur.
2571 1143 2672 1209 Qui
2714 1146 2912 1198 enima.
2961 1145 3094 1198 foris
3127 1157 3386 1213 apparent
3423 1147 3602 1202 homi-

2021 1235 2182 1287 nibus
2207 1233 2364 1300 justi,
2391 1235 2537 1287 intus
2571 1245 2749 1288 autem
2789 1237 2931 1305 pleni
2964 1247 3092 1289 sunt
3127 1237 3396 1306 hypocrisi
3425 1247 3478 1292 et
3506 1238 3604 1293 ini-

2019 1324 2228 1393 quitate
2268 1327 2358 1387 ⁵⁶;
2402 1327 2501 1379 etsi
2560 1326 2851 1396 loquantur
2897 1328 3202 1397 justitiam,
3259 1345 3364 1383 non
3421 1340 3600 1384 tamen

2017 1429 2144 1469 vere
2198 1416 2344 1468 illam
2392 1417 2708 1486 loquuntur.
2759 1419 3028 1474 Existimo
3076 1431 3259 1474 autem
3331 1423 3602 1477 neminem

2017 1518 2174 1571 posse
2203 1503 2350 1573 loqui
2378 1505 2673 1574 justitiam,
2706 1509 2798 1577 qui
2834 1525 2940 1562 non
2970 1510 3040 1562 sit
3069 1511 3343 1579 parziceps
3374 1511 3602 1564 Christi.

2024 1614 2044 1648 σ
2074 1600 2162 1666 qui
2197 1596 2376 1652 factus
2411 1610 2496 1652 est
2530 1601 2691 1654 nobis
2733 1603 3002 1669 sapientia
3039 1621 3065 1655 a
3109 1604 3236 1667 Deo,
3285 1614 3340 1658 et
3368 1604 3602 1673 jnstitia,

2016 1698 2070 1742 el
2094 1690 2484 1755 sanctiﬁcatio,
2511 1701 2564 1745 et
2589 1693 2891 1762 redemptio
2913 1694 3002 1747 ⁸⁸⁸.
3041 1715 3058 1744 ι
3093 1695 3264 1748 Porro
3294 1711 3418 1749 vere
3459 1695 3604 1765 loqui

2011 1781 2280 1848 justitiam
2315 1785 2567 1851 sequitur
2598 1797 2664 1836 ex
2702 1794 2851 1838 recto
2879 1786 3111 1854 judicio,
3161 1789 3232 1840 ita
3269 1796 3324 1838 ut
3356 1788 3488 1842 nihil
3531 1790 3604 1843 sit

321 1895 454 1941 νειν,
491 1877 633 1933 ὥστε
681 1883 846 1952 μηδὲν
881 1879 1018 1938 εἶναι
1069 1885 1280 1938 σκολιὸν
1315 1888 1371 1938 ἐν
1404 1889 1516 1950 τοῖς
1552 1888 1784 1958 κρίμασι
1819 1889 1910 1942 καὶ

2016 1877 2297 1946 obliquum
2329 1877 2381 1930 in
2403 1875 2626 1944 judiciis
2651 1887 2708 1931 et
2740 1880 3172 1947 cogitationibus
3199 1881 3316 1950 ejus
3349 1883 3442 1950 qui
3469 1897 3598 1936 vere

319 1970 430 2032 τοῖς
462 1970 744 2042 λογισμοῖς
779 1973 872 2026 τοῦ
904 1974 1122 2047 ἀληθῶς
1150 1977 1502 2048 δικαιοσύνην
1526 1979 1835 2044 λαλοῦντος.

394 2066 500 2116 Καὶ
546 2064 654 2132 γὰρ
699 2065 767 2118 ἐν
797 2067 1012 2134 καρδίῃ
1053 2070 1325 2139 ἀνομίας,
1380 2089 1433 2124 κ.
1484 2089 1534 2126 τ.
1583 2074 1628 2126 ὲ.
1670 2074 1785 2126 Ἵνα
1819 2073 1912 2144 δη-

322 2154 466 2226 λώσῃ
503 2156 610 2225 {70)
643 2161 670 2210 ό
695 2157 850 2227 λόγος
877 2161 1060 2232 πηγὴν
1093 2163 1190 2232 μὲν
1214 2164 1306 2216 καὶ
1331 2164 1505 2236 ἀρχὴν
1534 2165 1713 2238 πάσης
1740 2167 1914 2237 ἀμαρ-

317 2249 436 2310 τίας
470 2249 529 2300 τὸ
567 2249 659 2302 τοῦ
693 2251 896 2318 φαύλου
936 2255 1264 2324 ἡγεμονικὸν
1291 2298 1304 2319 ,
1357 2258 1595 2328 ἀνομιῶν
1628 2260 1912 2331 πεπληρω-

322 2339 502 2405 μένον,
542 2340 617 2406 ὥς
661 2360 711 2395 τι
765 2345 943 2414 ρεὖμα
995 2347 1101 2399 ἀπὸ
1134 2348 1231 2419 τῆς
1266 2350 1402 2418 γῆς’
1453 2349 1552 2421 τὴν
1595 2350 1651 2403 δὲ
1687 2351 1906 2422 πρᾶξιν,

319 2427 385 2500 ἧς
420 2431 686 2502 σύμϐολον
704 2436 755 2487 αἱ
793 2438 992 2507 χεῖρες,
1019 2438 1116 2508 τὴν
1146 2440 1254 2492 ἀπὸ
1281 2441 1374 2493 τοῦ
1413 2442 1740 2513 ἡγεμονικοῦ
1778 2463 1911 2513 προ-

319 2525 578 2594 αχθεῖσαν
611 2529 865 2599 μελέτην·
891 2533 1153 2604 πρότερον
1185 2534 1282 2604 μὲν
1312 2535 1372 2587 τὸ
1394 2537 1535 2590 κατά
1558 2538 1656 2608 τὴν
1682 2538 1910 2608 καρδίαν

321 2619 591 2691 ὠνόμασε,
617 2623 867 2697 δεύτερον
898 2627 954 2680 δὲ
989 2629 1050 2681 τὸ
1080 2630 1221 2682 κατὰ
1254 2629 1354 2693 τὰς
1382 2633 1587 2702 χεῖρας.
1616 2632 1780 2703 Καλή
1809 2634 1910 2700 μὲν

321 2711 422 2781 τῆς
453 2714 728 2786 ἁμαρτίας
765 2719 904 2789 ἀρχή
939 2721 1085 2772 ἐστιν
1116 2721 1223 2774 ἀπὸ
1253 2721 1498 2791 καρδίας,
1538 2723 1630 2774 καὶ
1673 2724 1731 2776 τὸ
1760 2725 1909 2789 τέλος

318 2806 375 2856 ἐν
407 2809 527 2869 ταῖς
571 2809 866 2879 πράξεσιν·
918 2813 1008 2863 ἐπὶ
1052 2813 1107 2866 δὲ
1143 2813 1250 2864 τῶν
1297 2816 1734 2885 ἐπιστρεφόντων
1776 2818 1911 2888 πρὸς

319 2896 448 2948 (θεὸν
493 2898 525 2968 ἡ
561 2898 703 2969 ἀρχὴ
757 2900 852 2970 μὲν
890 2901 998 2953 ἀπὸ
1030 2902 1129 2972 τῆς
1164 2902 1374 2972 ἀποχῆς
1401 2903 1510 2955 τῶν
1550 2903 1736 2956 κακῶν
1774 2906 1912 2974 πρά-

320 2985 485 3051 ξεων·
528 2988 677 3049 τέλος
704 2989 758 3042 δὲ
791 2992 822 3060 ἡ
848 2991 1159 3063 καθαρότης
1189 2993 1286 3062 τῆς
1313 2994 1561 3064 καρδίας.
1595 2995 1798 3065 Ὰιόπερ
1827 2998 1910 3048 ἐν·

316 3078 492 3132 ταῦθα
527 3081 624 3150 μὲν
661 3082 749 3134 ὅτε
793 3082 1105 3151 ἐλέγχονται
1139 3085 1187 3137 el
1214 3085 1423 3153 ψεκτοὶ,
1456 3086 1523 3138 τὰ
1555 3086 1654 3156 τῆς
1683 3087 1909 3158 καρδίας

317 3174 648 3245 ἀνομήματα
695 3176 992 3247 πρότερον,
1039 3179 1130 3230 καὶ
1187 3178 1308 3230 τότε
1363 3177 1429 3231 τά
1486 3179 1906 3251 συμπλεκόμενα

317 3264 626 3337 ἀδικήματα
651 3270 771 3332 ταῖς
794 3286 852 3338 χε
864 3270 980 3338 ρσὶν
1010 3270 1343 3341 ὠνόμασται.
1383 3271 1526 3323 ’Λντὶ
1541 3271 1595 3322 δὲ
1613 3271 1705 3323 τοῦ
1729 3290 1745 3322 ι
1775 3289 1836 3323 συ
1846 3291 1910 3342 μ-

317 3356 578 3412 πλέκουσι
629 3379 648 3412 ι
696 3360 990 3415 Θεοδοτίων
1020 3363 1172 3434 καλή
1213 3363 1436 3434 πέμπτη
1466 3363 1695 3429 έκδοσις,
1735 3385 1752 3416 ι
1795 3365 1912 3419 δια-

317 3451 734 3522 σταθμίζουσιν·
769 3476 786 3506 ι
838 3455 1066 3520 ’Λκύλας
1094 3456 1150 3510 δὲ
1184 3476 1200 3507 ι
1229 3456 1671 3528 διασταθμίζεται
1703 3477 1721 3510 ι
1754 3476 1912 3530 περι-

316 3542 448 3612 έχει.
493 3545 606 3616 Οὐχ
638 3547 711 3610 ὼς
745 3547 923 3619 ἔτυχε,
955 3550 1108 3618 φησι,
1153 3549 1528 3618 συμπλέκουσι
1549 3549 1648 3621 τὴν
1675 3548 1908 3615 ἀδικίαν,

315 3636 450 3691 ἀλλὰ
481 3637 567 3692 διὰ
609 3640 813 3703 ταύτας
842 3642 940 3705 τὰς
971 3641 1191 3704 κακίας,
1226 3641 1543 3706 ἐπελθόντος
1574 3643 1710 3714 αύτῇ
1744 3660 1911 3716 στρα-

315 3733 562 3795 τοπέδου,
595 3733 830 3803 ἔφθασεν
864 3737 896 3806 ἡ
931 3737 1132 3806 ἀνομία
1175 3737 1269 3789 καὶ
1301 3737 1334 3806 ἡ
1363 3735 1663 3804 ἀντιλογία,
1692 3738 1784 3790 καὶ
1819 3739 1912 3791 ἐπὶ

315 3823 382 3876 τὰ
414 3825 565 3896 τείχη
613 3826 786 3895 αὐτῆς
818 3828 944 3889 τοὺς
977 3827 1349 3898 φρουροῦντας
1396 3829 1567 3898 αὐτὴν
1604 3829 1782 3900 ἱεροὺς
1813 3830 1913 3898 ἀγ-

315 3916 505 3984 γέλους
529 3933 542 3945 '
578 3918 669 3970 καὶ
697 3918 801 3987 γὰρ
831 3913 975 3971 οὗτοι
1005 3919 1362 3987 ἐγκατέλιπον
1395 3920 1561 3989 αὐτὴν
1602 3921 1910 3991 ἀνομοῦσαν

317 4008 410 4062 καὶ
438 4007 824 4077 ἀντιλέγουσαν
859 4008 1184 4083 ἑωρακότες.
1232 4012 1376 4064 Διότι
1417 4031 1434 4062 ι
1464 4012 1660 4082 ἀνομία
1695 4015 1781 4065 καλ
1814 4015 1911 4066 πό-

315 4119 426 4166 νος,
461 4122 478 4153 )
515 4102 756 4166 ἐναντίος
784 4105 850 4174 τῇ
883 4104 1143 4175 ἐπαινετῇ
1172 4104 1354 4177 ἡδονῇ,
1391 4123 1408 4155 ι
1430 4107 1485 4157 ἐν
1520 4107 1669 4177 μέσῳ
1696 4108 1864 4177 αύτῆς
1887 4129 1903 4158 ι

315 4195 412 4247 σὺν
465 4194 649 4266 ἀδικίᾳ
697 4195 1007 4266 γεγένηται,
1057 4195 1132 4259 ὡς
1187 4215 1205 4245 ι
1237 4195 1310 4268 μὴ
1367 4197 1639 4250 ἐκλείπειν
1686 4200 1749 4251 ἐκ
1801 4199 1908 4251 τῶν

315 4283 585 4337 πλατειῶν
613 4285 781 4354 αὐτῆς
812 4286 968 4338 τόκον
1003 4286 1097 4339 καὶ
1123 4285 1295 4349 δόλον,
1329 4306 1346 4337 ι
1379 4286 1766 4357 δολιευομένων
1799 4288 1907 4340 τῶν

315 4377 607 4430 οἰκούντων
642 4377 811 4446 αὐτὴν
844 4377 910 4430 δι’
945 4370 1018 4428 ὧν
1047 4378 1300 4447 φρονοῦσι
1351 4378 1602 4449 πονηρῶς
1623 4396 1634 4408 ·
1676 4379 1909 4433 κοπιών-

315 4487 420 4522 των
451 4469 506 4522 δὲ
554 4469 631 4540 τῷ
663 4468 840 4540 αἴρειν
886 4471 969 4538 ἐφ’
1005 4470 1218 4533 ἑαυτοῖς
1270 4470 1330 4522 τὸ
1357 4470 1457 4539 τῆς
1493 4471 1690 4534 κακίας
1718 4472 1902 4542 ἄχθος,

2011 1969 2284 2038 justitiam
2329 1969 2589 2038 loquitur.

2086 2061 2252 2118 Vens.
2297 2065 2350 2118 5.
2411 2063 2621 2118 Etenim
2678 2066 2729 2118 in
2779 2066 2934 2118 corde
2984 2065 3308 2133 iniquitates.
3366 2078 3474 2121 etc.
3528 2066 3599 2122 Ut

2015 2167 2198 2207 sermo
2259 2155 2531 2222 signiticet
2602 2153 2808 2207 fontem
2867 2155 3086 2223 quidem
3139 2171 3202 2207 ac.
3269 2157 3596 2226 principium

2014 2248 2193 2300 omnis
2227 2249 2435 2315 peccati
2469 2263 2589 2302 esse
2619 2258 2854 2302 mentem
2899 2249 3156 2317 improbi,
3191 2267 3311 2318 qnze
3339 2252 3596 2321 iniquita-

2017 2342 2160 2394 tibus
2182 2342 2473 2404 redundat,
2501 2341 2891 2412 sicut-quidam
2917 2341 3096 2394 ﬂuxus
3115 2345 3180 2396 de
3207 2353 3389 2409 terra;
3421 2355 3601 2399 actum

2016 2448 2166 2496 vero,
2207 2433 2361 2500 cujus
2386 2433 2696 2504 symbolum
2741 2445 2867 2487 sunt
2912 2451 3130 2496 manus,
3172 2450 3294 2490 esse
3329 2439 3600 2492 exercita-

2018 2530 2221 2582 tionem
2254 2544 2373 2596 qua?
2410 2544 2437 2580 a
2486 2539 2668 2581 mente
2718 2538 3006 2595 promanat
3047 2543 3059 2589 ;
3100 2527 3335 2596 primum
3382 2529 3603 2595 quidem

2022 2636 2120 2690 per
2151 2635 2245 2674 cor
2281 2621 2606 2686 nominavit,
2639 2621 2940 2674 secundum
2969 2635 3097 2673 vero
3128 2635 3223 2688 per
3255 2634 3469 2674 manus.
3515 2622 3607 2674 At-

2019 2729 2125 2781 que
2153 2715 2362 2783 peccati
2395 2713 2616 2782 quidem
2650 2713 2978 2780 principium
3007 2721 3091 2765 est
3124 2727 3151 2764 a
3182 2714 3372 2770 corde.
3397 2721 3452 2766 et
3482 2713 3606 2766 linis

2017 2806 2066 2858 in
2102 2805 2516 2873 operationibus
2546 2819 2562 2856 :
2595 2805 2647 2857 in
2684 2805 2749 2858 iis
2783 2811 2963 2858 autem
3016 2805 3107 2874 qui
3157 2805 3222 2857 ad
3270 2804 3436 2858 Deum
3474 2819 3607 2859 con-

2016 2907 2324 2961 vertuntur,
2366 2894 2702 2964 principinrn
2735 2895 2956 2947 ducitur
2985 2912 3011 2946 a
3042 2910 3332 2962 pravorum
3379 2905 3600 2950 actuum

2015 2989 2389 3051 abstinentia;
2431 2976 2554 3038 linis
2607 3002 2733 3039 vero
2772 2995 2857 3040 est
2906 2988 3117 3054 put-itas
3155 2989 3362 3043 cordis.
3393 2986 3602 3042 Idcirco

2014 3080 2232 3148 quando
2260 3080 2348 3134 hic
2390 3079 2423 3132 ii
2465 3079 2554 3148 qui
2605 3077 2910 3146 culpabiles
2940 3087 3064 3131 sunt
3101 3079 3600 3146 reprehenduntur,

2015 3171 2248 3239 primum
2282 3171 2480 3223 delicta
2528 3171 2730 3235 cordis,
2764 3184 2828 3224 ac
2869 3171 3065 3224 deinde
3103 3171 3440 3239 iniquitates,
3477 3187 3598 3241 qua:

2017 3262 2268 3314 manibus
2305 3261 2646 3314 concinnata)
2679 3273 2824 3326 sunt,
2858 3261 3236 3316 nominantur.
3269 3262 3374 3316 Pro
3413 3282 3430 3314 ι
3469 3278 3600 3318 con-

2017 3352 2244 3405 cinnant
2290 3370 2308 3401 ι
2382 3361 2563 3406 autem
2627 3351 2966 3405 Theodotion
3039 3361 3094 3405 et
3143 3353 3334 3420 quinta
3406 3353 3600 3419 editio,

2018 3442 2180 3514 735
2217 3464 2234 3494 ι
2266 3444 2495 3508 librant;
2536 3462 2554 3496 ›
2587 3444 2777 3512 Aquila
2815 3458 2942 3498 vero
2972 3463 2990 3494 ι
3027 3443 3193 3498 librat
3230 3465 3248 3496 ι
3281 3444 3463 3498 habet.
3485 3444 3601 3499 Non

2016 3539 2552 3606 quomodocunque,
2607 3537 2804 3606 inquit,
2850 3539 3184 3593 concinnant
3236 3538 3602 3606 iniquitatem,

2015 3631 2108 3684 sed
2166 3642 2389 3698 propter
2455 3631 2555 3684 has
2616 3632 2952 3698 pravitates,
3021 3634 3441 3700 superveniente
3502 3634 3600 3702 ipsi

2015 3721 2286 3783 exercitu,
2339 3723 2593 3790 pervenit
2629 3723 2890 3790 iniquitas
2924 3732 2979 3775 et
3030 3723 3392 3778 contradictio
3431 3725 3600 3778 etiam

2015 3814 2082 3866 ad
2114 3827 2300 3866 muros
2339 3812 2478 3882 ejus,
2507 3815 2761 3868 custodes
2789 3813 3050 3867 nimirum
3093 3813 3210 3881 ejus
3248 3823 3469 3870 sanctos
3501 3830 3603 3868 an-

2013 3907 2163 3977 gelos
2203 3921 2218 3960 :
2257 3907 2310 3961 hi
2368 3907 2513 3960 enim
2560 3907 2704 3960 illam
2761 3908 3163 3971 deseruerunt,
3219 3907 3362 3976 quod
3420 3908 3602 3962 vidis-

2013 4009 2135 4054 sent
2174 4000 2580 4068 delinquentem
2625 4009 2679 4052 et
2708 4000 3200 4053 contradicentem.
3259 3999 3603 4068 Quapropter

2016 4109 2036 4140 ι
2103 4091 2366 4158 iniquitas
2423 4100 2479 4145 ct
2536 4089 2734 4152 labor,
2802 4108 2821 4140 ι
2887 4089 2980 4157 qui
3022 4089 3276 4144 laudabili
3339 4090 3598 4160 voluptati

2011 4182 2324 4238 contrarius
2371 4193 2474 4242 est,
2531 4200 2550 4232 ι
2610 4183 2661 4235 in
2697 4181 2876 4235 medio
2924 4182 3065 4252 ejus,
3110 4199 3128 4232 ι
3165 4197 3287 4236 cum
3329 4182 3596 4251 injustitia

2011 4276 2362 4338 exstiterunt,
2395 4284 2457 4330 ut
2499 4293 2518 4327 ι
2550 4290 2654 4329 non
2691 4276 2949 4329 deliceret
2982 4277 3048 4329 de
3070 4275 3263 4343 plateis
3289 4274 3406 4344 ejus
3433 4290 3596 4330 usura

2010 4379 2066 4422 et
2091 4368 2244 4423 dolus
2267 4372 2336 4436 ⁸⁷,
2366 4388 2384 4421 ι
2409 4369 2602 4423 incolis
2634 4367 2752 4438 ejus
2785 4384 2879 4437 per
2915 4383 2979 4423 ca
3012 4384 3131 4437 quce
3161 4383 3414 4437 perverse
3439 4384 3596 4424 com-

2015 4462 2381 4516 miniscuntur
2417 4461 2604 4516 dolose
2658 4462 2980 4531 agentibus;
3036 4461 3410 4517 laborantibus
3461 4479 3593 4517 vero

318 4561 549 4633 μολίϐδῳ
584 4561 1089 4634 παραϐαλλομένης.
1132 4564 1242 4616 Καὶ
1276 4562 1535 4626 πλατείας
1569 4563 1737 4633 αὐτῆς
1771 4567 1906 4636 ήγη-

2016 4562 2073 4607 ιιι
2123 4553 2381 4608 tollerent
2437 4569 2601 4622 super
2634 4569 2692 4608 se
2734 4571 2871 4608 onus
2922 4554 3163 4617 malitiae,
3197 4570 3318 4623 qua:
3374 4555 3596 4624 plumbo

313 4653 432 4706 τέον
459 4649 598 4707 εἶναι
627 4653 726 4714 τὰς
754 4653 841 4706 διὰ
875 4654 934 4710 τδ
969 4653 1246 4724 φιλήδονον
1280 4653 1651 4719 πλατυνούσας
1682 4657 1902 4720 ἑαυτὰς,

312 4745 391 4816 τῷ
421 4746 517 4817 τὴν
549 4745 808 4798 πλατεῖαν
842 4747 935 4799 καὶ
964 4746 1274 4818 εὐρύχωρον
1311 4747 1514 4801 ὁδεύειν
1553 4747 1694 4813 ὁδὸν,
1724 4750 1906 4802 τουτέ-

315 4855 420 4899 στι,
447 4837 541 4890 τὸν
575 4837 819 4907 ἡδονικδν
853 4840 947 4892 καὶ
975 4841 1273 4910 παθητικὸν
1314 4840 1458 4910 βίον·
1490 4843 1546 4893 ἐν
1578 4841 1770 4905 αύταίς
1796 4842 1903 4913 γὰρ

315 4931 401 4984 ἀεὶ
453 4931 631 5000 μένων
681 4932 710 4982 ό
757 4931 882 5002 περὶ
928 4931 994 4984 τὰ
1030 4933 1176 4986 κακά
1229 4933 1414 4996 κόπος,
1452 4933 1543 4986 καὶ
1587 4933 1615 4984 ό
1649 4934 1775 5005 περί
1806 4935 1904 4998 τὰς

316 5026 532 5088 ἀπάτας
573 5025 742 5089 δόλος,
779 5025 1120 5096 πληροῦσθαι
1173 5031 1318 5080 ποιεί
1352 5029 1430 5089 τὸ,
1473 5048 1489 5078 ι
1520 5030 1634 5082 Ούκ
1661 5027 1906 5093 ἐξέλιπεν

315 5117 380 5170 ἐκ
423 5117 532 5169 τῶν
580 5116 849 5170 πλατειῶν
879 5117 1049 5186 αὐτῆς
1081 5118 1240 5182 τόκος
1268 5123 1361 5172 καὶ
1405 5118 1570 5184 δόλος.
1599 5139 1617 5172 ι
1657 5121 1768 5173 Καὶ
1800 5120 1908 5192 γὰρ

313 5209 793 5281 διασταθμίζοντες
817 5211 1022 5263 ἕκαστα
1044 5209 1148 5264 τῶν
1175 5212 1524 5284 ἀδικημάτων
1550 5215 1627 5276 εἰς
1650 5214 1746 5285 τὴν
1773 5230 1908 5284 συμ-

316 5303 523 5375 πλοκὴν
576 5304 674 5375 τῆς
709 5304 905 5364 κακίας
957 5306 1005 5357 οἱ
1050 5305 1189 5375 πρὸς
1235 5306 1335 5377 τὴν
1389 5307 1604 5360 ἀδικίαν
1642 5307 1907 5378 εὐχερεῖς,

315 5394 649 5458 ἀδιαστάτως
695 5396 978 5469 ἐνεργοῦσι
1034 5396 1101 5449 τὰ
1154 5397 1346 5468 αἱρετά
1400 5401 1480 5462 εἰς
1527 5397 1910 5463 ἀνεξάλειπτον

317 5487 517 5559 στήλην
567 5487 1147 5559 παραλαμϐανομένων
1199 5490 1304 5541 τῶν
1357 5490 1606 5562 πράξεων
1659 5492 1756 5561 τῆς
1798 5491 1912 5544 ἀδι-

316 5583 439 5645 κίας
474 5581 677 5636 αὐτῶν.

385 5766 430 5798 ⁸⁸
479 5763 670 5818 Matth.
721 5779 879 5822 uiti.
916 5763 1006 5818 ‘28.
1083 5763 1150 5795 “‘
1191 5763 1362 5818 lCor.
1404 5779 1442 5826 I,
1484 5763 1574 5817 50.

386 5861 498 5931 (69)
534 5862 782 5932 Ἰὃωμεν
820 5862 876 5912 τί
905 5862 1096 5926 ἐστιν,
1120 5872 1226 5915 etc.
1263 5861 1466 5914 Catena
1517 5859 1782 5914 (Iordcrii.

2013 4656 2385 4721 comparatur.
2441 4647 2604 4717 Atqui
2647 4648 2858 4716 plateas
2896 4647 3016 4717 ejus
3055 4647 3476 4703 existimandum
3517 4659 3600 4703 est

2011 4757 2135 4798 esse
2160 4741 2300 4803 illas,
2343 4754 2462 4807 qua!
2494 4754 2588 4808 per
2617 4753 2860 4792 amorem
2888 4739 3180 4808 voluptatis
3223 4738 3431 4808 seipsas
3460 4742 3598 4794 dila-

2013 4844 2152 4901 tant,
2209 4832 2338 4886 dum
2385 4831 2548 4884 latam
2589 4839 2646 4884 ct
2697 4831 2994 4900 spatiosam
3027 4831 3166 4884 viam
3199 4832 3506 4896 ambulant,
3545 4833 3598 4886 id

2014 4933 2116 4990 est,
2169 4924 2340 4976 vitam
2403 4921 2765 4990 voluptariam
2821 4931 2875 4975 ct
2927 4923 3276 4992 passionibus
3325 4922 3595 4980 deditam:

2017 5033 2141 5071 cum
2183 5017 2327 5068 enim
2361 5014 2414 5066 in
2457 5015 2524 5067 iis
2563 5028 2779 5082 semper
2815 5025 3032 5067 maneat
3065 5014 3216 5068 labor
3244 5015 3390 5068 circa
3435 5016 3596 5077 mala,

2018 5122 2183 5181 atque
2215 5111 2370 5166 dolus
2404 5110 2554 5165 circa
2599 5109 2973 5178 deceptiones,
3008 5110 3133 5165 hinc
3172 5110 3229 5163 lit
3273 5120 3332 5163 ut
3371 5111 3597 5180 implea-

2015 5215 2104 5258 tur
2155 5205 2284 5259 illud
2309 5244 2324 5268 ,
2373 5222 2391 5255 ι
2435 5203 2551 5257 Non
2593 5203 2793 5256 dcl‘ecit
2831 5203 2898 5258 de
2938 5204 3130 5274 plateis
3167 5204 3288 5273 ejus
3327 5219 3489 5257 usura
3543 5214 3599 5256 et

2014 5294 2188 5350 dolus.
2221 5313 2240 5346 ι
2272 5295 2486 5350 Etenim
2520 5294 2644 5348 dum
2674 5294 2864 5363 hi,qui
2902 5297 2968 5348 ad
2997 5295 3338 5364 iniquitatem
3363 5295 3594 5362 prompti

2013 5399 2160 5451 sunt,
2205 5389 2456 5459 singulas
2511 5389 2834 5456 iniQuitales
2882 5389 2948 5440 ad
2985 5403 3153 5441 unum
3196 5386 3415 5440 malitiae
3447 5401 3596 5440 com-

2014 5481 2230 5550 plexum
2260 5481 2488 5545 librant,
2531 5482 2908 5536 indesinenter
2948 5479 3253 5534 desiderata
3283 5477 3594 5546 perliciunt,

2016 5577 2083 5628 ad
2133 5574 2479 5628 indelebilem
2529 5574 2840 5629 columnam
2883 5572 3183 5641 assumptis
3210 5569 3466 5640 operibus
3490 5571 3597 5628 ini-

2016 5665 2240 5737 quitatis
2268 5679 2478 5720 eorum.

1651 5764 1694 5794 ⁸⁷
1745 5761 1891 5819 Psal.
1940 5778 2048 5826 Liv,
2104 5764 2192 5817 ll.

2076 5859 2188 5930 (70)
2227 5859 2359 5912 "Ira
2391 5856 2666 5926 δηλώσῃ,
2703 5865 2808 5911 clc.
2847 5854 3070 5908 Eadem.
