4110 6384
556 345 699 403 Η75

664 461 821 515 Vens.
876 459 928 512 4.
996 456 1219 511 Alienati
1301 464 1423 510 sunt
1483 463 1778 522 peccatores
1838 468 1869 504 α
1931 451 2123 512 vulva,
2158 454 2201 506 Α

557 559 866 607 erraverunt
931 550 994 601 ab
1067 560 1215 600 utero
1251 586 1265 610 ,
1344 546 1504 598 locuti
1570 555 1691 597 sunt
1769 544 1952 611 Ialm,
2020 552 2125 595 etc.

549 642 867 696 Alieuanlur
911 654 939 691 a
977 637 1132 690 vulva
1173 645 1227 689 et
1267 644 1452 687 errant
1490 635 1557 687 ab
1598 645 1753 687 utero
1790 634 1880 702 qui
1926 648 1953 684 a
1996 648 2128 700 pne-

555 733 679 787 ritla
721 745 825 785 non
866 732 931 782 ad
971 729 1263 792 virtutem,
1318 728 1409 781 sed
1450 727 1517 779 ad
1561 725 1823 779 malitiam
1866 726 2127 795 gradiun-

552 834 657 877 tur.

624 915 787 967 Vsus.
819 912 871 969 5.
908 910 1089 964 Furor
1122 910 1231 963 illis
1267 910 1552 963 secundum
1593 906 1993 960 similitudinem
2019 922 2128 958 ser-

546 1007 740 1073 pentis,
776 1006 913 1057 sicut
942 1003 1144 1063 aspidis
1172 1002 1349 1054 surdw
1376 1011 1422 1053 et
1444 1001 1748 1053 obturantis
1786 1014 1942 1051 aures
1972 1015 2118 1061 snas,

547 1108 654 1151 etc.
688 1095 879 1151 Omnis
919 1095 1099 1149 anima
1128 1109 1249 1163 qua:
1287 1094 1559 1147 salutares
1602 1108 1705 1146 non
1734 1091 1885 1145 audit
1918 1106 2127 1145 sermo-

544 1203 662 1253 nes,
706 1189 854 1257 aspis
878 1198 960 1241 est
997 1202 1118 1255 qua:
1148 1186 1367 1239 obturat
1400 1198 1558 1236 aures
1582 1197 1730 1236 suas.

616 1368 891 1437 Ejusdem.
946 1367 1172 1435 Propter
1212 1373 1559 1434 peccatorum
1610 1360 1850 1416 furorem
1894 1359 1983 1428 qui
2034 1367 2121 1414 cst

545 1464 689 1517 sicut
730 1460 885 1513 furor
934 1458 1203 1525 serpentis
1232 1496 1245 1516 .
1289 1456 1488 1509 dicitur
1529 1454 1609 1507 eis
1654 1470 1667 1505 :
1718 1470 1736 1503 ι
1780 1452 2120 1520 Serpentes,

545 1554 821 1625 genimina
872 1552 1183 1618 viperarum
1215 1548 1282 1601 ⁸⁸.
1342 1567 1359 1599 ι
1418 1548 1533 1601 Non
1588 1546 1731 1600 enim
1782 1545 1833 1599 id
1871 1545 2012 1613 quod
2042 1553 2125 1598 est

543 1646 845 1699 secundum
882 1641 1295 1695 similitudinem
1351 1638 1466 1703 Dei,
1504 1639 1600 1693 sed
1638 1640 1782 1707 quod
1815 1646 1902 1691 est
1928 1652 2123 1692 secun-

542 1737 671 1786 dmn
712 1732 1117 1787 similitudinem
1163 1732 1457 1798 serpentis,
1503 1739 1848 1799 receperunt.
1879 1730 1956 1785 Ac
1995 1746 2123 1785 sau-

1940 335 2026 389 EX
2061 333 2363 391 ORIGENF.

3682 342 3821 397 H76

2314 448 2920 518 ‘Aliotptdidnaar
2949 452 3001 504 οἱ
3039 448 3371 521 ἁμαρτωλοί
3412 449 3533 505 ἀπὸ
3566 450 3820 521 μήτρας,

2228 539 2667 607 ἐπλανήθησαν
2724 540 2844 595 ἀπὸ
2894 542 3176 610 γαστρὸς,
3241 542 3559 610 ἐλάλησαν
3596 546 3821 613 ψευδῆ,

2230 650 2282 685 κ.
2317 649 2368 685 τ.
2394 634 2438 685 ἑ.
2495 632 2920 701 Ἀλλοτριοῦνται
2971 634 3081 704 (71)
3119 634 3228 688 ἀπὸ
3279 636 3511 707 μήτρας,
3550 638 3645 689 καὶ
3686 640 3820 693 πλα-

2229 722 2425 777 νῶνται
2458 724 2563 776 ἀπὸ
2610 724 2842 793 γαστρὸς
2873 726 2922 776 οἱ
2971 726 3034 778 ὲκ
3080 725 3269 788 παιδὸς
3299 726 3400 778 οὐκ
3430 727 3523 779 ἐπὶ
3562 727 3661 798 τὴν
3694 729 3820 799 ἀρε-

2232 816 2352 887 τὴν,
2381 816 2495 869 ἀλλ’
2532 817 2624 868 ἐπὶ
2651 817 2751 885 τὴν
2781 816 2980 869 κακίαν
3009 816 3306 880 ὁδεύοντες.

2302 908 2497 977 Θυμύς
2525 909 2728 974 αὐτοῖς
2776 909 2927 961 κατὰ
2977 909 3091 975 τὴν
3129 911 3415 977 ὁμοίωσιν
3454 910 3562 963 τοῦ
3606 911 3818 980 ὄφεως.

2229 1000 2371 1053 ὡσεὶ
2406 999 2667 1065 ἀσπίδος
2712 998 2938 1067 κωφῆς,
2986 999 3085 1052 καὶ
3124 1000 3407 1067 ,βυούσης
3446 1001 3519 1055 τὰ
3557 996 3677 1055 ὦτα
3706 1006 3819 1060 αὺ-

2233 1092 2363 1161 τῆς,
2392 1112 2444 1145 κ.
2471 1110 2519 1145 τ.
2546 1093 2592 1143 ὲ.
2650 1092 2806 1143 Πᾶσα
2851 1090 2996 1161 ψυχὴ
3032 1091 3141 1160 (72)
3190 1091 3264 1162 μὴ
3314 1093 3593 1147 ἀκούσασα
3642 1095 3817 1163 λόγων

2236 1184 2516 1248 σωζόντων
2552 1182 2741 1253 αὐτὴν,
2790 1182 2957 1244 ἀσπίς
3005 1184 3125 1234 ἐστι
3193 1183 3393 1253 βύουσα
3440 1184 3509 1237 τὰ
3553 1178 3671 1238 ὦτα
3721 1187 3815 1239 a6-

2225 1294 2343 1347 της.

2302 1367 2412 1421 Τοῦ
2440 1366 2643 1421 αὐτοῦ.
2703 1365 2802 1417 Διὰ
2831 1364 2921 1417 τὸν
2958 1365 3069 1435 (75)
3098 1364 3174 1429 ὡς
3204 1365 3379 1435 ὄφεως
3420 1366 3527 1420 τῶν
3561 1366 3815 1437 ἁμαρτα-

2224 1462 2421 1515 νόντων
2447 1461 2616 1532 θυμὸν
2662 1460 2881 1529 λέγεται
2911 1462 3093 1524 αὐτοῖς
3112 1477 3125 1490 ⁸
3187 1478 3204 1510 ι
3234 1462 3444 1526 "Docte,
3494 1464 3815 1535 γεννήματα

2224 1554 2483 1625 ἐχιδνῶν·
2548 1572 2568 1605 ι
2622 1554 2695 1623 μὴ
2749 1554 3063 1624 ἀνειληφόσι
3106 1554 3167 1607 τὸ
3211 1558 3331 1610 καθ’
3378 1554 3671 1625 ὁμοιότητα
3718 1555 3814 1608 τοῦ

2223 1646 2380 1710 Θεοῦ,
2414 1645 2550 1699 ἀλλὰ
2581 1645 2673 1698 τοῦ
2700 1645 2895 1712 ὄφεως.
2936 1646 3045 1698 Καὶ
3068 1648 3095 1699 6
3124 1646 3223 1716 μὲν
3257 1645 3409 1713 ἅγιος
3441 1644 3556 1716 βύει
3587 1645 3655 1699 τά
3678 1640 3812 1711 ὦτα,

2226 1739 2314 1792 ἵνα
2342 1738 2415 1810 μὴ
2450 1738 2659 1809 ἀκούσῃ
2704 1738 2885 1808 κρίσιν
2932 1738 3181 1809 αἵματος,
3226 1738 3317 1790 καὶ
3350 1738 3481 1790 ὡσεὶ
3508 1738 3688 1806 κωφὸς
3714 1740 3816 1791 οὐκ

543 1834 665 1879 ctus
712 1823 927 1893 quidem
963 1824 1184 1876 obturat
1244 1837 1430 1881 aures.
1490 1838 1557 1876 ne
1616 1823 1804 1874 audiat
1850 1821 2113 1891 judicium

2226 1806 2415 1884 ἀκούει
2457 1829 2564 1883 τῶν
2609 1806 2898 1902 χειρόνων·
2946 1806 3075 1882 ὁνδὲ
3127 1828 3447 1900 ἁμαρτωλὸς
3491 1830 3590 1882 οὐκ
3626 1829 3814 1883 ἀκούει

543 1917 843 1985 sanguinis,
899 1925 953 1969 et
1015 1927 1270 1984 tanquam
1329 1915 1528 1969 surdus
1583 1929 1688 1967 non
1733 1915 1884 1968 audit
1933 1914 2114 1980 mala;

542 2015 794 2074 peccator
832 2018 1013 2061 autem
1057 2020 1161 2059 non
1215 2005 1365 2059 audit
1421 2006 1601 2067 bona,
1660 2005 2116 2073 quemadmodum

541 2101 689 2169 aspis
728 2100 891 2153 surda
923 2114 1043 2167 qua:
1082 2100 1483 2151 obturataures
1520 2110 1672 2159 snas,
1716 2111 1782 2148 ne
1811 2096 1995 2149 audiat
2024 2109 2119 2149 vo-

539 2207 658 2248 cem
715 2192 1133 2246 incantantium.
1193 2189 1463 2246 Obtnrant
1503 2198 1684 2242 autem
1724 2198 1779 2242 et
1820 2188 1873 2242 hi
1913 2201 2115 2255 aures,

540 2286 608 2339 de
646 2285 844 2353 quibus
903 2298 1083 2339 sermo
1139 2292 1243 2345 est,
1285 2295 1390 2334 non
1449 2280 1677 2335 sensiles
1715 2318 1732 2345 ,
1769 2279 1867 2334 sed
1909 2279 2119 2333 intelle-

540 2378 766 2440 ctuales,
812 2392 877 2431 ne
915 2378 1135 2431 audiant
1173 2391 1267 2430 eos
1303 2376 1393 2445 qui
1423 2375 1692 2445 sapientes
1732 2372 2115 2441 pr0phetarnm

538 2477 593 2522 et
653 2469 1020 2538 apostolorum
1087 2469 1493 2522 incantationes
1563 2465 1842 2520 adhibent.
1904 2462 2108 2517 Horum

540 2559 684 2612 enim
715 2559 1086 2627 unusquisque
1139 2558 1357 2627 Sapiens
1385 2566 1467 2612 est
1510 2556 1873 2611 remediorum
1937 2553 2117 2609 coal‘e-

543 2661 688 2713 ctor,
722 2651 821 2704 hoc
854 2660 957 2713 est,
986 2660 1254 2719 prazparat
1288 2650 1585 2704 remedium
1606 2645 1944 2712 rationabile,
1975 2646 2117 2715 quod

542 2742 746 2810 aspidis
779 2741 1042 2811 impetum
1078 2750 1316 2798 coercet.

618 2832 777 2888 Vens.
814 2834 865 2888 7.
905 2833 1043 2887 Deus
1078 2844 1304 2887 conteret
1331 2834 1528 2900 dentes,
1565 2841 1673 2887 etc.
1722 2849 1741 2884 ι
1773 2830 2050 2899 Confregit
2088 2848 2109 2882 ο

547 2940 646 2990 pro
685 2944 702 2977 ι
746 2926 1056 2995 conl‘uinget
1091 2946 1109 2978 ι
1152 2927 1330 2996 posuit
1356 2941 1451 2996 per
1493 2926 1753 2994 temporis
1783 2924 2116 2977 immutatio.

540 3034 684 3072 nem.
730 3019 840 3074 lloc
866 3031 1044 3073 autem
1095 3020 1234 3073 Dens
1276 3019 1409 3073 facit
1456 3020 1592 3073 bene
1624 3020 1689 3073 de
1719 3018 1850 3088 ipsis
1900 3034 2114 3071 meren-

540 3113 628 3173 do,
685 3128 752 3167 ne
796 3112 1045 3166 homines
1081 3126 1109 3164 a
1140 3126 1198 3181 se
1235 3112 1491 3180 deceptos
1538 3111 1864 3165 devorantcs
1916 3109 2111 3180 majori

538 3203 703 3275 736
754 3203 1023 3271 supplicio
1074 3203 1421 3256 addicuntur.
1484 3202 1652 3255 Porro
1702 3202 1873 3255 molas
1920 3216 2109 3254 eorum

537 3311 752 3364 quoque
803 3294 1092 3365 confregit,
1130 3308 1197 3347 ne
1228 3295 1559 3357 morderent,
1587 3309 1720 3348 neve
1758 3293 2109 3347 devorarent.

539 3384 842 3438 Notandum
896 3395 1100 3450 autem,
1127 3384 1289 3453 juxta
1322 3384 1684 3452 Scripturam,
1719 3384 1889 3438 molas
1915 3400 1943 3436 a
1981 3384 2116 3439 den-

539 3476 681 3528 tilms
714 3474 935 3530 differre
969 3493 983 3529 :
1028 3476 1293 3543 siquidem
1336 3475 1524 3529 dentes
1563 3477 1742 3529 cilium
1774 3476 2019 3530 dividunt
2047 3491 2113 3530 ac

537 3566 818 3630 scindunt,
874 3565 1029 3620 molae
1083 3579 1211 3618 vero
1249 3566 1528 3619 masticant
1581 3582 1645 3620 ac
1702 3575 1998 3621 macerant.
2040 3566 2116 3620 Ut

534 3670 665 3708 vero
698 3670 834 3723 aqua
864 3670 961 3724 per
990 3666 1227 3708 meatum
1255 3656 1544 3722 quemdam
1589 3656 1861 3707 transiens
1885 3654 2113 3708 minime

537 3756 858 3815 permanet,
908 3747 1003 3800 sed
1058 3748 1319 3815 dissipata
1361 3746 1676 3812 evanescit,
1737 3750 1815 3801 sic
1852 3746 2015 3800 etiam
2058 3745 2111 3800 hi

535 3839 964 3893 attennabuntur
1005 3854 1127 3893 cum
1174 3840 1309 3895 nihil
1340 3839 1538 3894 stabile
1569 3855 1631 3894 ac
1661 3855 1988 3910 permanens
2018 3840 2114 3893 ha-

537 3934 720 3986 beant.
767 3931 918 3987 Unde
948 3934 1229 4004 subjungit
1260 3952 1273 3988 :
1312 3952 1330 3985 ι
1372 3932 1619 3988 intendet
1648 3949 1835 3988 arcum
1867 3948 2047 3987 suum.
2088 3951 2106 3981 ι

535 4024 794 4093 Figurate
834 4026 1124 4096 descripsit
1172 4027 1381 4081 illatum
1419 4044 1448 4081 a
1500 4029 1606 4083 Deo
1646 4027 1970 4098 supplicium
2018 4026 2110 4095 qui

534 4119 688 4186 quasi
739 4121 805 4183 de
847 4136 975 4173 arcu
1017 4122 1360 4175 incessanter
1395 4122 1622 4191 sagittas
1664 4122 1868 4174 emittit
1920 4128 1973 4173 et
2002 4134 2112 4173 om-

536 4225 633 4266 nes
672 4213 895 4267 occidit.
932 4212 1141 4265 Tandiu
1169 4214 1337 4278 enim,
1375 4214 1570 4283 inquit,
1611 4213 2112 4285 sagittarnmjacti-

536 4304 635 4357 bus
694 4306 903 4368 utitur,
960 4304 1135 4359 donec
1196 4318 1386 4360 onmes
1442 4305 1806 4374 transligendo
1864 4305 2112 4359 inlirmos

536 4397 853 4451 reddiderit.

609 4489 773 4543 V’sns.
817 4488 873 4543 9.
913 4487 1063 4543 Sicut
1096 4505 1216 4543 cera
1252 4504 1369 4559 quae
1389 4489 1528 4557 ﬂuit,
1558 4486 1903 4555 auieremur;
1931 4502 2110 4553 super-

2224 1921 2333 1974 τῶν
2365 1920 2568 1983 καλῶν,
2598 1918 2797 1989 ὁμοίως
2826 1918 3010 1971 ἀσπίδι
3044 1921 3201 1988 κωφῇ
3246 1917 3443 1988 βυούσῃ
3476 1917 3545 1970 τὰ
3577 1913 3690 1971 ὦτα
3717 1918 3813 1971 αύ-

2224 2013 2343 2083 τῆς,
2368 2012 2456 2065 ἵνα
2492 2011 2565 2082 μὴ
2594 2011 2801 2083 ἀκούσῃ
2828 2010 3010 2080 φωνὴν
3038 2008 3361 2081 ἐπᾳδόντων.
3403 2008 3599 2061 Βύουσι
3628 2009 3686 2061 δὲ
3720 2011 3811 2062 καὶ

2221 2094 2370 2154 οὗτοι
2393 2101 2462 2153 τὰ
2491 2094 2625 2165 ὦτα,
2657 2102 2784 2171 περὶ
2805 2094 2879 2152 ὧν
2907 2101 2935 2151 6
2961 2100 3139 2167 λόγος,
3172 2099 3231 2152 οὐ
3259 2098 3327 2152 τὰ
3353 2098 3455 2169 τῆς
3482 2098 3810 2170 αἰσθήσεως,

2225 2192 2361 2247 ἀλλά
2391 2194 2493 2265 τῆς
2546 2194 2804 2264 νοήσεως,
2836 2194 2983 2256 ὅπως
3030 2194 3102 2263 μὴ
3134 2192 3409 2246 ἀκούσωσι
3455 2192 3564 2246 τῶν
3593 2192 3692 2255 τὰς
3726 2209 3808 2245 σο-

2226 2286 2332 2355 φὰς
2378 2286 2591 2357 ἐπῳδὰς
2640 2285 2986 2359 προφητικὰς
3035 2285 3129 2339 καὶ
3174 2285 3537 2349 ἀωστολικάς
3576 2301 3805 2357 προσφε-

2229 2378 2446 2448 ρόντων.
2508 2379 2727 2432 Τούτων
2770 2380 2879 2449 γὰρ
2930 2377 3160 2441 ἕκαστος
3213 2378 3375 2447 σοφός
3423 2378 3540 2432 ἐστι
3589 2394 3808 2450 φαρμα-

2225 2472 2421 2537 κεύων,
2471 2474 2715 2526 τουτέστι
2770 2471 3049 2536 σκευάζων
3080 2471 3369 2543 φάρμακον
3404 2470 3637 2539 λογικὸν,
3690 2470 3808 2524 ἀλε·

2224 2566 2350 2634 ξοῦν
2376 2563 2476 2638 τὴν
2499 2566 2598 2637 τῆς
2626 2565 2849 2629 ἀσπίδος
2876 2566 3073 2636 ὁρμήν.

2302 2835 2367 2889 '0
2388 2834 2533 2899 Θεὸς
2581 2833 2902 2900 συντρίψει
2951 2833 3093 2899 τοὺς
3143 2832 3412 2896 ὀδόντας,
3472 2849 3598 2885 κ.τ.
3632 2832 3675 2884 ἐ.
3735 2833 3808 2885 Τὸ

2228 2946 2247 2979 s
2274 2926 2597 2981 συνέθλασεν
2626 2946 2643 2976 ι
2680 2924 2789 2994 (74)
2820 2923 2939 2977 ἀντὶ
2968 2923 3062 2975 τοῦ
3098 2943 3113 2974 ι
3145 2922 3429 2975 συνθλάσει
3456 2942 3473 2971 δ
3508 2924 3622 2979 κατ’
3654 2922 3805 2976 ἀλλον

2222 3023 2324 3095 γὴν
2354 3021 2567 3094 χρόνου.
2610 3018 2783 3071 Τοῦτο
2806 3017 2861 3070 δὲ
2888 3017 3072 3077 αὐτοῖς
3102 3016 3129 3066 6
3158 3014 3289 3077 Θεὸς
3314 3016 3457 3066 ποιεῖ
3484 3014 3809 3083 εὐεργετῶν,

2222 3117 2308 3168 ἵνα
2345 3113 2417 3185 μὴ
2441 3111 2811 3174 κατεσθίοντες
2840 3110 2965 3172 τοὺς
2994 3104 3101 3161 ὑπό
3120 3122 3269 3176 σφων
3300 3105 3693 3174 ἀπατωμένους
3718 3106 3802 3157 ἀν·

2219 3205 2470 3279 θρώπους
2496 3201 2906 3275 ὑπερϐαλλούσῃ
2937 3200 3177 3271 τιμωρίᾳ
3201 3197 3491 3250 ὑπεύθυνοι
3522 3196 3807 3265 γένωνται.

2220 3300 2329 3352 Καὶ
2372 3297 2471 3362 τὰς
2504 3296 2676 3367 μύλας
2722 3295 2779 3347 δὲ
2826 3292 3003 3346 αὐτῶν
3036 3290 3379 3353 συνέθλασεν,
3428 3290 3576 3353 ὅπως
3611 3289 3685 3359 μὴ
3704 3289 3807 3342 ιδά-

2219 3408 2408 3453 κνωσι,
2445 3389 2577 3461 μηδὲ
2627 3386 2974 3440 κατεσθίωσι.
3034 3383 3379 3455 Σημειωτέον
3425 3382 3503 3444 δὲ,
3552 3383 3633 3435 ὅτι
3667 3381 3807 3435 κατὰ

2217 3484 2318 3553 τὴν
2365 3480 2583 3553 Γραφὴν
2633 3479 2948 3548 διαφέρουσι
3003 3476 3165 3546 μύλαι
3197 3475 3450 3527 ὀδόντωνο
3490 3476 3539 3527 οἱ
3575 3474 3684 3545 γὰρ
3714 3491 3803 3527 το·

2223 3571 2441 3642 μεύουσι
2474 3572 2567 3622 καὶ
2595 3567 2857 3638 διαιροῦσι
2879 3565 2975 3635 τὴν
3003 3564 3204 3636 τροφὴν
3238 3564 3468 3627 ὀδόντες,
3496 3564 3552 3616 αἱ
3582 3564 3636 3616 δὲ
3671 3580 3806 3633 μασ-

2221 3658 2459 3729 σὼμεναι
2512 3657 2605 3710 καὶ
2653 3656 2959 3709 λεαίνουσαι
2996 3654 3177 3723 μύλαι.
3216 3654 3423 3725 Ὥσπερ
3450 3654 3506 3706 δὲ
3538 3654 3598 3706 τὸ
3617 3654 3804 3708 διαπο-

2221 3751 2508 3821 ρευόμενον
2535 3749 2623 3801 διά
2648 3765 2792 3809 τινος
2824 3748 2991 3817 πόρου
3027 3745 3171 3816 ὕδωρ
3209 3745 3269 3798 ού
3303 3744 3637 3816 παραμένον,
3670 3744 3809 3798 ἀλλά

2221 3842 2477 3897 σκεδαννύ
2487 3858 2644 3913 μενον
2676 3840 3030 3905 ἐξουδενείται
3048 3855 3062 3869 ⁸
3091 3837 3231 3890 οὕτω
3261 3838 3355 3891 καὶ
3376 3832 3520 3891 οὗτοι
3549 3835 3808 3903 ἐξευτελιο

2219 3936 2524 4007 σθήσονται,
2581 3934 2733 3989 οὐδὲν
2785 3933 3000 4002 βέϐαιον
3056 3932 3148 3985 καὶ¹
3204 3932 3522 4003 παράμονον
3569 3929 3803 4001 ἔχοντες.

2220 4028 2381 4079 Ὅθεν
2408 4027 2691 4097 ἐπιφέρει·
2732 4043 2751 4075 ι
2778 4026 3007 4077 Ἐντενεί
3033 4024 3093 4077 τὸ
3142 4023 3293 4087 τόξον
3324 4022 3507 4075 αὑτοῦ.
3537 4041 3553 4073 ι
3612 4022 3807 4092 Ἐσχη-

2218 4122 2411 4191 μάτισε
2460 4120 2556 4191 τὴν
2583 4117 2677 4172 τοῦ
2720 4117 2854 4171 Θεοῦ
2903 4117 3190 4189 τιμωρίαν,
3237 4116 3311 4179 ὡς
3335 4116 3425 4169 ἐπὶ
3448 4114 3624 4181 τόξου,
3654 4132 3807 4167 συνε-

2214 4213 2324 4283 χῶς
2350 4213 2656 4283 πέμποντος
2681 4212 2749 4265 τὰ
2776 4209 2921 4281 βέλη,
2943 4210 3036 4264 καὶ
3061 4211 3267 4271 πάντας
3296 4209 3664 4281 ἀναιροῦντος.
3699 4208 3807 4261 Μέ-

2214 4322 2302 4375 χρι
2320 4304 2425 4375 γὰρ
2446 4303 2719 4366 τοσούτου,
2736 4303 2886 4374 φησι,
2904 4304 3023 4365 ταῖς
3040 4301 3264 4369 ἀφέσεσι
3278 4301 3473 4371 χρῆται
3486 4299 3593 4353 τῶν
3612 4298 3804 4367 βελῶν,

2218 4394 2410 4465 μέχρις
2458 4393 2524 4447 ἂν
2571 4393 2777 4455 πάντας
2806 4390 3181 4456 κατατοξεύων
3210 4390 3454 4454 ἀσθενεῖς
3478 4390 3799 4462 ἐργάσηται.

2302 4485 2460 4539 Ὠσεὶ
2506 4484 2688 4552 κηρὸς
2715 4482 2914 4548 τακεὶς
2941 4480 3551 4550 ἀνταναιρεθήσονται
3571 4496 3584 4511 ⁸
3616 4480 3805 4533 ἔπεσε

542 4582 731 4634 cecidit
782 4581 923 4648 ignis
976 4591 1023 4634 et
1073 4596 1175 4635 non
1225 4580 1465 4635 viderunt
1497 4578 1680 4643 solem,
1709 4588 1817 4630 etc.
1846 4578 2111 4645 Quem-ad

2223 4577 2337 4645 πῦρ
2358 4577 2453 4630 ἐπ’
2483 4547 2723 4642 αὑτοὺ-ς,
2765 4576 2863 4629 καὶ
2889 4547 2999 4629 οὐκ
3036 4547 3201 4628 είδοῆ
3227 4547 3332 4627 τὸιέ
3364 4574 3559 4641 ἥλιον,
3593 4591 3646 4626 κ.
3674 4590 3724 4625 τ.
3751 4574 3798 4625 ὲ.

538 4671 758 4723 modum
799 4670 944 4725 melli
975 4670 1292 4739 supervenit
1316 4684 1467 4735 cera,
1503 4669 1574 4722 ita
1599 4677 1654 4722 ct
1689 4668 1892 4721 malitia
1918 4668 2114 4722 anima:

544 4760 881 4814 rationabili.

608 4845 884 4915 Ejusdem.
927 4847 1097 4914 Quem
1140 4856 1199 4903 ut
1236 4849 1405 4903 solem
1446 4864 1550 4904 non
1587 4850 1839 4904 viderunt
1873 4892 1887 4917 ,
1946 4866 2114 4921 expe-

538 4938 750 4993 rientur
772 4947 831 4992 ut
871 4939 1076 5008 ignem.

610 5025 770 5080 Vnus.
800 5028 885 5082 Η.
916 5026 1211 5082 Lwtabitur
1229 5028 1409 5097 justus
1443 5046 1557 5084 cum
1584 5031 1767 5085 viderit
1804 5033 2109 5097 vindictam,

535 5128 640 5171 etc.
672 5116 983 5175 Peccatoris
1022 5121 1340 5191 supplicium
1371 5123 1701 5178 securiorem
1731 5133 1787 5178 et
1835 5126 2111 5193 puriorem

530 5206 732 5275 justum
757 5210 939 5266 eﬂicit.

606 5348 651 5380 ⁵⁸
677 5348 871 5404 Matth.
898 5366 1031 5404 xxnt
1059 5392 1073 5417 ,
1103 5351 1193 5406 35.

606 5458 719 5533 (7t)
747 5463 1241 5531 Ἁλλοτριοῦνται,
1260 5474 1367 5521 etc.
1396 5466 1624 5522 Schedaa
1644 5464 1831 5521 Grabii
1855 5473 1911 5521 et
1941 5466 2111 5521 codex

535 5530 902 5601 Coisli'nianus
932 5536 1157 5601 primus.

609 5600 719 5671 ('12)
743 5600 1144 5671 Πᾶσαψυχή,
1175 5615 1278 5659 etc.
1322 5604 1485 5660 Iidem
1519 5620 1651 5658 mss.

610 5670 722 5734 (73-)
753 5672 855 5723 Διὰ
883 5674 1009 5731 τόν,
1059 5670 1163 5726 etc.
1198 5674 1378 5728 Codex
1419 5674 1785 5730 Coislinianus
1815 5676 2104 5731 secundus.

609 5738 723 5809 (74)
755 5740 1252 5811 Τὸ,συνέθ.ςιασεν,
1287 5755 1389 5798 etc.
1430 5745 1571 5799 Idem
1619 5749 1783 5800 codex
1816 5759 1869 5802 ct
1906 5748 2108 5801 Catena

2219 4670 2429 4741 Ὥσπερ
2471 4668 2548 4739 τῷ
2580 4667 2691 4738 (75)
2734 4667 2906 4738 μέλιτι
2954 4665 3335 4735 ὲπισυμϐαίνει
3389 4665 3578 4737 κηρὸς,
3626 4663 3801 4727 οὕτως

2217 4759 2385 4812 κακία
2415 4757 2560 4828 ψυχῇ
2594 4757 2812 4827 λογικῇ,

2294 4850 2404 4904 Τοῦ
2433 4848 2637 4902 αὐτοῦ.
2681 4850 2777 4899 Ὃν
2820 4846 2895 4909 ὡς
2938 4845 3088 4917 ἥλιον
3123 4845 3232 4917 (76)
3268 4847 3368 4900 οὐκ
3411 4841 3569 4910 εἶδον,
3597 4845 3673 4909 ὡς
3700 4864 3801 4900 πυ-

2219 4941 2311 5011 ρὸς
2340 4938 2784 5009 πειραθήσονται.

2285 5034 2329 5082 Ε
2340 5028 2779 5099 ὺφρανθήσεται
2834 5026 3060 5092 δίκαιος
3114 5026 3260 5080 ὅταν
3315 5026 3412 5095 τδῃ
3459 5025 3799 5093 ἐκδίκησιν,

2218 5142 2273 5178 κ.
2298 5140 2348 5176 τ.
2373 5125 2420 5176 ὲ.
2466 5123 2528 5174 ’Π
2562 5122 2781 5183 κόλασις
2811 5119 2921 5190 (77)
2963 5117 3055 5172 τοῦ
3094 5118 3417 5192 ἁμαρτωλοῢ
3462 5118 3800 5187 ἀσφαλέστε-

2223 5231 2312 5287 ρον
2345 5214 2440 5267 καὶ
2466 5210 2847 5283 καθαρώτερον
2878 5211 2966 5263 τὸν
2996 5210 3202 5265 δίκαιον
3232 5210 3620 5281 ἀπεργάζεται.

2220 5470 2488 5525 Corderii.

2284 5541 2397 5611 (75)
2429 5542 2653 5609 Ὥσπερ
2690 5538 2790 5604 τῷ,
2834 5548 2937 5595 etc.
2993 5538 3218 5595 Scheda:
3269 5538 3456 5594 Grabii
3504 5548 3558 5594 et
3613 5538 3797 5595 codex

2218 5609 2581 5665 Coislinianus
2609 5612 2837 5679 primus.

2287 5681 2399 5751 (76)
2431 5682 2530 5733 Ὃν
2559 5677 2637 5747 (bc
2667 5680 2865 5747 ἣλιον,
2899 5687 3005 5751 etc.
3035 5677 3196 5751 iidem
3233 5692 3369 5733 mss.

2292 5749 2403 5821 (77)
2441 5750 2500 5803 Ἡ
2537 5752 2809 5815 κόλασις,
2840 5759 2941 5803 etc.
2975 5749 3137 5802 Iidem
3166 5763 3294 5801 mss.
