4110 6402
368 380 503 432 v.17

1328 364 1637 423 SELECTA
1671 362 1736 416 IN
1773 359 2110 416 PSALMOS.
2150 390 2218 400 ——
2258 359 2452 415 PSAL.
2489 357 2623 412 LIX.

3500 363 3635 416 I418

443 493 553 547 Τοῦ
582 491 791 546 αὑτοῦ.
842 488 900 540 '0
953 486 1158 547 δίκαιος
1207 482 1341 552 (78),
1377 480 1520 551 ὀρῶν
1550 478 1611 531 τὸ
1658 478 1820 547 σοφὸν
1853 476 1950 545 τῆς

2126 472 2403 541 Ejusdem.
2461 472 2647 527 Justus
2695 472 2883 528 videns
2935 474 3256 542 sapientiam
3321 474 3489 531 divini
3552 480 3633 547 iu-

371 587 453 649 ιίς
472 587 532 639 τὸ
557 581 876 646 κολάζεσθαι
898 580 1022 641 τοὺς
1044 576 1260 636 ἀδίκους
1283 572 1432 635 θείας
1452 570 1706 641 κρίσεως,
1728 568 1957 635 εὐφραν-

368 679 615 750 θήσεται.

923 844 1215 899 ΨΑΛΜΟΣ
1256 843 1367 894 NII’
1378 880 1391 894 .

452 943 691 1007 Ἐξελοῦ
741 957 816 1009 με
856 940 924 992 ἐκ
972 937 1090 989 τῶν
1131 933 1359 1004 ἐχθρῶν
1390 951 1532 1001 μου,
1569 935 1600 985 ὀ
1627 932 1769 996 Θεός
1818 946 1959 998 μου,

369 1052 420 1088 ιι.
444 1054 494 1091 τ.
520 1036 568 1089 ὲ.
587 1035 684 1087 Διά
711 1033 769 1085 τὸ
800 1030 931 1101 (79),
957 1049 975 1079 ‹
1004 1029 1166 1079 Ἀνευ
1185 1026 1415 1095 ἀνομίας
1439 1024 1673 1097 ἔδραμον
1708 1023 1801 1075 καὶ
1830 1039 1962 1077 κατ-

369 1124 562 1178 εύθυνα
581 1141 592 1153 ·
622 1142 640 1173 ι
679 1123 769 1176 καὶ
810 1120 896 1172 διὰ
918 1119 996 1181 τὸ,
1039 1136 1056 1167 ι
1082 1117 1153 1169 Τὸ
1183 1116 1380 1187 κράτος
1412 1132 1511 1185 μου
1538 1114 1672 1184 πρὸς
1706 1113 1765 1165 σὲ
1793 1112 1961 1181 φυλά-

367 1214 460 1278 ξω,
483 1232 502 1265 ι
533 1214 561 1265 ὁ
600 1212 791 1281 Σωτὴρ
824 1209 969 1276 λέγει
1005 1208 1095 1259 τὸν
1124 1203 1337 1275 ψαλμόν
1358 1221 1370 1233 ·
1418 1204 1511 1256 καὶ
1541 1202 1629 1255 διὰ
1656 1202 1737 1259 τὸ,
1770 1220 1787 1251 ‹
1812 1202 1953 1272 Πρό-

366 1321 491 1375 σχες
513 1302 608 1355 τοῦ
640 1298 1040 1370 ἐπισκέψασθαι
1069 1298 1244 1350 πάντα
1273 1296 1341 1349 τὰ
1374 1294 1522 1365 ἔθνη.
1550 1314 1569 1346 ι

434 1480 564 1532 Ὅτι
614 1476 743 1531 ιδοὺ
795 1474 1135 1541 ἐθήρευσαν
1179 1472 1294 1541 τὴν
1322 1470 1535 1541 ψυχήν
1569 1488 1711 1540 μου,
1748 1488 1802 1524 κ.
1826 1488 1875 1524 τ.
1902 1472 1947 1524 ὲ.

376 1569 712 1642 Ἐθήρευσαν
759 1566 868 1637 (80)
920 1566 1018 1634 τὴν
1062 1564 1241 1635 ψυχήν
1292 1580 1392 1633 μου
1426 1564 1475 1615 oi
1530 1563 1801 1632 κραταιοὶ,
1856 1562 1951 1615 καὶ

364 1660 614 1716 ἐπέθεντό
648 1676 755 1729 μοι.
798 1657 911 1710 Οὐκ
937 1660 999 1709 ὲκ
1039 1654 1340 1725 παρέργου,
1375 1652 1529 1721 φησὶ,
1556 1652 1653 1723 τὴν
1686 1651 1821 1721 πρὸς
1852 1651 1951 1719 ἐμὲ

364 1755 544 1826 μάχην
574 1752 903 1815 ἐνίστανται,
934 1748 1046 1800 ἀλλ’
1084 1745 1404 1807 ἐπίκεινται,
1439 1744 1513 1814 μὴ
1562 1743 1766 1813 βραχὺν
1812 1742 1953 1795 ὲκδι-
1986 1787 2025 1840 Β

362 1845 539 1907 δόντες
575 1842 786 1914 καιρὸν,
836 1839 997 1893 παντὶ
1047 1839 1104 1891 δὲ
1154 1838 1341 1908 τρόπῳ
1386 1834 1747 1905 πολεμοῦντες
1781 1835 1948 1903 ἡμᾶς.

364 1935 668 2006 Κραταιοὺς
698 1933 753 1985 δὲ
799 1927 971 1993 εἷπεν,
1007 1929 1145 1982 ὥστε
1190 1929 1283 1981 καὶ
1341 1927 1451 1980 ἀπὸ
1498 1926 1597 1995 τῆς
1642 1923 1949 1995 προσούσης

362 2029 541 2091 αὐτοῖς
586 2024 767 2096 ἰσχύος
800 2024 1023 2096 μείζονα
1051 2021 1218 2088 δεῖξαι
1249 2022 1346 2091 τὴν
1389 2018 1508 2073 κατ’
1537 2016 1701 2071 αὑτοῦ
1730 2014 1951 2068 ἐπιϐου-

361 2121 480 2170 λήν.

432 2134 480 2170 ν.

395 2118 606 2261 ήἌνευ
641 2204 895 2272 ἀνομίας
918 2201 1179 2269 ἔδραμον
1217 2199 1315 2253 καὶ
1356 2198 1713 2261 κατεύθυνα,
1746 2213 1798 2249 κ.
1826 2213 1875 2247 τ.
1900 2196 1946 2247 ὲ.

373 2300 432 2353 '0
478 2299 653 2366 λέγων
683 2297 791 2367 (81)
818 2314 829 2327 ·
870 2316 887 2346 ι
917 2296 1021 2348 Τὸν
1054 2292 1239 2361 ἀγῶνα
1287 2292 1376 2345 τὸν
1409 2291 1573 2344 καλὸν
1616 2287 1949 2360 ἠγώνισμαι,

361 2391 454 2445 τὸν
504 2389 702 2462 δρόμον
735 2387 1011 2451 τετέλεκα,
1047 2386 1143 2456 τὴν
1178 2385 1359 2437 πίστιν
1409 2384 1715 2454 τετήρηκα·
1739 2400 1757 2433 ι
1792 2382 1952 2451 φήσει

359 2483 440 2547 τὸ,
467 2500 484 2532 ι
512 2483 672 2535 Ἀνευ
702 2479 928 2550 ἀνομίας
964 2479 1195 2550 ἔδραμον
1221 2478 1315 2531 καὶ
1338 2474 1640 2530 κατεύθυνα
1659 2489 1670 2503 ·
1696 2492 1714 2525 ›
1736 2473 1769 2543 ἢ
1796 2473 1953 2524 ὁΣω-

362 2573 466 2645 τὴρ
499 2571 697 2644 μᾶλλον
724 2570 895 2625 ταῦτα
930 2572 1112 2640 φήσει.

436 2664 547 2718 Τοῦ
578 2662 786 2718 αὑτοῦ.
840 2663 955 2715 Οὐκ
1012 2661 1129 2714 ἔστι
1165 2660 1272 2731 (8‘2)
1320 2657 1647 2713 κατευθῦναι
1699 2656 1797 2729 τὴν
1840 2656 1955 2710 ὁδὸν

363 2756 461 2827 τὴν
496 2754 789 2808 εἰποῦσαν·
846 2771 863 2804 ι
888 2751 1027 2822 Ἐγώ
1073 2752 1187 2822 εἰμι
1236 2752 1269 2822 ἡ
1303 2749 1454 2813 ὁδός·
1483 2769 1501 2802 ι
1542 2749 1615 2821 μὴ
1668 2748 1794 2802 ἄνευ
1834 2750 1957 2801 ἀνο-

366 2849 495 2918 μίας
532 2848 829 2919 δραμόντα.

448 2940 819 3010 Ἐξεγέρθητι
884 2941 971 3003 είς
1034 2936 1418 3002 συνάντησιν
1474 2952 1615 3004 μου,
1685 2935 1781 2987 καὶ
1842 2933 1953 2997 ἴδε,

370 3048 425 3084 κ.
449 3048 499 3084 τ.
525 3031 573 3085 ὲ.
614 3029 709 3091 Τίς
737 3028 844 3098 ἄρα
880 3027 990 3096 (85)
1038 3025 1218 3088 ἱκανὸς
1266 3026 1438 3076 εἰπεῖν
1472 3022 1549 3093 τῷ
1592 3021 1737 3092 Θεῷ·
1775 3040 1796 3075 ι
1839 3021 1953 3089 Ἐξ·-

362 3121 620 3192 εγέρθητι
652 3122 730 3183 είς
758 3118 1082 3188 συνάντησίν
1115 3134 1239 3186 μου,
1270 3116 1362 3168 καὶ
1391 3114 1499 3179 ῖδε;
1527 3132 1546 3165 ›

438 3209 546 3263 Τοῦ
574 3208 779 3262 αὑτοῦ.
823 3207 913 3277 Τῷ
964 3206 1074 3278 γὰρ
1128 3204 1471 3258 ἀναϐαίνοντι
1504 3202 1615 3274 (84)
1663 3202 1731 3255 δι’
1767 3200 1950 3270 ὑγιοῦς

364 3301 480 3371 βίου
516 3300 651 3373 πρὸς
695 3299 826 3353 Θεὸν
877 3298 1207 3369 ἐξεγείρεται
1241 3296 1320 3360 είς
1366 3295 1689 3365 συνάντησιν
1737 3295 1765 3347 ὁ
1798 3292 1950 3357 Θεός.

364 3396 473 3447 Καὶ
501 3397 559 3448 ὲν
593 3393 668 3464 τῷ
697 3391 1014 3462 Εύαγγελίῳ
1059 3391 1115 3443 δὲ
1148 3392 1175 3442 ὁ
1210 3389 1392 3461 πατὴρ
1422 3390 1641 3459 ἀπαντᾷ
1668 3387 1746 3458 τῷ
1780 3390 1949 3440 ὲπαν-

368 3484 647 3557 ερχομένῳ
674 3486 807 3557 πρὸς
834 3482 994 3536 αύτὺν
1029 3480 1149 3551 υἱῷ.

430 3578 543 3632 Καὶ
578 3577 847 3646 ῥομφαία
894 3575 964 3628 ἐν
1010 3574 1133 3639 τοῖς
1162 3573 1435 3643 χείλεσιν
1472 3571 1692 3636 αὐτῶν,
1729 3588 1783 3625 κ.
1814 3589 1864 3624 τ.
1892 3572 1939 3623 ὲ.

372 3668 639 3740 Ῥομφαία
687 3667 797 3739 (85)
845 3669 902 3719 ὲν
960 3669 1070 3729 τοῖς
1121 3666 1324 3736 χείλεσι
1385 3666 1491 3719 τῶν
1542 3665 1802 3737 δύσφημα
1850 3667 1943 3719 καὶ

360 3760 536 3830 ἀσεϐῆ
575 3758 929 3812 διδασκόντων
969 3756 1308 3827 ἑτεροδόξων.

429 3850 529 3919 Μὴ
566 3850 929 3916 ἀποκτείνῃς
980 3847 1222 3913 αὐτοὺς,
1264 3846 1497 3916 μήποτε
1548 3846 1946 3901 ἐπιλάθωνται

361 3943 467 3997 τοῦ
516 3942 703 4011 νόμου
742 3956 878 4007 σου,
935 3957 988 3992 κ.
1026 3957 1075 3991 τ.
1102 3940 1148 3991 ὲ.
1203 3938 1538 3991 Ἀποκτείνει
1575 3938 1796 4001 τούτους
1843 3938 1951 4007 (86)

358 4038 387 4089 ὁ
440 4033 643 4105 Κύριος
686 4031 778 4095 οὓς
835 4032 1108 4101 συγχωρεῖ
1157 4031 1249 4083 ἐπὶ
1308 4029 1440 4083 πολὺ
1488 4030 1856 4100 ἁμαρτάνειν·
1890 4032 1953 4081 ὲκ

360 4127 470 4199 γάρ
501 4126 692 4180 τούτου
742 4124 1030 4196 συμϐαίνει
1080 4123 1250 4195 λήθην
1294 4122 1546 4191 γενέσθαι
1591 4120 1759 4175 Θεοῦ·
1820 4140 1838 4172 ι
1864 4122 1948 4174 Ἐν

364 4219 475 4292 γὰρ
504 4218 581 4290 τῷ
607 4217 707 4288 ᾅδῃ
740 4217 823 4282 τίς
855 4216 1305 4287 ὲξομολογήσεταί
1336 4232 1450 4280 σοι;
1481 4234 1497 4265 ι

436 4310 543 4364 Καὶ
571 4308 641 4373 ἐξ
674 4306 824 4376 ἀρᾶς
852 4308 947 4361 καί
987 4307 1254 4376 ψεύδους
1281 4306 1779 4375 διαηελγὶσονται
1808 4321 1951 4359 συν-

362 4398 602 4464 τέλειαι,
632 4398 701 4451 ἐν
739 4395 885 4467 ὀργῇ
913 4397 1285 4463 συντελείας,
1314 4396 1413 4449 καὶ
1436 4400 1507 4450 οὺ
1527 4397 1613 4467 μὴ
1647 4396 1950 4464 ὑπάρξου-

361 4504 450 4556 σι,
482 4508 535 4545 κ.
558 4508 608 4544 τ.
635 4492 682 4543 ὲ.
737 4490 869 4562 Ἀρὰ
900 4491 993 4543 κα)⁸
1034 4488 1226 4559 ψεῦδος
1267 4489 1376 4560 (87)
1428 4489 1575 4542 αἰτία
1630 4489 1730 4559 τῆς
1760 4506 1950 4542 συντε-

361 4580 545 4646 λείας·
583 4583 658 4647 ώς
704 4583 753 4635 εί
803 4582 878 4653 μὴ
907 4580 1081 4636 ταῦτα
1123 4578 1211 4652 ἦν,
1254 4580 1377 4635 οὔτε
1420 4580 1558 4651 ὀργὴ
1606 4578 1729 4632 οὔτε
1763 4580 1946 4634 συντέ-

361 4672 483 4728 λεια
510 4670 599 4747 ἦν.

936 4852 1228 4906 ΨΑΛΜΟΣ
1256 4851 1383 4906 ΝΘ’.

446 4946 509 4999 '0
537 4945 701 5012 Θεὸς,
726 4944 944 4999 ἀπώσω
976 4947 1151 5015 ἡμᾶς,
1188 4961 1239 4996 κ.
1268 4961 1318 4995 τ.
1348 4944 1395 4996 ὲ.
1434 4942 1520 5006 Ὠς
1554 4942 1619 4995 ἐκ
1649 4943 1946 5015 προσώπου

2064 564 2191 618 dicii
2247 578 2354 632 quo
2407 564 2576 633 iniqui
2646 565 2913 634 supplicio
2976 566 3318 621 destinantur
3352 608 3365 633 ,
3426 565 3634 624 laetabi—

2066 662 2176 706 tur.

2580 836 2899 892 PSALMUS
2937 836 3115 893 LVIII.

2132 926 2295 983 Vens.
2336 930 2385 981 1.
2433 929 2590 997 Eripe
2638 947 2716 983 me
2741 931 2805 984 de
2840 930 3066 987 inimicis
3100 934 3249 997 meis,
3281 932 3413 987 Deus
3445 950 3589 988 meus
3613 974 3631 999 ,

2065 1034 2171 1077 etc.
2206 1022 2437 1091 Propter
2468 1023 2621 1089 illud,
2659 1041 2677 1073 ι
2719 1021 2847 1077 Sine
2893 1025 3179 1095 iniquitate
3211 1026 3428 1080 cucurri
3466 1034 3519 1080 et
3548 1026 3632 1081 di-

2063 1112 2221 1178 rexi,
2281 1132 2299 1163 ›
2353 1121 2408 1166 et
2461 1124 2682 1183 propter
2738 1114 2912 1168 illud:
2949 1134 2967 1166 ι
3013 1115 3409 1169 Fortitudinem
3455 1132 3630 1169 meam

2062 1204 2127 1257 ad
2172 1212 2225 1257 te
2263 1204 2594 1268 custodiam,
2646 1223 2665 1256 ι
2707 1204 2958 1259 Salvator
2996 1208 3141 1261 hunc
3180 1208 3442 1273 psalmum
3466 1208 3629 1272 dicit;

2062 1309 2270 1349 necnon
2307 1305 2526 1365 propter
2560 1297 2689 1351 illud
2725 1312 2739 1350 :
2776 1317 2794 1349 ι
2829 1297 3050 1353 Intende
3080 1300 3146 1352 ad
3170 1298 3476 1352 visitandas
3515 1312 3632 1350 om-

2059 1401 2155 1440 nes
2194 1395 2402 1455 gentes.
2432 1407 2449 1438 ι

2128 1478 2292 1531 Vens.
2333 1478 2386 1531 4.
2433 1478 2572 1543 Quia
2604 1496 2720 1534 ecce
2767 1482 2940 1536 venali
2984 1492 3105 1536 sunt
3150 1482 3382 1535 animum
3417 1498 3586 1537 meam
3617 1523 3631 1546 ,

2057 1568 2370 1625 elc.Vcnati
2397 1580 2525 1623 sunt
2562 1571 2796 1625 animam
2830 1587 3003 1627 meam
3046 1572 3231 1639 fortes,
3265 1583 3314 1628 et
3357 1574 3633 1628 irruerunt

2059 1660 2110 1713 in
2137 1675 2238 1713 mc.
2283 1659 2397 1713 Non
2426 1662 2621 1724 obiter,
2658 1661 2851 1731 inquit,
2891 1672 3080 1716 contra
3110 1678 3196 1716 me
3232 1664 3476 1730 praelium
3502 1679 3626 1717 con-

2060 1748 2319 1812 citarunt,
2361 1750 2456 1803 sed
2492 1750 2746 1815 irruttnt,
2800 1766 2867 1805 ne
2917 1753 3084 1806 breve
3144 1752 3359 1820 quidem
3420 1764 3631 1823 tempus

2058 1840 2444 1909 indulgentes,
2503 1842 2597 1895 sed
2665 1842 2811 1895 omni
2874 1843 3034 1896 modo
3094 1857 3196 1896 nos
3234 1853 3626 1914 oppugnantes.

2053 1932 2249 1986 Fortes
2300 1941 2479 1985 autem
2541 1933 2720 1996 dixit,
2776 1942 2836 1987 ut
2892 1935 3054 1987 etiam
3117 1947 3181 1987 ex
3236 1935 3453 1990 viribus
3509 1951 3630 2004 quae

2057 2024 2191 2092 ipsis
2246 2023 2432 2076 insunt
2488 2020 2725 2091 majores
2766 2025 3029 2078 adversus
3079 2039 3137 2080 se
3172 2024 3397 2080 insidias
3441 2036 3627 2081 osten-

2054 2116 2225 2169 deret.

2127 2207 2287 2263 Vens.
2346 2210 2400 2265 5.
2444 2207 2572 2265 Sine
2620 2209 2901 2280 iniquitate
2935 2209 3147 2262 cucurri
3178 2221 3223 2263 et
3284 2210 3484 2274 direxi,
3518 2219 3626 2264 etc.

2056 2298 2155 2365 Qui
2203 2301 2338 2355 dicit
2389 2320 2453 2355 τι
2509 2301 2718 2355 Bonum
2778 2310 3054 2354 certamen
3106 2302 3311 2353 certavi
3343 2341 3357 2364 ,
3413 2316 3629 2354 cursum

2059 2393 2449 2457 consummavi,
2483 2392 2639 2446 (idem
2663 2392 2871 2445 servavi
2893 2391 2958 2455 ",
2989 2410 3007 2441 ι
3036 2391 3198 2455 dicet,
3237 2411 3253 2442 ι
3283 2392 3411 2446 Siue
3436 2392 3630 2460 iniqui-

2062 2492 2171 2536 tate
2210 2486 2428 2540 cucurri
2466 2495 2521 2539 ct
2560 2486 2772 2551 direxi;
2836 2503 2855 2538 ι
2901 2485 2981 2538 vel
3011 2484 3190 2553 potius
3220 2481 3470 2537 Salvator
3518 2484 3633 2540 haec

2061 2577 2226 2628 dicet.
3088 2586 3091 2589 ‘

2133 2666 2295 2736 737
2348 2665 2619 2736 Ejusdem.
2658 2667 2760 2733 Qui
2808 2667 2929 2721 sine
2960 2666 3250 2735 iniquitate
3291 2684 3396 2721 non
3437 2684 3635 2722 cueur.

2063 2759 2151 2820 rit,
2188 2774 2292 2811 non
2320 2766 2498 2825 potest
2521 2759 2757 2830 dirigere
2788 2759 2926 2813 viam
2956 2774 3077 2828 qua:
3101 2757 3235 2811 dixit
3274 2775 3287 2810 :
3320 2777 3340 2810 ι
3380 2759 3488 2829 Ego
3511 2775 3630 2814 sunt

2058 2850 2141 2901 via
2183 2850 2249 2903 ⁶⁰.
2299 2868 2317 2901 ι

2132 2940 2293 2995 Vens.
2335 2941 2389 2995 6.
2436 2941 2674 3010 Exsurge
2710 2942 2763 2995 in
2787 2958 3061 2995 occursum
3092 2958 3259 2995 meum
3283 2954 3328 2997 et
3354 2945 3493 3009 ride,
3521 2955 3627 3003 etc.

2058 3030 2190 3097 Quis
2222 3033 2446 3086 idoneus
2476 3042 2557 3086 est
2582 3034 2764 3087 dicere
2798 3033 2926 3099 Deo,
2950 3052 2967 3085 ι
2992 3033 3235 3106 Exsurge
3265 3038 3317 3090 in
3341 3051 3630 3092 occursuro

1982 3120 2022 3174 C
2060 3138 2234 3175 meum
2276 3132 2330 3175 et
2359 3122 2526 3175 vide?
2564 3142 2581 3174 ι

2169 3212 2440 3283 Ejusdem.
2505 3217 2837 3269 Ascendcuti
2912 3218 3055 3271 enim
3130 3235 3227 3286 per
3294 3236 3484 3274 sanam
3550 3223 3631 3274 vi-

2060 3315 2168 3359 tam
2235 3307 2301 3359 ad
2378 3306 2597 3372 Deum,
2671 3311 2917 3378 exsurgit
2981 3310 3035 3363 in
3104 3325 3391 3365 oceursum
3465 3312 3628 3369 Deus.

2056 3398 2121 3451 Et
2170 3399 2224 3451 in
2283 3399 2577 3468 Evangelio
2627 3412 2779 3470 pater
2816 3404 3055 3456 occurrit
3113 3405 3405 3460 revertenti
3458 3406 3523 3459 ad
3572 3421 3630 3460 se

2061 3492 2191 3545 tilio.

2132 3581 2295 3635 Vens.
2331 3581 2383 3635 8.
2411 3578 2479 3633 Et
2506 3581 2717 3650 gladius
2741 3580 2798 3636 in
2848 3582 3001 3637 labiis
3024 3599 3227 3649 eorum,
3264 3596 3370 3641 etc.
3405 3585 3627 3641 Gladius

2056 3682 2142 3728 est
2176 3674 2227 3725 in
2258 3672 2413 3727 labiis
2436 3673 2891 3728 heterodoxorum
2922 3676 3011 3745 qui
3044 3676 3361 3747 blasphema
3390 3687 3445 3732 et
3469 3678 3629 3747 impia

2059 3768 2276 3820 docent.

2131 3862 2292 3915 Vens.
2345 3863 2433 3914 12.
2482 3861 2565 3917 Ne
2597 3864 2806 3917 occidas
2835 3878 2946 3929 eos,
2995 3862 3268 3932 nequando
3316 3860 3630 3913 obliviscan-

2058 3960 2145 4004 tur
2189 3954 2318 4022 legis
2369 3963 2513 4017 tuae,
2577 3964 2681 4008 etc.
2718 3955 2843 4009 Illos
2894 3954 3098 4008 occidit
3145 3953 3441 4017 Dominus,
3495 3966 3631 4019 quos

2056 4042 2191 4095 sinit
2251 4043 2476 4095 multum
2540 4058 2791 4111 peccare.
2848 4044 2986 4097 IIiuc
3041 4044 3185 4097 enim
3253 4042 3429 4096 oritur
3486 4040 3627 4094 obli-

2054 4133 2141 4186 vio
2211 4133 2336 4187 Dei.
2404 4132 2538 4187 Nam
2603 4152 2622 4186 ι
2699 4135 2755 4189 In
2832 4136 3045 4188 interno
3104 4134 3229 4201 quis
3285 4132 3631 4189 confitebitur

2056 4225 2149 4280 tibi
2192 4226 2282 4279 “?
2328 4245 2346 4277 ι

2131 4311 2293 4367 Vens.
2336 4314 2421 4378 15,
2452 4315 2540 4371 11.
2579 4314 2647 4367 Et
2676 4316 2739 4369 de
2756 4314 3118 4369 exsecratione
3156 4322 3202 4366 et
3234 4312 3505 4365 mendacio
3539 4329 3629 4365 au-

2056 4406 2443 4457 nuntiabuutur
2488 4408 2984 4467 consuunnationes,
3010 4405 3065 4457 in
3099 4404 3180 4456 ira
3213 4403 3630 4456 consummatio-

2059 4495 2162 4557 nis,
2208 4505 2257 4547 et
2302 4511 2403 4547 nou
2438 4507 2608 4558 erunt,
2633 4506 2741 4549 etc.
2776 4494 3275 4549 Consuntmationis
3305 4508 3468 4547 causa
3504 4503 3631 4575 sunt

2059 4586 2368 4639 exsecratio
2400 4596 2451 4640 et
2487 4588 2849 4641 mendacium.
2886 4585 3018 4639 Nam
3056 4586 3099 4639 si
3130 4585 3247 4640 inec
3285 4600 3388 4639 non
3419 4595 3629 4651 essent,

2060 4677 2247 4746 utique
2276 4693 2380 4731 non
2413 4689 2559 4733 esset
2590 4679 2667 4732 ira
2701 4694 2799 4733 nec
2820 4680 3237 4733 consummatio.

2598 4860 2679 4913 PA
2691 4858 2918 4914 SLMUS
2971 4858 3105 4914 LIX.

2133 4947 2297 5003 Vens.
2332 4948 2388 5002 5.
2428 4947 2593 5013 Deus,
2628 4948 2861 5017 repulisti
2912 4966 3025 5011 nos,
3073 4958 3179 5002 etc.
3230 4947 3512 5017 Tanquam
3563 4965 3629 5003 ex

367 5036 482 5108 (88)
512 5036 621 5090 τῶν
658 5035 925 5090 Ἰουδαίων
973 5034 1123 5104 σψῶν
1170 5034 1442 5104 ἀποϐολὴν
1474 5034 1652 5087 αὐτῶν
1682 5035 1832 5105 δηλοί
1866 5036 1953 5090 διὰ

2061 5052 2290 5106 persona
2344 5039 2650 5095 Judaeorum
2717 5040 3069 5111 rejectionem
3120 5055 3309 5095 eorum
3360 5038 3632 5108 significat

364 5129 458 5183 τοῦ
510 5130 682 5184 εἰπεῖν
705 5145 719 5160 ·
784 5147 801 5180 ι
822 5129 881 5181 '0
909 5127 1062 5193 Θεὸς,
1092 5125 1299 5181 ἀπώσω
1334 5128 1502 5197 ἡμᾶς,
1561 5127 1655 5179 καὶ
1707 5127 1953 5192 καθεῖλες

2059 5130 2312 5200 dicendo,
2352 5150 2369 5183 ι
2412 5131 2575 5197 Deus,
2608 5132 2853 5200 repulisti
2882 5147 2997 5195 nos,
3029 5140 3083 5186 et
3110 5129 3421 5186 destruxisti
3450 5144 3570 5194 nos,
3604 5147 3626 5182 ι

436 5248 481 5279 ’ν
516 5249 577 5302 11.
616 5247 755 5303 Tim.
800 5263 873 5311 Iv,
922 5247 973 5300 7.
1050 5248 1095 5277 ⁶⁰
1143 5244 1299 5300 Juan.
1336 5261 1428 5312 vt,
1466 5247 1553 5300 14.
1629 5246 1671 5277 ⁶¹
1708 5245 1851 5301 PsaI.
1896 5262 1968 5315 VI,
1998 5247 2046 5303 6.

589 5368 643 5422 Ὀ
675 5368 924 5435 δίκαιος,
952 5377 1072 5440 είς.
1099 5367 1263 5440 Iidem
1288 5382 1419 5440 mss.

437 5436 551 5509 (79)
578 5440 680 5494 Διά
705 5440 791 5509 τό,
822 5450 927 5493 etc.
965 5437 1145 5493 Codex
1166 5436 1540 5509 Coislmianus
1571 5438 1864 5509 secundus.

440 5503 553 5580 (80)
590 5503 973 5577 Ἐθήρέυσαν,
1006 5517 1113 5562 etc.
1154 5503 1359 5563 Catena
1394 5505 1636 5561 Cordcrii
1673 5516 1728 5561 et
1770 5507 1941 5562 codex

367 5580 734 5636 Coislinianus
758 5582 1044 5632 secundus.

443 5650 551 5720 (8|)
584 5650 637 5701 Ὁ
660 5649 874 5720 λέγων,
908 5659 1016 5703 etc.
1043 5645 1639 5720 C_odexCoi‘slinianus.

441 5716 554 5788 (82)
595 5722 715 5773 Οὐκ
744 5716 896 5783 ἔστι,
925 5728 1035 5773 etc.
1066 5717 1293 5772 Scheda:
1323 5716 1529 5773 Crabii.

443 5789 556 5862 (8.3)
581 5790 674 5856 Τίς
692 5790 826 5857 ἄρα,
859 5801 962 5844 etc.
999 5789 1233 5843 Eaedem.

2128 5369 2241 5440 (84)
2270 5368 2353 5435 Τῷ
2380 5369 2492 5438 γὰρ
2517 5370 2921 5433 ἀναϐαίνοντι,
2952 5375 3055 5422 etc.
3092 5365 3329 5420 Eaedem.

2123 5461 2237 5534 (85)
2278 5461 2581 5531 Ῥομφιιια,
2612 5470 2718 5515 etc.
2751 5461 2930 5515 Codex
2955 5458 3319 5514 Coislinianus
3335 5454 3628 5510 secundus.

2124 5553 2233 5626 (86)
2282 5554 2635 5608 Ἀποκτείνει
2685 5553 2958 5617 τούτους,
3006 5559 3113 5604 etc.
3158 5549 3384 5605 Schedze
3415 5544 3629 5600 Grabii.

2123 5644 2235 5713 (87)
2281 5643 2412 5712 Ἀρὰ
2462 5644 2560 5698 καί
2608 5642 2857 5712 ψεῦδος,
2887 5652 2993 5700 etc.
3030 5642 3212 5697 Codex
3264 5639 3631 5696 Coislinianus

2052 5715 2371 5853 εθῗὲἓίιρδξ
2390 5784 2457 5836 ἐκ
2481 5784 2825 5853 προσώπου,
2853 5793 2961 5839 etc.
2989 5782 3191 5837 Catena
3216 5781 3481 5838 Corderii.
