  <div class='ocr_page' id='page_1' title='image "/cluster/home/n/w/nwhite01/storage/ocr_20150623/12:no.2/coo.31924054873074/753.png"; bbox 0 0 4110 6394; ppageno 0'>
   <div class='ocr_carea' id='block_1_1' title="bbox 477 356 616 410">
    <p class='ocr_par' dir='ltr' id='par_1_1' title="bbox 477 356 616 410">
     <span class='ocr_line' id='line_1_1' title="bbox 477 356 616 410; baseline 0 0"><span class='ocrx_word' id='word_1_1' title='bbox 477 359 498 410; x_wconf 75' lang='grc'>1</span> <span class='ocrx_word' id='word_1_2' title='bbox 513 356 616 410; x_wconf 71' lang='grc' dir='ltr'><strong>4ῗὲ</strong></span> 
     </span>
    </p>
   </div>
   <div class='ocr_carea' id='block_1_2' title="bbox 1867 337 2304 395">
    <p class='ocr_par' dir='ltr' id='par_1_2' title="bbox 1867 337 2304 395">
     <span class='ocr_line' id='line_1_2' title="bbox 1867 337 2304 395; baseline -0.009 -1"><span class='ocrx_word' id='word_1_3' title='bbox 1867 340 1958 394; x_wconf 70' lang='lat' dir='ltr'><strong>EX</strong></span> <span class='ocrx_word' id='word_1_4' title='bbox 1999 337 2304 395; x_wconf 68' lang='lat' dir='ltr'><strong>ORIGENE</strong></span> 
     </span>
    </p>
   </div>
   <div class='ocr_carea' id='block_1_3' title="bbox 3621 347 3766 404">
    <p class='ocr_par' dir='ltr' id='par_1_3' title="bbox 3621 347 3766 404">
     <span class='ocr_line' id='line_1_3' title="bbox 3621 347 3766 404; baseline 0.028 -4"><span class='ocrx_word' id='word_1_5' title='bbox 3621 348 3646 400; x_wconf 77' lang='grc'><strong>1</strong></span> <span class='ocrx_word' id='word_1_6' title='bbox 3659 347 3766 404; x_wconf 70' lang='grc'><strong>480</strong></span> 
     </span>
    </p>
   </div>
   <div class='ocr_carea' id='block_1_4' title="bbox 477 463 2076 545">
    <p class='ocr_par' dir='ltr' id='par_1_4' title="bbox 477 464 2060 545">
     <span class='ocr_line' id='line_1_4' title="bbox 477 464 2060 545; baseline -0.008 -16"><span class='ocrx_word' id='word_1_7' title='bbox 477 477 585 541; x_wconf 74' lang='grc' dir='ltr'>τοι,</span> <span class='ocrx_word' id='word_1_8' title='bbox 631 477 782 545; x_wconf 75' lang='lat' dir='ltr'><strong>juxta</strong></span> <span class='ocrx_word' id='word_1_9' title='bbox 838 472 1246 542; x_wconf 81' lang='lat' dir='ltr'><strong>Symmachum,</strong></span> <span class='ocrx_word' id='word_1_10' title='bbox 1301 488 1320 521; x_wconf 74' lang='grc' dir='ltr'><strong>ε</strong></span> <span class='ocrx_word' id='word_1_11' title='bbox 1359 467 1596 539; x_wconf 84' lang='lat' dir='ltr'><strong>rejeeisti</strong></span> <span class='ocrx_word' id='word_1_12' title='bbox 1655 482 1772 532; x_wconf 89' lang='lat' dir='ltr'><strong>nos,</strong></span> <span class='ocrx_word' id='word_1_13' title='bbox 1825 476 1880 519; x_wconf 89' lang='lat' dir='ltr'><strong>et</strong></span> <span class='ocrx_word' id='word_1_14' title='bbox 1913 464 2060 518; x_wconf 73' lang='lat' dir='ltr'><strong>exci-</strong></span> 
     </span>
    </p>
   </div>
   <div class='ocr_carea' id='block_1_5' title="bbox 2181 463 3760 545">
    <p class='ocr_par' dir='ltr' id='par_1_5' title="bbox 2181 463 3760 538">
     <span class='ocr_line' id='line_1_5' title="bbox 2181 463 3760 538; baseline 0.005 -26"><span class='ocrx_word' id='word_1_15' title='bbox 2181 463 2333 535; x_wconf 63' lang='grc' dir='ltr'>ιιμᾶς,</span> <span class='ocrx_word' id='word_1_16' title='bbox 2365 482 2383 514; x_wconf 72' lang='grc' dir='ltr'>ι</span> <span class='ocrx_word' id='word_1_17' title='bbox 2441 463 2494 533; x_wconf 78' lang='grc' dir='ltr'>ἢ,</span> <span class='ocrx_word' id='word_1_18' title='bbox 2545 463 2686 516; x_wconf 85' lang='grc' dir='ltr'><strong>κατά</strong></span> <span class='ocrx_word' id='word_1_19' title='bbox 2737 463 3053 536; x_wconf 75' lang='grc' dir='ltr'>Σύμμαχον,</span> <span class='ocrx_word' id='word_1_20' title='bbox 3107 485 3124 516; x_wconf 87' lang='grc' dir='ltr'>ι</span> <span class='ocrx_word' id='word_1_21' title='bbox 3153 466 3426 520; x_wconf 83' lang='grc' dir='ltr'>ἁπεϐάλου</span> <span class='ocrx_word' id='word_1_22' title='bbox 3454 467 3628 538; x_wconf 80' lang='grc' dir='ltr'>ἡμᾶς,</span> <span class='ocrx_word' id='word_1_23' title='bbox 3661 468 3760 520; x_wconf 76' lang='grc' dir='ltr'><strong>καὶ</strong></span> 
     </span>
    </p>
   </div>
   <div class='ocr_carea' id='block_1_6' title="bbox 477 553 2062 627">
    <p class='ocr_par' dir='ltr' id='par_1_6' title="bbox 477 553 2062 627">
     <span class='ocr_line' id='line_1_6' title="bbox 477 553 2062 627; baseline -0.003 -17"><span class='ocrx_word' id='word_1_24' title='bbox 477 561 606 614; x_wconf 85' lang='lat' dir='ltr'><strong>disti</strong></span> <span class='ocrx_word' id='word_1_25' title='bbox 659 575 757 614; x_wconf 91' lang='lat' dir='ltr'><strong>nos</strong></span> <span class='ocrx_word' id='word_1_26' title='bbox 817 577 886 612; x_wconf 74' lang='grc' dir='ltr'>τι</span> <span class='ocrx_word' id='word_1_27' title='bbox 921 559 1066 627; x_wconf 86' lang='lat' dir='ltr'><strong>quod</strong></span> <span class='ocrx_word' id='word_1_28' title='bbox 1121 557 1338 610; x_wconf 91' lang='lat' dir='ltr'><strong>illorum</strong></span> <span class='ocrx_word' id='word_1_29' title='bbox 1395 555 1668 610; x_wconf 75' lang='lat' dir='ltr'><strong>excidium</strong></span> <span class='ocrx_word' id='word_1_30' title='bbox 1731 553 2062 606; x_wconf 71' lang='lat' dir='ltr'><strong>manifestat.</strong></span> 
     </span>
    </p>
   </div>
   <div class='ocr_carea' id='block_1_7' title="bbox 481 649 2068 720">
    <p class='ocr_par' dir='ltr' id='par_1_7' title="bbox 481 649 2068 720">
     <span class='ocr_line' id='line_1_7' title="bbox 481 649 2068 720; baseline -0.004 -14"><span class='ocrx_word' id='word_1_31' title='bbox 481 653 686 707; x_wconf 80' lang='lat' dir='ltr'><strong>Deinde</strong></span> <span class='ocrx_word' id='word_1_32' title='bbox 729 652 1025 720; x_wconf 73' lang='lat' dir='ltr'><strong>subiungit,</strong></span> <span class='ocrx_word' id='word_1_33' title='bbox 1065 668 1084 700; x_wconf 76' lang='grc' dir='ltr'>ι</span> <span class='ocrx_word' id='word_1_34' title='bbox 1121 649 1296 704; x_wconf 87' lang='lat' dir='ltr'><strong>Iratus</strong></span> <span class='ocrx_word' id='word_1_35' title='bbox 1343 665 1426 715; x_wconf 83' lang='lat' dir='ltr'><strong>es,</strong></span> <span class='ocrx_word' id='word_1_36' title='bbox 1475 659 1528 703; x_wconf 89' lang='lat' dir='ltr'><strong>et</strong></span> <span class='ocrx_word' id='word_1_37' title='bbox 1579 649 1832 703; x_wconf 88' lang='lat' dir='ltr'><strong>misertus</strong></span> <span class='ocrx_word' id='word_1_38' title='bbox 1867 663 1928 702; x_wconf 85' lang='lat' dir='ltr'><strong>es</strong></span> <span class='ocrx_word' id='word_1_39' title='bbox 1968 662 2068 701; x_wconf 87' lang='lat' dir='ltr'><strong>no-</strong></span> 
     </span>
    </p>
   </div>
   <div class='ocr_carea' id='block_1_8' title="bbox 477 737 2068 808">
    <p class='ocr_par' dir='ltr' id='par_1_8' title="bbox 477 737 2068 808">
     <span class='ocr_line' id='line_1_8' title="bbox 477 737 2068 808; baseline -0.004 -12"><span class='ocrx_word' id='word_1_40' title='bbox 477 741 593 806; x_wconf 85' lang='lat' dir='ltr'><strong>bis;</strong></span> <span class='ocrx_word' id='word_1_41' title='bbox 631 759 650 791; x_wconf 76' lang='grc' dir='ltr'>ι</span> <span class='ocrx_word' id='word_1_42' title='bbox 677 741 974 795; x_wconf 87' lang='lat' dir='ltr'><strong>secundum</strong></span> <span class='ocrx_word' id='word_1_43' title='bbox 1003 739 1254 808; x_wconf 85' lang='lat' dir='ltr'><strong>Aquilam</strong></span> <span class='ocrx_word' id='word_1_44' title='bbox 1288 754 1438 804; x_wconf 87' lang='lat' dir='ltr'><strong>vero,</strong></span> <span class='ocrx_word' id='word_1_45' title='bbox 1475 757 1492 788; x_wconf 83' lang='grc' dir='ltr'>ι</span> <span class='ocrx_word' id='word_1_46' title='bbox 1535 737 1850 806; x_wconf 79' lang='lat' dir='ltr'><strong>Indignatus</strong></span> <span class='ocrx_word' id='word_1_47' title='bbox 1881 747 2068 790; x_wconf 88' lang='lat' dir='ltr'><strong>trans-</strong></span> 
     </span>
    </p>
   </div>
   <div class='ocr_carea' id='block_1_9' title="bbox 481 831 2068 902">
    <p class='ocr_par' dir='ltr' id='par_1_9' title="bbox 481 831 2068 902">
     <span class='ocr_line' id='line_1_9' title="bbox 481 831 2068 902; baseline -0.003 -15"><span class='ocrx_word' id='word_1_48' title='bbox 481 833 688 887; x_wconf 76' lang='lat' dir='ltr'><strong>vertisti</strong></span> <span class='ocrx_word' id='word_1_49' title='bbox 741 847 858 888; x_wconf 90' lang='lat' dir='ltr'><strong>nos.</strong></span> <span class='ocrx_word' id='word_1_50' title='bbox 899 851 916 882; x_wconf 80' lang='grc' dir='ltr'>ι</span> <span class='ocrx_word' id='word_1_51' title='bbox 963 831 1116 885; x_wconf 86' lang='lat' dir='ltr'><strong>llune</strong></span> <span class='ocrx_word' id='word_1_52' title='bbox 1151 833 1327 902; x_wconf 86' lang='lat' dir='ltr'><strong>ipsum</strong></span> <span class='ocrx_word' id='word_1_53' title='bbox 1377 842 1560 886; x_wconf 90' lang='lat' dir='ltr'><strong>autem</strong></span> <span class='ocrx_word' id='word_1_54' title='bbox 1607 845 1914 884; x_wconf 85' lang='lat' dir='ltr'><strong>sermonem</strong></span> <span class='ocrx_word' id='word_1_55' title='bbox 1981 845 2068 884; x_wconf 89' lang='lat' dir='ltr'><strong>re-</strong></span> 
     </span>
    </p>
   </div>
   <div class='ocr_carea' id='block_1_10' title="bbox 479 922 2070 993">
    <p class='ocr_par' dir='ltr' id='par_1_10' title="bbox 479 922 2070 993">
     <span class='ocr_line' id='line_1_10' title="bbox 479 922 2070 993; baseline -0.003 -15"><span class='ocrx_word' id='word_1_56' title='bbox 479 941 596 978; x_wconf 86' lang='lat' dir='ltr'><strong>rum</strong></span> <span class='ocrx_word' id='word_1_57' title='bbox 667 935 894 978; x_wconf 69' lang='lat' dir='ltr'><strong>eventus</strong></span> <span class='ocrx_word' id='word_1_58' title='bbox 953 924 1126 993; x_wconf 85' lang='lat' dir='ltr'><strong>magis</strong></span> <span class='ocrx_word' id='word_1_59' title='bbox 1172 923 1488 993; x_wconf 83' lang='lat' dir='ltr'><strong>comprobat</strong></span> <span class='ocrx_word' id='word_1_60' title='bbox 1547 941 1562 976; x_wconf 85' lang='lat'><strong>:</strong></span> <span class='ocrx_word' id='word_1_61' title='bbox 1624 922 1890 989; x_wconf 81' lang='lat' dir='ltr'><strong>siquidem</strong></span> <span class='ocrx_word' id='word_1_62' title='bbox 1947 930 2070 990; x_wconf 84' lang='lat' dir='ltr'><strong>post</strong></span> 
     </span>
    </p>
   </div>
   <div class='ocr_carea' id='block_1_11' title="bbox 483 1010 2068 1080">
    <p class='ocr_par' dir='ltr' id='par_1_11' title="bbox 483 1010 2068 1080">
     <span class='ocr_line' id='line_1_11' title="bbox 483 1010 2068 1080; baseline -0.001 -16"><span class='ocrx_word' id='word_1_63' title='bbox 483 1013 781 1064; x_wconf 79' lang='lat' dir='ltr'><strong>adventum</strong></span> <span class='ocrx_word' id='word_1_64' title='bbox 823 1010 1126 1066; x_wconf 80' lang='lat' dir='ltr'><strong>Salvatoris</strong></span> <span class='ocrx_word' id='word_1_65' title='bbox 1159 1012 1258 1065; x_wconf 88' lang='lat' dir='ltr'><strong>ista</strong></span> <span class='ocrx_word' id='word_1_66' title='bbox 1307 1012 1454 1080; x_wconf 86' lang='lat' dir='ltr'><strong>passi</strong></span> <span class='ocrx_word' id='word_1_67' title='bbox 1489 1021 1634 1065; x_wconf 87' lang='lat' dir='ltr'><strong>sunt.</strong></span> <span class='ocrx_word' id='word_1_68' title='bbox 1670 1012 1896 1078; x_wconf 82' lang='lat' dir='ltr'><strong>Quando</strong></span> <span class='ocrx_word' id='word_1_69' title='bbox 1923 1012 2068 1064; x_wconf 88' lang='lat' dir='ltr'><strong>enim</strong></span> 
     </span>
    </p>
   </div>
   <div class='ocr_carea' id='block_1_12' title="bbox 481 1101 2067 1174">
    <p class='ocr_par' dir='ltr' id='par_1_12' title="bbox 481 1101 2067 1174">
     <span class='ocr_line' id='line_1_12' title="bbox 481 1101 2067 1174; baseline 0.001 -18"><span class='ocrx_word' id='word_1_70' title='bbox 481 1101 564 1156; x_wconf 82' lang='lat' dir='ltr'><strong>ira</strong></span> <span class='ocrx_word' id='word_1_71' title='bbox 602 1117 769 1173; x_wconf 88' lang='lat' dir='ltr'><strong>super</strong></span> <span class='ocrx_word' id='word_1_72' title='bbox 819 1105 970 1174; x_wconf 87' lang='lat' dir='ltr'><strong>ipsos</strong></span> <span class='ocrx_word' id='word_1_73' title='bbox 1001 1108 1171 1166; x_wconf 75' lang='lat' dir='ltr'><strong>venit,</strong></span> <span class='ocrx_word' id='word_1_74' title='bbox 1206 1105 1258 1158; x_wconf 90' lang='lat' dir='ltr'><strong>in</strong></span> <span class='ocrx_word' id='word_1_75' title='bbox 1313 1106 1472 1158; x_wconf 80' lang='lat' dir='ltr'><strong>linem</strong></span> <span class='ocrx_word' id='word_1_76' title='bbox 1509 1105 1736 1174; x_wconf 87' lang='lat' dir='ltr'><strong>repulsi,</strong></span> <span class='ocrx_word' id='word_1_77' title='bbox 1780 1105 2067 1170; x_wconf 84' lang='lat' dir='ltr'><strong>destrueti,</strong></span> 
     </span>
    </p>
   </div>
   <div class='ocr_carea' id='block_1_13' title="bbox 484 1197 2068 1268">
    <p class='ocr_par' dir='ltr' id='par_1_13' title="bbox 484 1197 2068 1268">
     <span class='ocr_line' id='line_1_13' title="bbox 484 1197 2068 1268; baseline 0.003 -21"><span class='ocrx_word' id='word_1_78' title='bbox 484 1197 671 1265; x_wconf 85' lang='lat' dir='ltr'><strong>rejecti</strong></span> <span class='ocrx_word' id='word_1_79' title='bbox 708 1209 876 1266; x_wconf 86' lang='lat' dir='ltr'><strong>atque</strong></span> <span class='ocrx_word' id='word_1_80' title='bbox 921 1199 1092 1253; x_wconf 78' lang='lat' dir='ltr'><strong>excisi</strong></span> <span class='ocrx_word' id='word_1_81' title='bbox 1125 1209 1180 1252; x_wconf 90' lang='lat' dir='ltr'><strong>et</strong></span> <span class='ocrx_word' id='word_1_82' title='bbox 1214 1199 1532 1253; x_wconf 87' lang='lat' dir='ltr'><strong>circumacti</strong></span> <span class='ocrx_word' id='word_1_83' title='bbox 1566 1209 1718 1266; x_wconf 89' lang='lat' dir='ltr'><strong>sunt,</strong></span> <span class='ocrx_word' id='word_1_84' title='bbox 1755 1199 1982 1268; x_wconf 77' lang='lat' dir='ltr'><strong>diSpersi</strong></span> <span class='ocrx_word' id='word_1_85' title='bbox 2017 1200 2068 1253; x_wconf 88' lang='lat' dir='ltr'><strong>in</strong></span> 
     </span>
    </p>
   </div>
   <div class='ocr_carea' id='block_1_14' title="bbox 481 1301 919 1364">
    <p class='ocr_par' dir='ltr' id='par_1_14' title="bbox 481 1301 919 1364">
     <span class='ocr_line' id='line_1_14' title="bbox 481 1301 919 1364; baseline 0.009 -20"><span class='ocrx_word' id='word_1_86' title='bbox 481 1306 676 1347; x_wconf 84' lang='lat' dir='ltr'><strong>omnes</strong></span> <span class='ocrx_word' id='word_1_87' title='bbox 707 1301 919 1364; x_wconf 78' lang='lat' dir='ltr'><strong>gentes.</strong></span> 
     </span>
    </p>
   </div>
   <div class='ocr_carea' id='block_1_15' title="bbox 557 1385 2068 1456">
    <p class='ocr_par' dir='ltr' id='par_1_15' title="bbox 557 1385 2068 1456">
     <span class='ocr_line' id='line_1_15' title="bbox 557 1385 2068 1456; baseline -0.001 -16"><span class='ocrx_word' id='word_1_88' title='bbox 557 1387 722 1441; x_wconf 62' lang='lat' dir='ltr'><strong>Vsus.</strong></span> <span class='ocrx_word' id='word_1_89' title='bbox 751 1387 806 1440; x_wconf 74' lang='grc'>4.</span> <span class='ocrx_word' id='word_1_90' title='bbox 839 1385 984 1441; x_wconf 84' lang='lat' dir='ltr'><strong>Sana</strong></span> <span class='ocrx_word' id='word_1_91' title='bbox 1037 1387 1383 1442; x_wconf 70' lang='lat' dir='ltr'><strong>contritiones</strong></span> <span class='ocrx_word' id='word_1_92' title='bbox 1415 1391 1551 1456; x_wconf 79' lang='lat' dir='ltr'><strong>ejus,</strong></span> <span class='ocrx_word' id='word_1_93' title='bbox 1595 1399 1706 1442; x_wconf 81' lang='lat' dir='ltr'><strong>etc.</strong></span> <span class='ocrx_word' id='word_1_94' title='bbox 1742 1386 1884 1440; x_wconf 83' lang='lat' dir='ltr'><strong>Mota</strong></span> <span class='ocrx_word' id='word_1_95' title='bbox 1921 1387 2068 1439; x_wconf 88' lang='lat' dir='ltr'><strong>enim</strong></span> 
     </span>
    </p>
   </div>
   <div class='ocr_carea' id='block_1_16' title="bbox 486 1476 2070 1547">
    <p class='ocr_par' dir='ltr' id='par_1_16' title="bbox 486 1476 2070 1547">
     <span class='ocr_line' id='line_1_16' title="bbox 486 1476 2070 1547; baseline 0.001 -17"><span class='ocrx_word' id='word_1_96' title='bbox 486 1486 544 1530; x_wconf 83' lang='lat' dir='ltr'><strong>et</strong></span> <span class='ocrx_word' id='word_1_97' title='bbox 585 1492 613 1530; x_wconf 88' lang='lat' dir='ltr'><strong>a</strong></span> <span class='ocrx_word' id='word_1_98' title='bbox 657 1477 874 1547; x_wconf 80' lang='lat' dir='ltr'><strong>prepria</strong></span> <span class='ocrx_word' id='word_1_99' title='bbox 913 1477 1194 1531; x_wconf 85' lang='lat' dir='ltr'><strong>mansione</strong></span> <span class='ocrx_word' id='word_1_100' title='bbox 1225 1493 1289 1530; x_wconf 84' lang='lat' dir='ltr'><strong>ac</strong></span> <span class='ocrx_word' id='word_1_101' title='bbox 1333 1487 1476 1530; x_wconf 87' lang='lat' dir='ltr'><strong>stattt</strong></span> <span class='ocrx_word' id='word_1_102' title='bbox 1531 1476 1762 1530; x_wconf 87' lang='lat' dir='ltr'><strong>decussa</strong></span> <span class='ocrx_word' id='word_1_103' title='bbox 1816 1477 2070 1546; x_wconf 74' lang='lat' dir='ltr'><strong>praedicta</strong></span> 
     </span>
    </p>
   </div>
   <div class='ocr_carea' id='block_1_17' title="bbox 485 1567 2074 1637">
    <p class='ocr_par' dir='ltr' id='par_1_17' title="bbox 485 1567 2074 1637">
     <span class='ocr_line' id='line_1_17' title="bbox 485 1567 2074 1637; baseline -0.001 -15"><span class='ocrx_word' id='word_1_104' title='bbox 485 1578 636 1622; x_wconf 87' lang='lat' dir='ltr'><strong>terra</strong></span> <span class='ocrx_word' id='word_1_105' title='bbox 685 1569 1043 1622; x_wconf 86' lang='lat' dir='ltr'><strong>contritiones</strong></span> <span class='ocrx_word' id='word_1_106' title='bbox 1087 1577 1138 1621; x_wconf 91' lang='lat' dir='ltr'><strong>et</strong></span> <span class='ocrx_word' id='word_1_107' title='bbox 1181 1567 1402 1620; x_wconf 87' lang='lat' dir='ltr'><strong>vulnera</strong></span> <span class='ocrx_word' id='word_1_108' title='bbox 1446 1568 1688 1636; x_wconf 76' lang='lat' dir='ltr'><strong>accepit;</strong></span> <span class='ocrx_word' id='word_1_109' title='bbox 1741 1577 2074 1637; x_wconf 81' lang='lat' dir='ltr'><strong>quapropter</strong></span> 
     </span>
    </p>
   </div>
   <div class='ocr_carea' id='block_1_18' title="bbox 485 1659 1986 1729">
    <p class='ocr_par' dir='ltr' id='par_1_18' title="bbox 485 1659 1986 1729">
     <span class='ocr_line' id='line_1_18' title="bbox 485 1659 1986 1729; baseline -0.002 -15"><span class='ocrx_word' id='word_1_110' title='bbox 485 1662 682 1714; x_wconf 88' lang='lat' dir='ltr'><strong>deinde</strong></span> <span class='ocrx_word' id='word_1_111' title='bbox 717 1661 920 1715; x_wconf 82' lang='lat' dir='ltr'><strong>dicitur</strong></span> <span class='ocrx_word' id='word_1_112' title='bbox 963 1677 976 1712; x_wconf 90' lang='lat'>:</span> <span class='ocrx_word' id='word_1_113' title='bbox 1027 1679 1046 1711; x_wconf 78' lang='grc' dir='ltr'>σ</span> <span class='ocrx_word' id='word_1_114' title='bbox 1086 1659 1382 1715; x_wconf 83' lang='lat' dir='ltr'><strong>Ostendisti</strong></span> <span class='ocrx_word' id='word_1_115' title='bbox 1413 1661 1609 1729; x_wconf 83' lang='lat' dir='ltr'><strong>populo</strong></span> <span class='ocrx_word' id='word_1_116' title='bbox 1649 1671 1742 1713; x_wconf 92' lang='lat' dir='ltr'><strong>tuo</strong></span> <span class='ocrx_word' id='word_1_117' title='bbox 1771 1660 1928 1714; x_wconf 89' lang='lat' dir='ltr'><strong>dura.</strong></span> <span class='ocrx_word' id='word_1_118' title='bbox 1967 1679 1986 1711; x_wconf 84' lang='grc'>›</span> 
     </span>
    </p>
   </div>
   <div class='ocr_carea' id='block_1_19' title="bbox 559 1821 2146 1910">
    <p class='ocr_par' dir='ltr' id='par_1_19' title="bbox 559 1821 2146 1910">
     <span class='ocr_line' id='line_1_19' title="bbox 559 1821 2146 1910; baseline 0 -14"><span class='ocrx_word' id='word_1_119' title='bbox 559 1843 720 1899; x_wconf 70' lang='lat' dir='ltr'><strong>Vnus.</strong></span> <span class='ocrx_word' id='word_1_120' title='bbox 755 1846 808 1899; x_wconf 81' lang='lat'><strong>5.</strong></span> <span class='ocrx_word' id='word_1_121' title='bbox 845 1842 1138 1896; x_wconf 74' lang='lat' dir='ltr'><strong>Ostendisti</strong></span> <span class='ocrx_word' id='word_1_122' title='bbox 1169 1841 1367 1910; x_wconf 82' lang='lat' dir='ltr'><strong>papula</strong></span> <span class='ocrx_word' id='word_1_123' title='bbox 1393 1853 1484 1895; x_wconf 84' lang='lat' dir='ltr'><strong>tuo</strong></span> <span class='ocrx_word' id='word_1_124' title='bbox 1528 1842 1692 1906; x_wconf 85' lang='lat' dir='ltr'><strong>dura,</strong></span> <span class='ocrx_word' id='word_1_125' title='bbox 1716 1851 1821 1896; x_wconf 91' lang='lat' dir='ltr'><strong>etc.</strong></span> <span class='ocrx_word' id='word_1_126' title='bbox 1866 1841 2067 1896; x_wconf 85' lang='lat' dir='ltr'><strong>Osten-</strong></span> <span class='ocrx_word' id='word_1_127' title='bbox 2104 1821 2146 1876; x_wconf 72' lang='grc' dir='ltr'><strong>Β</strong></span> 
     </span>
    </p>
   </div>
   <div class='ocr_carea' id='block_1_20' title="bbox 489 1933 2070 1998">
    <p class='ocr_par' dir='ltr' id='par_1_20' title="bbox 489 1933 2070 1998">
     <span class='ocr_line' id='line_1_20' title="bbox 489 1933 2070 1998; baseline -0.001 -10"><span class='ocrx_word' id='word_1_128' title='bbox 489 1937 688 1990; x_wconf 87' lang='lat' dir='ltr'><strong>duntur</strong></span> <span class='ocrx_word' id='word_1_129' title='bbox 729 1937 890 1991; x_wconf 89' lang='lat' dir='ltr'><strong>alicui</strong></span> <span class='ocrx_word' id='word_1_130' title='bbox 937 1937 1096 1998; x_wconf 88' lang='lat' dir='ltr'><strong>dura,</strong></span> <span class='ocrx_word' id='word_1_131' title='bbox 1129 1950 1256 1988; x_wconf 87' lang='lat' dir='ltr'><strong>cum</strong></span> <span class='ocrx_word' id='word_1_132' title='bbox 1307 1935 1359 1988; x_wconf 94' lang='lat' dir='ltr'><strong>iu</strong></span> <span class='ocrx_word' id='word_1_133' title='bbox 1400 1933 1750 1988; x_wconf 76' lang='lat' dir='ltr'><strong>diliicultatcs</strong></span> <span class='ocrx_word' id='word_1_134' title='bbox 1781 1935 2070 1994; x_wconf 85' lang='lat' dir='ltr'><strong>inciderit:</strong></span> 
     </span>
    </p>
   </div>
   <div class='ocr_carea' id='block_1_21' title="bbox 487 2028 2071 2099">
    <p class='ocr_par' dir='ltr' id='par_1_21' title="bbox 487 2028 2071 2099">
     <span class='ocr_line' id='line_1_21' title="bbox 487 2028 2071 2099; baseline -0.001 -18"><span class='ocrx_word' id='word_1_135' title='bbox 487 2045 608 2097; x_wconf 60' lang='lat' dir='ltr'><strong>qua!</strong></span> <span class='ocrx_word' id='word_1_136' title='bbox 637 2029 856 2099; x_wconf 83' lang='lat' dir='ltr'><strong>quando</strong></span> <span class='ocrx_word' id='word_1_137' title='bbox 891 2030 1016 2097; x_wconf 86' lang='lat' dir='ltr'><strong>quis</strong></span> <span class='ocrx_word' id='word_1_138' title='bbox 1049 2029 1248 2097; x_wconf 87' lang='lat' dir='ltr'><strong>accipit</strong></span> <span class='ocrx_word' id='word_1_139' title='bbox 1303 2028 1355 2081; x_wconf 93' lang='lat' dir='ltr'><strong>in</strong></span> <span class='ocrx_word' id='word_1_140' title='bbox 1409 2029 1790 2096; x_wconf 61' lang='lat' dir='ltr'><strong>paenitentiam</strong></span> <span class='ocrx_word' id='word_1_141' title='bbox 1825 2029 2071 2096; x_wconf 90' lang='lat' dir='ltr'><strong>priorum</strong></span> 
     </span>
    </p>
   </div>
   <div class='ocr_carea' id='block_1_22' title="bbox 489 2121 2074 2191">
    <p class='ocr_par' dir='ltr' id='par_1_22' title="bbox 489 2121 2074 2191">
     <span class='ocr_line' id='line_1_22' title="bbox 489 2121 2074 2191; baseline -0.003 -15"><span class='ocrx_word' id='word_1_142' title='bbox 489 2126 833 2191; x_wconf 66' lang='lat' dir='ltr'><strong>delictorum,</strong></span> <span class='ocrx_word' id='word_1_143' title='bbox 857 2127 1044 2178; x_wconf 82' lang='lat' dir='ltr'><strong>vinum</strong></span> <span class='ocrx_word' id='word_1_144' title='bbox 1080 2122 1518 2190; x_wconf 81' lang='lat' dir='ltr'><strong>compunctionis</strong></span> <span class='ocrx_word' id='word_1_145' title='bbox 1549 2121 1714 2190; x_wconf 78' lang='lat'><strong>738</strong></span> <span class='ocrx_word' id='word_1_146' title='bbox 1759 2121 1917 2184; x_wconf 88' lang='lat' dir='ltr'><strong>bibit,</strong></span> <span class='ocrx_word' id='word_1_147' title='bbox 1945 2136 2074 2174; x_wconf 86' lang='lat' dir='ltr'><strong>cau-</strong></span> 
     </span>
    </p>
   </div>
   <div class='ocr_carea' id='block_1_23' title="bbox 489 2212 2074 2286">
    <p class='ocr_par' dir='ltr' id='par_1_23' title="bbox 489 2212 2074 2286">
     <span class='ocr_line' id='line_1_23' title="bbox 489 2212 2074 2286; baseline -0.003 -16"><span class='ocrx_word' id='word_1_148' title='bbox 489 2233 605 2270; x_wconf 86' lang='lat' dir='ltr'><strong>sam</strong></span> <span class='ocrx_word' id='word_1_149' title='bbox 643 2217 1080 2286; x_wconf 88' lang='lat' dir='ltr'><strong>compunctionis</strong></span> <span class='ocrx_word' id='word_1_150' title='bbox 1112 2217 1176 2268; x_wconf 83' lang='lat' dir='ltr'><strong>de</strong></span> <span class='ocrx_word' id='word_1_151' title='bbox 1209 2215 1578 2284; x_wconf 82' lang='lat' dir='ltr'><strong>resipiscentia</strong></span> <span class='ocrx_word' id='word_1_152' title='bbox 1607 2229 1848 2268; x_wconf 86' lang='lat' dir='ltr'><strong>sumens.</strong></span> <span class='ocrx_word' id='word_1_153' title='bbox 1890 2212 2074 2266; x_wconf 85' lang='lat' dir='ltr'><strong>Multis</strong></span> 
     </span>
    </p>
   </div>
   <div class='ocr_carea' id='block_1_24' title="bbox 489 2307 2073 2376">
    <p class='ocr_par' dir='ltr' id='par_1_24' title="bbox 489 2307 2073 2376">
     <span class='ocr_line' id='line_1_24' title="bbox 489 2307 2073 2376; baseline -0.001 -15"><span class='ocrx_word' id='word_1_154' title='bbox 489 2319 672 2362; x_wconf 84' lang='lat' dir='ltr'><strong>autem</strong></span> <span class='ocrx_word' id='word_1_155' title='bbox 715 2309 1014 2376; x_wconf 74' lang='lat' dir='ltr'><strong>Scriptura:</strong></span> <span class='ocrx_word' id='word_1_156' title='bbox 1063 2307 1199 2362; x_wconf 87' lang='lat' dir='ltr'><strong>locis</strong></span> <span class='ocrx_word' id='word_1_157' title='bbox 1245 2309 1380 2361; x_wconf 88' lang='lat' dir='ltr'><strong>meri</strong></span> <span class='ocrx_word' id='word_1_158' title='bbox 1425 2307 1646 2360; x_wconf 88' lang='lat' dir='ltr'><strong>nomine</strong></span> <span class='ocrx_word' id='word_1_159' title='bbox 1683 2321 1771 2361; x_wconf 87' lang='lat' dir='ltr'><strong>res</strong></span> <span class='ocrx_word' id='word_1_160' title='bbox 1803 2308 1974 2362; x_wconf 88' lang='lat' dir='ltr'><strong>duras</strong></span> <span class='ocrx_word' id='word_1_161' title='bbox 2019 2317 2073 2360; x_wconf 89' lang='lat' dir='ltr'><strong>et</strong></span> 
     </span>
    </p>
   </div>
   <div class='ocr_carea' id='block_1_25' title="bbox 489 2397 2065 2470">
    <p class='ocr_par' dir='ltr' id='par_1_25' title="bbox 489 2397 2065 2470">
     <span class='ocr_line' id='line_1_25' title="bbox 489 2397 2065 2470; baseline 0 -16"><span class='ocrx_word' id='word_1_162' title='bbox 489 2401 746 2455; x_wconf 85' lang='lat' dir='ltr'><strong>molestas</strong></span> <span class='ocrx_word' id='word_1_163' title='bbox 773 2401 1044 2470; x_wconf 82' lang='lat' dir='ltr'><strong>designat,</strong></span> <span class='ocrx_word' id='word_1_164' title='bbox 1073 2409 1130 2454; x_wconf 92' lang='lat' dir='ltr'><strong>ut</strong></span> <span class='ocrx_word' id='word_1_165' title='bbox 1161 2403 1210 2453; x_wconf 91' lang='lat' dir='ltr'><strong>in</strong></span> <span class='ocrx_word' id='word_1_166' title='bbox 1257 2401 1358 2454; x_wconf 85' lang='lat' dir='ltr'><strong>isto</strong></span> <span class='ocrx_word' id='word_1_167' title='bbox 1388 2423 1398 2456; x_wconf 88' lang='lat'><em>;</em></span> <span class='ocrx_word' id='word_1_168' title='bbox 1435 2417 1454 2450; x_wconf 77' lang='grc' dir='ltr'>ι</span> <span class='ocrx_word' id='word_1_169' title='bbox 1495 2397 1723 2452; x_wconf 78' lang='lat' dir='ltr'><strong>Calixin</strong></span> <span class='ocrx_word' id='word_1_170' title='bbox 1761 2415 1928 2453; x_wconf 87' lang='lat' dir='ltr'><strong>manu</strong></span> <span class='ocrx_word' id='word_1_171' title='bbox 1959 2399 2065 2454; x_wconf 88' lang='lat' dir='ltr'><strong>Do-</strong></span> 
     </span>
    </p>
   </div>
   <div class='ocr_carea' id='block_1_26' title="bbox 495 2493 2074 2560">
    <p class='ocr_par' dir='ltr' id='par_1_26' title="bbox 495 2493 2074 2560">
     <span class='ocr_line' id='line_1_26' title="bbox 495 2493 2074 2560; baseline 0.002 -14"><span class='ocrx_word' id='word_1_172' title='bbox 495 2493 625 2546; x_wconf 89' lang='lat' dir='ltr'><strong>mini</strong></span> <span class='ocrx_word' id='word_1_173' title='bbox 683 2493 792 2545; x_wconf 73' lang='grc' dir='ltr'><strong>νειιὶ</strong></span> <span class='ocrx_word' id='word_1_174' title='bbox 851 2494 986 2546; x_wconf 89' lang='lat' dir='ltr'><strong>meri</strong></span> <span class='ocrx_word' id='word_1_175' title='bbox 1031 2493 1098 2546; x_wconf 76' lang='lat'><strong>&quot;.</strong></span> <span class='ocrx_word' id='word_1_176' title='bbox 1148 2512 1166 2545; x_wconf 77' lang='grc' dir='ltr'>ι</span> <span class='ocrx_word' id='word_1_177' title='bbox 1225 2494 1367 2546; x_wconf 88' lang='lat' dir='ltr'><strong>Dura</strong></span> <span class='ocrx_word' id='word_1_178' title='bbox 1424 2507 1639 2560; x_wconf 84' lang='lat' dir='ltr'><strong>quoque</strong></span> <span class='ocrx_word' id='word_1_179' title='bbox 1677 2493 1864 2547; x_wconf 87' lang='lat' dir='ltr'><strong>eodem</strong></span> <span class='ocrx_word' id='word_1_180' title='bbox 1913 2495 2074 2549; x_wconf 91' lang='lat' dir='ltr'><strong>modo</strong></span> 
     </span>
    </p>
   </div>
   <div class='ocr_carea' id='block_1_27' title="bbox 491 2583 2072 2653">
    <p class='ocr_par' dir='ltr' id='par_1_27' title="bbox 491 2583 2072 2653">
     <span class='ocr_line' id='line_1_27' title="bbox 491 2583 2072 2653; baseline 0.001 -17"><span class='ocrx_word' id='word_1_181' title='bbox 491 2583 760 2650; x_wconf 86' lang='lat' dir='ltr'><strong>nominat,</strong></span> <span class='ocrx_word' id='word_1_182' title='bbox 794 2599 902 2652; x_wconf 87' lang='lat' dir='ltr'><strong>quo</strong></span> <span class='ocrx_word' id='word_1_183' title='bbox 947 2585 996 2637; x_wconf 93' lang='lat' dir='ltr'><strong>in</strong></span> <span class='ocrx_word' id='word_1_184' title='bbox 1036 2583 1244 2653; x_wconf 83' lang='lat' dir='ltr'><strong>psalmo</strong></span> <span class='ocrx_word' id='word_1_185' title='bbox 1286 2585 1502 2638; x_wconf 90' lang='lat' dir='ltr'><strong>decimo</strong></span> <span class='ocrx_word' id='word_1_186' title='bbox 1540 2593 1694 2637; x_wconf 83' lang='lat' dir='ltr'><strong>sexto</strong></span> <span class='ocrx_word' id='word_1_187' title='bbox 1728 2583 1842 2638; x_wconf 84' lang='lat' dir='ltr'><strong>vias</strong></span> <span class='ocrx_word' id='word_1_188' title='bbox 1886 2585 2072 2650; x_wconf 87' lang='lat' dir='ltr'><strong>duras,</strong></span> 
     </span>
    </p>
   </div>
   <div class='ocr_carea' id='block_1_28' title="bbox 489 2675 2076 2744">
    <p class='ocr_par' dir='ltr' id='par_1_28' title="bbox 489 2675 2076 2744">
     <span class='ocr_line' id='line_1_28' title="bbox 489 2675 2076 2744; baseline 0.001 -16"><span class='ocrx_word' id='word_1_189' title='bbox 489 2675 677 2730; x_wconf 76' lang='lat' dir='ltr'><strong>dicens</strong></span> <span class='ocrx_word' id='word_1_190' title='bbox 717 2693 730 2728; x_wconf 90' lang='lat'><strong>:</strong></span> <span class='ocrx_word' id='word_1_191' title='bbox 773 2693 792 2727; x_wconf 78' lang='grc' dir='ltr'>ι</span> <span class='ocrx_word' id='word_1_192' title='bbox 835 2675 1064 2744; x_wconf 84' lang='lat' dir='ltr'><strong>Propter</strong></span> <span class='ocrx_word' id='word_1_193' title='bbox 1107 2677 1274 2729; x_wconf 79' lang='lat' dir='ltr'><strong>verba</strong></span> <span class='ocrx_word' id='word_1_194' title='bbox 1311 2676 1574 2728; x_wconf 87' lang='lat' dir='ltr'><strong>labiortun</strong></span> <span class='ocrx_word' id='word_1_195' title='bbox 1609 2685 1823 2729; x_wconf 88' lang='lat' dir='ltr'><strong>tuorum</strong></span> <span class='ocrx_word' id='word_1_196' title='bbox 1861 2690 1960 2744; x_wconf 80' lang='lat' dir='ltr'><strong>ego</strong></span> <span class='ocrx_word' id='word_1_197' title='bbox 1985 2693 2076 2730; x_wconf 86' lang='lat' dir='ltr'><strong>Ctt-</strong></span> 
     </span>
    </p>
   </div>
   <div class='ocr_carea' id='block_1_29' title="bbox 491 2767 2076 2836">
    <p class='ocr_par' dir='ltr' id='par_1_29' title="bbox 491 2767 2076 2836">
     <span class='ocr_line' id='line_1_29' title="bbox 491 2767 2076 2836; baseline 0 -16"><span class='ocrx_word' id='word_1_198' title='bbox 491 2769 689 2820; x_wconf 75' lang='lat' dir='ltr'><strong>stodivi</strong></span> <span class='ocrx_word' id='word_1_199' title='bbox 723 2767 840 2822; x_wconf 72' lang='lat' dir='ltr'><strong>vias</strong></span> <span class='ocrx_word' id='word_1_200' title='bbox 887 2769 1054 2822; x_wconf 86' lang='lat' dir='ltr'><strong>duras</strong></span> <span class='ocrx_word' id='word_1_201' title='bbox 1091 2768 1154 2820; x_wconf 77' lang='grc'><strong>⁸³.</strong></span> <span class='ocrx_word' id='word_1_202' title='bbox 1207 2787 1224 2818; x_wconf 75' lang='grc' dir='ltr'>ι</span> <span class='ocrx_word' id='word_1_203' title='bbox 1261 2769 1338 2821; x_wconf 86' lang='lat' dir='ltr'><strong>Ibi</strong></span> <span class='ocrx_word' id='word_1_204' title='bbox 1369 2767 1637 2835; x_wconf 87' lang='lat' dir='ltr'><strong>siquidem</strong></span> <span class='ocrx_word' id='word_1_205' title='bbox 1669 2769 1768 2821; x_wconf 74' lang='lat' dir='ltr'><strong>viae</strong></span> <span class='ocrx_word' id='word_1_206' title='bbox 1802 2767 1952 2820; x_wconf 72' lang='lat' dir='ltr'><strong>dura:</strong></span> <span class='ocrx_word' id='word_1_207' title='bbox 1981 2783 2076 2836; x_wconf 84' lang='lat' dir='ltr'><strong>ap-</strong></span> 
     </span>
    </p>
   </div>
   <div class='ocr_carea' id='block_1_30' title="bbox 489 2857 2076 2927">
    <p class='ocr_par' dir='ltr' id='par_1_30' title="bbox 489 2857 2076 2927">
     <span class='ocr_line' id='line_1_30' title="bbox 489 2857 2076 2927; baseline 0 -16"><span class='ocrx_word' id='word_1_208' title='bbox 489 2857 764 2927; x_wconf 86' lang='lat' dir='ltr'><strong>pellantur</strong></span> <span class='ocrx_word' id='word_1_209' title='bbox 814 2859 1062 2922; x_wconf 81' lang='lat' dir='ltr'><strong>virtutes,</strong></span> <span class='ocrx_word' id='word_1_210' title='bbox 1100 2875 1164 2914; x_wconf 92' lang='lat' dir='ltr'><strong>co</strong></span> <span class='ocrx_word' id='word_1_211' title='bbox 1203 2859 1347 2927; x_wconf 89' lang='lat' dir='ltr'><strong>quod</strong></span> <span class='ocrx_word' id='word_1_212' title='bbox 1399 2873 1521 2911; x_wconf 92' lang='lat' dir='ltr'><strong>cum</strong></span> <span class='ocrx_word' id='word_1_213' title='bbox 1560 2859 1758 2912; x_wconf 91' lang='lat' dir='ltr'><strong>sudore</strong></span> <span class='ocrx_word' id='word_1_214' title='bbox 1807 2857 1980 2911; x_wconf 87' lang='lat' dir='ltr'><strong>tunlto</strong></span> <span class='ocrx_word' id='word_1_215' title='bbox 2011 2873 2076 2911; x_wconf 89' lang='lat' dir='ltr'><strong>ae</strong></span> 
     </span>
    </p>
   </div>
   <div class='ocr_carea' id='block_1_31' title="bbox 491 2947 2074 3019">
    <p class='ocr_par' dir='ltr' id='par_1_31' title="bbox 491 2947 2074 3019">
     <span class='ocr_line' id='line_1_31' title="bbox 491 2947 2074 3019; baseline -0.002 -16"><span class='ocrx_word' id='word_1_216' title='bbox 491 2951 678 3004; x_wconf 79' lang='lat' dir='ltr'><strong>labore</strong></span> <span class='ocrx_word' id='word_1_217' title='bbox 723 2951 1122 3019; x_wconf 83' lang='lat' dir='ltr'><strong>perﬁciantur:</strong></span> <span class='ocrx_word' id='word_1_218' title='bbox 1161 2951 1250 3004; x_wconf 87' lang='lat' dir='ltr'><strong>hic</strong></span> <span class='ocrx_word' id='word_1_219' title='bbox 1283 2964 1412 3004; x_wconf 84' lang='lat' dir='ltr'><strong>vero</strong></span> <span class='ocrx_word' id='word_1_220' title='bbox 1457 2949 1592 3002; x_wconf 75' lang='lat' dir='ltr'><strong>vidit</strong></span> <span class='ocrx_word' id='word_1_221' title='bbox 1627 2947 1861 3017; x_wconf 82' lang='lat' dir='ltr'><strong>populus</strong></span> <span class='ocrx_word' id='word_1_222' title='bbox 1912 2949 2074 3013; x_wconf 83' lang='lat' dir='ltr'><strong>dura,</strong></span> 
     </span>
    </p>
   </div>
   <div class='ocr_carea' id='block_1_32' title="bbox 491 3041 1430 3096">
    <p class='ocr_par' dir='ltr' id='par_1_32' title="bbox 491 3041 1430 3096">
     <span class='ocr_line' id='line_1_32' title="bbox 491 3041 1430 3096; baseline -0.002 0"><span class='ocrx_word' id='word_1_223' title='bbox 491 3049 617 3096; x_wconf 87' lang='lat' dir='ltr'><strong>dmn</strong></span> <span class='ocrx_word' id='word_1_224' title='bbox 649 3041 913 3096; x_wconf 85' lang='lat' dir='ltr'><strong>molestiis</strong></span> <span class='ocrx_word' id='word_1_225' title='bbox 947 3043 1283 3096; x_wconf 78' lang='lat' dir='ltr'><strong>exercitatus</strong></span> <span class='ocrx_word' id='word_1_226' title='bbox 1325 3049 1430 3096; x_wconf 88' lang='lat' dir='ltr'><strong>est.</strong></span> 
     </span>
    </p>
   </div>
   <div class='ocr_carea' id='block_1_33' title="bbox 567 3131 2073 3202">
    <p class='ocr_par' dir='ltr' id='par_1_33' title="bbox 567 3131 2073 3202">
     <span class='ocr_line' id='line_1_33' title="bbox 567 3131 2073 3202; baseline 0 -18"><span class='ocrx_word' id='word_1_227' title='bbox 567 3133 732 3188; x_wconf 72' lang='lat' dir='ltr'><strong>Vsus.</strong></span> <span class='ocrx_word' id='word_1_228' title='bbox 766 3133 818 3186; x_wconf 88' lang='lat'><strong>6.</strong></span> <span class='ocrx_word' id='word_1_229' title='bbox 855 3131 1056 3186; x_wconf 80' lang='lat' dir='ltr'><strong>Dedisti</strong></span> <span class='ocrx_word' id='word_1_230' title='bbox 1105 3133 1458 3186; x_wconf 80' lang='lat' dir='ltr'><strong>metuentibus</strong></span> <span class='ocrx_word' id='word_1_231' title='bbox 1509 3143 1554 3186; x_wconf 81' lang='lat' dir='ltr'><strong>te</strong></span> <span class='ocrx_word' id='word_1_232' title='bbox 1603 3133 2073 3202; x_wconf 78' lang='lat' dir='ltr'><strong>signi/irationem,</strong></span> 
     </span>
    </p>
   </div>
   <div class='ocr_carea' id='block_1_34' title="bbox 491 3223 2072 3294">
    <p class='ocr_par' dir='ltr' id='par_1_34' title="bbox 491 3223 2072 3294">
     <span class='ocr_line' id='line_1_34' title="bbox 491 3223 2072 3294; baseline -0.003 -13"><span class='ocrx_word' id='word_1_233' title='bbox 491 3231 598 3281; x_wconf 89' lang='lat' dir='ltr'><strong>etc.</strong></span> <span class='ocrx_word' id='word_1_234' title='bbox 624 3223 733 3279; x_wconf 75' lang='lat' dir='ltr'><strong>Nos</strong></span> <span class='ocrx_word' id='word_1_235' title='bbox 763 3225 1008 3294; x_wconf 87' lang='lat' dir='ltr'><strong>quidem,</strong></span> <span class='ocrx_word' id='word_1_236' title='bbox 1055 3226 1254 3294; x_wconf 88' lang='lat' dir='ltr'><strong>inquit,</strong></span> <span class='ocrx_word' id='word_1_237' title='bbox 1289 3233 1514 3292; x_wconf 88' lang='lat' dir='ltr'><strong>propter</strong></span> <span class='ocrx_word' id='word_1_238' title='bbox 1545 3224 1880 3293; x_wconf 86' lang='lat' dir='ltr'><strong>impietatem</strong></span> <span class='ocrx_word' id='word_1_239' title='bbox 1907 3239 2072 3293; x_wconf 91' lang='lat' dir='ltr'><strong>quam</strong></span> 
     </span>
    </p>
   </div>
   <div class='ocr_carea' id='block_1_35' title="bbox 490 3313 2075 3385">
    <p class='ocr_par' dir='ltr' id='par_1_35' title="bbox 490 3313 2075 3385">
     <span class='ocr_line' id='line_1_35' title="bbox 490 3313 2075 3385; baseline -0.001 -17"><span class='ocrx_word' id='word_1_240' title='bbox 490 3315 742 3380; x_wconf 76' lang='lat' dir='ltr'><strong>fecimus,</strong></span> <span class='ocrx_word' id='word_1_241' title='bbox 767 3315 938 3385; x_wconf 89' lang='lat' dir='ltr'><strong>puniti</strong></span> <span class='ocrx_word' id='word_1_242' title='bbox 969 3329 1177 3377; x_wconf 90' lang='lat' dir='ltr'><strong>sumus;</strong></span> <span class='ocrx_word' id='word_1_243' title='bbox 1203 3314 1294 3382; x_wconf 89' lang='lat' dir='ltr'><strong>qui</strong></span> <span class='ocrx_word' id='word_1_244' title='bbox 1327 3323 1508 3366; x_wconf 84' lang='lat' dir='ltr'><strong>autem</strong></span> <span class='ocrx_word' id='word_1_245' title='bbox 1533 3314 1728 3366; x_wconf 84' lang='lat' dir='ltr'><strong>timent</strong></span> <span class='ocrx_word' id='word_1_246' title='bbox 1759 3321 1832 3372; x_wconf 91' lang='lat' dir='ltr'><strong>te.</strong></span> <span class='ocrx_word' id='word_1_247' title='bbox 1861 3313 2075 3381; x_wconf 75' lang='lat' dir='ltr'><strong>signum</strong></span> 
     </span>
    </p>
   </div>
   <div class='ocr_carea' id='block_1_36' title="bbox 492 3405 2081 3477">
    <p class='ocr_par' dir='ltr' id='par_1_36' title="bbox 492 3405 2081 3477">
     <span class='ocr_line' id='line_1_36' title="bbox 492 3405 2081 3477; baseline -0.003 -13"><span class='ocrx_word' id='word_1_248' title='bbox 492 3417 842 3477; x_wconf 82' lang='lat' dir='ltr'><strong>receperunt,</strong></span> <span class='ocrx_word' id='word_1_249' title='bbox 886 3407 1016 3461; x_wconf 90' lang='lat' dir='ltr'><strong>illud</strong></span> <span class='ocrx_word' id='word_1_250' title='bbox 1049 3407 1308 3460; x_wconf 82' lang='lat' dir='ltr'><strong>videlicet</strong></span> <span class='ocrx_word' id='word_1_251' title='bbox 1336 3407 1388 3460; x_wconf 89' lang='lat' dir='ltr'><strong>in</strong></span> <span class='ocrx_word' id='word_1_252' title='bbox 1413 3422 1522 3474; x_wconf 87' lang='lat' dir='ltr'><strong>quo</strong></span> <span class='ocrx_word' id='word_1_253' title='bbox 1558 3405 1756 3475; x_wconf 79' lang='lat' dir='ltr'><strong>signati</strong></span> <span class='ocrx_word' id='word_1_254' title='bbox 1783 3421 1989 3468; x_wconf 83' lang='lat' dir='ltr'><strong>sumus,</strong></span> <span class='ocrx_word' id='word_1_255' title='bbox 2019 3413 2081 3459; x_wconf 87' lang='lat' dir='ltr'><strong>ut</strong></span> 
     </span>
    </p>
   </div>
   <div class='ocr_carea' id='block_1_37' title="bbox 493 3499 2080 3572">
    <p class='ocr_par' dir='ltr' id='par_1_37' title="bbox 493 3499 2080 3572">
     <span class='ocr_line' id='line_1_37' title="bbox 493 3499 2080 3572; baseline -0.002 -15"><span class='ocrx_word' id='word_1_256' title='bbox 493 3503 745 3572; x_wconf 87' lang='lat' dir='ltr'><strong>supplicii</strong></span> <span class='ocrx_word' id='word_1_257' title='bbox 777 3510 1028 3572; x_wconf 79' lang='lat' dir='ltr'><strong>expertes</strong></span> <span class='ocrx_word' id='word_1_258' title='bbox 1068 3511 1274 3556; x_wconf 90' lang='lat' dir='ltr'><strong>essent.</strong></span> <span class='ocrx_word' id='word_1_259' title='bbox 1309 3499 1484 3568; x_wconf 80' lang='lat' dir='ltr'><strong>Hujus</strong></span> <span class='ocrx_word' id='word_1_260' title='bbox 1525 3515 1655 3553; x_wconf 82' lang='lat' dir='ltr'><strong>vero</strong></span> <span class='ocrx_word' id='word_1_261' title='bbox 1696 3499 1832 3570; x_wconf 82' lang='lat' dir='ltr'><strong>signi</strong></span> <span class='ocrx_word' id='word_1_262' title='bbox 1864 3501 2080 3570; x_wconf 80' lang='lat' dir='ltr'><strong>symbo-</strong></span> 
     </span>
    </p>
   </div>
   <div class='ocr_carea' id='block_1_38' title="bbox 495 3593 2080 3666">
    <p class='ocr_par' dir='ltr' id='par_1_38' title="bbox 495 3593 2080 3666">
     <span class='ocr_line' id='line_1_38' title="bbox 495 3593 2080 3666; baseline -0.001 -18"><span class='ocrx_word' id='word_1_263' title='bbox 495 3594 606 3648; x_wconf 86' lang='lat' dir='ltr'><strong>lutn</strong></span> <span class='ocrx_word' id='word_1_264' title='bbox 639 3603 758 3650; x_wconf 86' lang='lat' dir='ltr'><strong>erat</strong></span> <span class='ocrx_word' id='word_1_265' title='bbox 809 3595 1030 3666; x_wconf 80' lang='lat' dir='ltr'><strong>sanguis</strong></span> <span class='ocrx_word' id='word_1_266' title='bbox 1081 3608 1342 3664; x_wconf 87' lang='lat' dir='ltr'><strong>pecorum</strong></span> <span class='ocrx_word' id='word_1_267' title='bbox 1379 3607 1486 3661; x_wconf 89' lang='lat' dir='ltr'><strong>quo</strong></span> <span class='ocrx_word' id='word_1_268' title='bbox 1545 3593 1690 3647; x_wconf 83' lang='lat' dir='ltr'><strong>uncti</strong></span> <span class='ocrx_word' id='word_1_269' title='bbox 1729 3601 1856 3646; x_wconf 88' lang='lat' dir='ltr'><strong>sunt</strong></span> <span class='ocrx_word' id='word_1_270' title='bbox 1897 3603 2080 3651; x_wconf 78' lang='lat' dir='ltr'><strong>postes</strong></span> 
     </span>
    </p>
   </div>
   <div class='ocr_carea' id='block_1_39' title="bbox 495 3689 803 3742">
    <p class='ocr_par' dir='ltr' id='par_1_39' title="bbox 495 3689 803 3742">
     <span class='ocr_line' id='line_1_39' title="bbox 495 3689 803 3742; baseline 0.006 -2"><span class='ocrx_word' id='word_1_271' title='bbox 495 3689 803 3742; x_wconf 87' lang='lat' dir='ltr'><strong>domorum.</strong></span> 
     </span>
    </p>
   </div>
   <div class='ocr_carea' id='block_1_40' title="bbox 1044 3863 1528 3920">
    <p class='ocr_par' dir='ltr' id='par_1_40' title="bbox 1044 3863 1528 3920">
     <span class='ocr_line' id='line_1_40' title="bbox 1044 3863 1528 3920; baseline 0 0"><span class='ocrx_word' id='word_1_272' title='bbox 1044 3863 1366 3920; x_wconf 74' lang='lat' dir='ltr'><strong>PSALMUS</strong></span> <span class='ocrx_word' id='word_1_273' title='bbox 1415 3864 1528 3920; x_wconf 80' lang='lat' dir='ltr'><strong>LX.</strong></span> 
     </span>
    </p>
   </div>
   <div class='ocr_carea' id='block_1_41' title="bbox 570 3957 2076 4029">
    <p class='ocr_par' dir='ltr' id='par_1_41' title="bbox 570 3957 2076 4029">
     <span class='ocr_line' id='line_1_41' title="bbox 570 3957 2076 4029; baseline 0.005 -19"><span class='ocrx_word' id='word_1_274' title='bbox 570 3957 736 4014; x_wconf 75' lang='lat' dir='ltr'><strong>Vsus.</strong></span> <span class='ocrx_word' id='word_1_275' title='bbox 781 3958 832 4011; x_wconf 83' lang='grc'><strong>’5.</strong></span> <span class='ocrx_word' id='word_1_276' title='bbox 865 3957 902 4009; x_wconf 82' lang='grc' dir='ltr'><em>Α</em></span> <span class='ocrx_word' id='word_1_277' title='bbox 937 3959 1128 4026; x_wconf 81' lang='lat' dir='ltr'><strong>ﬁnibus</strong></span> <span class='ocrx_word' id='word_1_278' title='bbox 1163 3969 1318 4014; x_wconf 71' lang='lat' dir='ltr'><strong>terra!</strong></span> <span class='ocrx_word' id='word_1_279' title='bbox 1349 3961 1418 4012; x_wconf 83' lang='lat' dir='ltr'><strong>ad</strong></span> <span class='ocrx_word' id='word_1_280' title='bbox 1462 3971 1511 4013; x_wconf 86' lang='lat' dir='ltr'><strong>te</strong></span> <span class='ocrx_word' id='word_1_281' title='bbox 1539 3959 1788 4026; x_wconf 78' lang='lat' dir='ltr'><strong>clamavi,</strong></span> <span class='ocrx_word' id='word_1_282' title='bbox 1821 3974 1926 4015; x_wconf 85' lang='lat' dir='ltr'><strong>etr.</strong></span> <span class='ocrx_word' id='word_1_283' title='bbox 1972 3962 2076 4029; x_wconf 86' lang='lat' dir='ltr'><strong>Qui</strong></span> 
     </span>
    </p>
   </div>
   <div class='ocr_carea' id='block_1_42' title="bbox 499 4051 2076 4124">
    <p class='ocr_par' dir='ltr' id='par_1_42' title="bbox 499 4051 2076 4124">
     <span class='ocr_line' id='line_1_42' title="bbox 499 4051 2076 4124; baseline 0.001 -18"><span class='ocrx_word' id='word_1_284' title='bbox 499 4053 552 4106; x_wconf 92' lang='lat' dir='ltr'><strong>in</strong></span> <span class='ocrx_word' id='word_1_285' title='bbox 599 4051 894 4121; x_wconf 87' lang='lat' dir='ltr'><strong>semetipso</strong></span> <span class='ocrx_word' id='word_1_286' title='bbox 927 4053 1092 4104; x_wconf 88' lang='lat' dir='ltr'><strong>sentit</strong></span> <span class='ocrx_word' id='word_1_287' title='bbox 1117 4063 1377 4115; x_wconf 85' lang='lat' dir='ltr'><strong>quantum</strong></span> <span class='ocrx_word' id='word_1_288' title='bbox 1411 4052 1632 4107; x_wconf 81' lang='lat' dir='ltr'><strong>deﬁciat</strong></span> <span class='ocrx_word' id='word_1_289' title='bbox 1660 4069 1690 4108; x_wconf 88' lang='lat' dir='ltr'><strong>a</strong></span> <span class='ocrx_word' id='word_1_290' title='bbox 1720 4053 2076 4124; x_wconf 82' lang='lat' dir='ltr'><strong>perfectione,</strong></span> 
     </span>
    </p>
   </div>
   <div class='ocr_carea' id='block_1_43' title="bbox 498 4141 2078 4210">
    <p class='ocr_par' dir='ltr' id='par_1_43' title="bbox 498 4141 2078 4210">
     <span class='ocr_line' id='line_1_43' title="bbox 498 4141 2078 4210; baseline 0.003 -15"><span class='ocrx_word' id='word_1_291' title='bbox 498 4144 624 4196; x_wconf 82' lang='lat' dir='ltr'><strong>dum</strong></span> <span class='ocrx_word' id='word_1_292' title='bbox 659 4142 976 4196; x_wconf 84' lang='lat' dir='ltr'><strong>considerat</strong></span> <span class='ocrx_word' id='word_1_293' title='bbox 1005 4143 1127 4210; x_wconf 89' lang='lat' dir='ltr'><strong>quis</strong></span> <span class='ocrx_word' id='word_1_294' title='bbox 1156 4141 1426 4208; x_wconf 80' lang='lat' dir='ltr'><strong>perfectus</strong></span> <span class='ocrx_word' id='word_1_295' title='bbox 1454 4143 1546 4210; x_wconf 86' lang='lat' dir='ltr'><strong>sit,</strong></span> <span class='ocrx_word' id='word_1_296' title='bbox 1574 4153 1630 4197; x_wconf 90' lang='lat' dir='ltr'><strong>et</strong></span> <span class='ocrx_word' id='word_1_297' title='bbox 1661 4144 1714 4197; x_wconf 89' lang='lat' dir='ltr'><strong>in</strong></span> <span class='ocrx_word' id='word_1_298' title='bbox 1740 4145 2078 4199; x_wconf 78' lang='lat' dir='ltr'><strong>orationibus</strong></span> 
     </span>
    </p>
   </div>
   <div class='ocr_carea' id='block_1_44' title="bbox 2167 554 3764 628">
    <p class='ocr_par' dir='ltr' id='par_1_44' title="bbox 2167 554 3764 628">
     <span class='ocr_line' id='line_1_44' title="bbox 2167 554 3764 628; baseline 0.004 -22"><span class='ocrx_word' id='word_1_299' title='bbox 2167 554 2424 624; x_wconf 56' lang='lat' dir='ltr'><strong>6téxo+ag</strong></span> <span class='ocrx_word' id='word_1_300' title='bbox 2466 556 2612 624; x_wconf 77' lang='grc' dir='ltr'>ἡμᾶς</span> <span class='ocrx_word' id='word_1_301' title='bbox 2639 575 2657 606; x_wconf 76' lang='grc' dir='ltr'>ι</span> <span class='ocrx_word' id='word_1_302' title='bbox 2709 557 2845 626; x_wconf 82' lang='grc' dir='ltr'>ὅπερ</span> <span class='ocrx_word' id='word_1_303' title='bbox 2889 556 3040 626; x_wconf 86' lang='grc' dir='ltr'>δηλοῖ</span> <span class='ocrx_word' id='word_1_304' title='bbox 3084 557 3265 610; x_wconf 76' lang='grc' dir='ltr'>αὐτῶν</span> <span class='ocrx_word' id='word_1_305' title='bbox 3307 558 3407 628; x_wconf 76' lang='grc' dir='ltr'>τὴν</span> <span class='ocrx_word' id='word_1_306' title='bbox 3451 559 3764 628; x_wconf 71' lang='grc' dir='ltr'>ἀποκοπὴν.</span> 
     </span>
    </p>
   </div>
   <div class='ocr_carea' id='block_1_45' title="bbox 2173 639 3760 720">
    <p class='ocr_par' dir='ltr' id='par_1_45' title="bbox 2173 639 3760 720">
     <span class='ocr_line' id='line_1_45' title="bbox 2173 639 3760 720; baseline 0.003 -24"><span class='ocrx_word' id='word_1_307' title='bbox 2173 639 2282 696; x_wconf 76' lang='grc' dir='ltr'>Εἶτ’</span> <span class='ocrx_word' id='word_1_308' title='bbox 2321 645 2592 712; x_wconf 78' lang='grc' dir='ltr'>ἐπιλέγει·</span> <span class='ocrx_word' id='word_1_309' title='bbox 2639 665 2656 696; x_wconf 86' lang='grc' dir='ltr'>ι</span> <span class='ocrx_word' id='word_1_310' title='bbox 2679 647 2990 718; x_wconf 82' lang='grc' dir='ltr'>Ὡργίσθης,</span> <span class='ocrx_word' id='word_1_311' title='bbox 3027 648 3123 700; x_wconf 78' lang='grc' dir='ltr'>καὶ</span> <span class='ocrx_word' id='word_1_312' title='bbox 3151 649 3494 720; x_wconf 80' lang='grc' dir='ltr'>ᾠκτείρησας</span> <span class='ocrx_word' id='word_1_313' title='bbox 3527 649 3706 718; x_wconf 71' lang='grc' dir='ltr'>ἡμᾶς·</span> <span class='ocrx_word' id='word_1_314' title='bbox 3743 669 3760 700; x_wconf 76' lang='grc' dir='ltr'>ι</span> 
     </span>
    </p>
   </div>
   <div class='ocr_carea' id='block_1_46' title="bbox 2170 737 3767 813">
    <p class='ocr_par' dir='ltr' id='par_1_46' title="bbox 2170 737 3767 813">
     <span class='ocr_line' id='line_1_46' title="bbox 2170 737 3767 813; baseline 0.004 -23"><span class='ocrx_word' id='word_1_315' title='bbox 2170 737 2312 790; x_wconf 84' lang='grc' dir='ltr'>κατὰ</span> <span class='ocrx_word' id='word_1_316' title='bbox 2354 739 2411 791; x_wconf 83' lang='grc' dir='ltr'>δὲ</span> <span class='ocrx_word' id='word_1_317' title='bbox 2443 738 2532 790; x_wconf 88' lang='grc' dir='ltr'><strong>τὸν</strong></span> <span class='ocrx_word' id='word_1_318' title='bbox 2572 738 2804 792; x_wconf 80' lang='grc' dir='ltr'><strong>Ἀκύλαν</strong></span> <span class='ocrx_word' id='word_1_319' title='bbox 2828 757 2840 770; x_wconf 94' lang='grc'><strong>·</strong></span> <span class='ocrx_word' id='word_1_320' title='bbox 2897 759 2916 790; x_wconf 72' lang='grc' dir='ltr'>ι</span> <span class='ocrx_word' id='word_1_321' title='bbox 2941 741 3226 811; x_wconf 71' lang='grc' dir='ltr'>Θυμωθεὶς</span> <span class='ocrx_word' id='word_1_322' title='bbox 3271 741 3646 813; x_wconf 71' lang='grc' dir='ltr'>μετέστρεψας</span> <span class='ocrx_word' id='word_1_323' title='bbox 3699 745 3767 812; x_wconf 81' lang='grc' dir='ltr'><strong>ή-</strong></span> 
     </span>
    </p>
   </div>
   <div class='ocr_carea' id='block_1_47' title="bbox 2175 831 3770 906">
    <p class='ocr_par' dir='ltr' id='par_1_47' title="bbox 2175 831 3770 906">
     <span class='ocr_line' id='line_1_47' title="bbox 2175 831 3770 906; baseline 0.003 -23"><span class='ocrx_word' id='word_1_324' title='bbox 2175 831 2302 899; x_wconf 83' lang='grc' dir='ltr'>μᾶς.</span> <span class='ocrx_word' id='word_1_325' title='bbox 2331 849 2349 880; x_wconf 75' lang='grc' dir='ltr'>ι</span> <span class='ocrx_word' id='word_1_326' title='bbox 2391 831 2592 884; x_wconf 83' lang='grc' dir='ltr'>Τοῦτον</span> <span class='ocrx_word' id='word_1_327' title='bbox 2623 832 2682 884; x_wconf 84' lang='grc' dir='ltr'><strong>δὲ</strong></span> <span class='ocrx_word' id='word_1_328' title='bbox 2735 831 2935 902; x_wconf 77' lang='grc' dir='ltr'>μᾶλλον</span> <span class='ocrx_word' id='word_1_329' title='bbox 2981 833 3074 886; x_wconf 82' lang='grc' dir='ltr'><strong>τὸν</strong></span> <span class='ocrx_word' id='word_1_330' title='bbox 3116 833 3274 902; x_wconf 85' lang='grc' dir='ltr'>λόγον</span> <span class='ocrx_word' id='word_1_331' title='bbox 3305 837 3336 904; x_wconf 84' lang='grc' dir='ltr'>ἡ</span> <span class='ocrx_word' id='word_1_332' title='bbox 3371 834 3478 887; x_wconf 85' lang='grc' dir='ltr'><strong>τῶν</strong></span> <span class='ocrx_word' id='word_1_333' title='bbox 3507 835 3770 906; x_wconf 82' lang='grc' dir='ltr'>πραγμά-</span> 
     </span>
    </p>
   </div>
   <div class='ocr_carea' id='block_1_48' title="bbox 2169 923 3768 998">
    <p class='ocr_par' dir='ltr' id='par_1_48' title="bbox 2169 923 3768 998">
     <span class='ocr_line' id='line_1_48' title="bbox 2169 923 3768 998; baseline 0.003 -24"><span class='ocrx_word' id='word_1_334' title='bbox 2169 939 2278 976; x_wconf 89' lang='grc' dir='ltr'><strong>των</strong></span> <span class='ocrx_word' id='word_1_335' title='bbox 2305 923 2528 986; x_wconf 81' lang='grc' dir='ltr'>ἔκϐασις</span> <span class='ocrx_word' id='word_1_336' title='bbox 2557 924 2884 996; x_wconf 74' lang='grc' dir='ltr'><strong>παρίστησι·</strong></span> <span class='ocrx_word' id='word_1_337' title='bbox 2925 926 3062 994; x_wconf 81' lang='grc' dir='ltr'>μετὰ</span> <span class='ocrx_word' id='word_1_338' title='bbox 3089 927 3222 994; x_wconf 78' lang='grc' dir='ltr'>γοῦν</span> <span class='ocrx_word' id='word_1_339' title='bbox 3253 927 3354 998; x_wconf 71' lang='grc' dir='ltr'>τὴν</span> <span class='ocrx_word' id='word_1_340' title='bbox 3388 927 3482 979; x_wconf 80' lang='grc' dir='ltr'>τοῦ</span> <span class='ocrx_word' id='word_1_341' title='bbox 3513 927 3768 997; x_wconf 77' lang='grc' dir='ltr'><strong>Σωτῆρος</strong></span> 
     </span>
    </p>
   </div>
   <div class='ocr_carea' id='block_1_49' title="bbox 2175 1015 3767 1090">
    <p class='ocr_par' dir='ltr' id='par_1_49' title="bbox 2175 1015 3767 1090">
     <span class='ocr_line' id='line_1_49' title="bbox 2175 1015 3767 1090; baseline 0.004 -25"><span class='ocrx_word' id='word_1_342' title='bbox 2175 1015 2474 1084; x_wconf 82' lang='grc' dir='ltr'>παρουσίαν</span> <span class='ocrx_word' id='word_1_343' title='bbox 2519 1017 2692 1067; x_wconf 79' lang='grc' dir='ltr'>ταῦτα</span> <span class='ocrx_word' id='word_1_344' title='bbox 2741 1017 3064 1070; x_wconf 85' lang='grc' dir='ltr'>πεπόνθασι.</span> <span class='ocrx_word' id='word_1_345' title='bbox 3119 1019 3246 1070; x_wconf 86' lang='grc' dir='ltr'><strong>Ὅτε</strong></span> <span class='ocrx_word' id='word_1_346' title='bbox 3275 1018 3384 1090; x_wconf 79' lang='grc' dir='ltr'>γὰρ</span> <span class='ocrx_word' id='word_1_347' title='bbox 3417 1017 3652 1087; x_wconf 75' lang='grc' dir='ltr'><strong>ἔφθασεν</strong></span> <span class='ocrx_word' id='word_1_348' title='bbox 3676 1020 3767 1070; x_wconf 75' lang='grc' dir='ltr'><strong>ἐπ’</strong></span> 
     </span>
    </p>
   </div>
   <div class='ocr_carea' id='block_1_50' title="bbox 2171 1105 3768 1182">
    <p class='ocr_par' dir='ltr' id='par_1_50' title="bbox 2171 1105 3768 1182">
     <span class='ocr_line' id='line_1_50' title="bbox 2171 1105 3768 1182; baseline 0.003 -24"><span class='ocrx_word' id='word_1_349' title='bbox 2171 1105 2373 1169; x_wconf 78' lang='grc' dir='ltr'>αὐτοὺς</span> <span class='ocrx_word' id='word_1_350' title='bbox 2423 1109 2454 1178; x_wconf 79' lang='grc' dir='ltr'><strong>ἡ</strong></span> <span class='ocrx_word' id='word_1_351' title='bbox 2483 1107 2643 1178; x_wconf 78' lang='grc' dir='ltr'>ὀργὴ,</span> <span class='ocrx_word' id='word_1_352' title='bbox 2673 1109 2752 1171; x_wconf 84' lang='grc' dir='ltr'>εἰς</span> <span class='ocrx_word' id='word_1_353' title='bbox 2778 1107 2931 1172; x_wconf 83' lang='grc' dir='ltr'><strong>τέλος</strong></span> <span class='ocrx_word' id='word_1_354' title='bbox 2973 1108 3306 1181; x_wconf 84' lang='grc' dir='ltr'>ἀπώσθησαν</span> <span class='ocrx_word' id='word_1_355' title='bbox 3331 1110 3425 1164; x_wconf 72' lang='grc' dir='ltr'><strong>καὶ</strong></span> <span class='ocrx_word' id='word_1_356' title='bbox 3458 1111 3768 1182; x_wconf 71' lang='grc' dir='ltr'>καθῃρέθη-</span> 
     </span>
    </p>
   </div>
   <div class='ocr_carea' id='block_1_51' title="bbox 2174 1199 3770 1272">
    <p class='ocr_par' dir='ltr' id='par_1_51' title="bbox 2174 1199 3770 1272">
     <span class='ocr_line' id='line_1_51' title="bbox 2174 1199 3770 1272; baseline 0.003 -23"><span class='ocrx_word' id='word_1_357' title='bbox 2174 1214 2293 1260; x_wconf 92' lang='grc' dir='ltr'>σαν,</span> <span class='ocrx_word' id='word_1_358' title='bbox 2323 1199 2418 1252; x_wconf 73' lang='grc' dir='ltr'><strong>καὶ</strong></span> <span class='ocrx_word' id='word_1_359' title='bbox 2441 1199 2848 1270; x_wconf 84' lang='grc' dir='ltr'>ἀπεϐλήθησαν,</span> <span class='ocrx_word' id='word_1_360' title='bbox 2878 1200 3208 1272; x_wconf 85' lang='grc' dir='ltr'>διεκόπησάν</span> <span class='ocrx_word' id='word_1_361' title='bbox 3254 1219 3312 1255; x_wconf 87' lang='grc' dir='ltr'><strong>τε</strong></span> <span class='ocrx_word' id='word_1_362' title='bbox 3346 1202 3440 1255; x_wconf 72' lang='grc' dir='ltr'><strong>καὶ</strong></span> <span class='ocrx_word' id='word_1_363' title='bbox 3469 1201 3770 1272; x_wconf 73' lang='grc' dir='ltr'>περιήχθη-</span> 
     </span>
    </p>
   </div>
   <div class='ocr_carea' id='block_1_52' title="bbox 2177 1291 3434 1365">
    <p class='ocr_par' dir='ltr' id='par_1_52' title="bbox 2177 1291 3434 1365">
     <span class='ocr_line' id='line_1_52' title="bbox 2177 1291 3434 1365; baseline 0.003 -23"><span class='ocrx_word' id='word_1_364' title='bbox 2177 1307 2298 1354; x_wconf 88' lang='grc' dir='ltr'>σαν,</span> <span class='ocrx_word' id='word_1_365' title='bbox 2334 1291 2847 1362; x_wconf 83' lang='grc' dir='ltr'>διασκορπισθέντες</span> <span class='ocrx_word' id='word_1_366' title='bbox 2879 1297 2960 1357; x_wconf 83' lang='grc' dir='ltr'>εἰς</span> <span class='ocrx_word' id='word_1_367' title='bbox 2991 1295 3168 1348; x_wconf 86' lang='grc' dir='ltr'>πάντα</span> <span class='ocrx_word' id='word_1_368' title='bbox 3194 1295 3262 1346; x_wconf 90' lang='grc' dir='ltr'><strong>τά</strong></span> <span class='ocrx_word' id='word_1_369' title='bbox 3285 1294 3434 1365; x_wconf 77' lang='grc' dir='ltr'>ἔθνη.</span> 
     </span>
    </p>
   </div>
   <div class='ocr_carea' id='block_1_53' title="bbox 2249 1386 3768 1456">
    <p class='ocr_par' dir='ltr' id='par_1_53' title="bbox 2249 1386 3768 1456">
     <span class='ocr_line' id='line_1_53' title="bbox 2249 1386 3768 1456; baseline -0.002 -16"><span class='ocrx_word' id='word_1_370' title='bbox 2249 1389 2448 1440; x_wconf 75' lang='grc' dir='ltr'>Ἰησαι</span> <span class='ocrx_word' id='word_1_371' title='bbox 2489 1387 2560 1438; x_wconf 78' lang='grc' dir='ltr'>τὰ</span> <span class='ocrx_word' id='word_1_372' title='bbox 2605 1387 3022 1455; x_wconf 71' lang='grc' dir='ltr'>συντρίμματα</span> <span class='ocrx_word' id='word_1_373' title='bbox 3064 1386 3276 1452; x_wconf 74' lang='grc' dir='ltr'>αὐτῆς,</span> <span class='ocrx_word' id='word_1_374' title='bbox 3327 1405 3381 1440; x_wconf 88' lang='grc' dir='ltr'><strong>κ.</strong></span> <span class='ocrx_word' id='word_1_375' title='bbox 3410 1405 3459 1440; x_wconf 92' lang='grc' dir='ltr'><strong>τ.</strong></span> <span class='ocrx_word' id='word_1_376' title='bbox 3487 1389 3533 1441; x_wconf 81' lang='grc' dir='ltr'><strong>ἑ.</strong></span> <span class='ocrx_word' id='word_1_377' title='bbox 3595 1387 3768 1456; x_wconf 83' lang='grc' dir='ltr'>Κινη-</span> 
     </span>
    </p>
   </div>
   <div class='ocr_carea' id='block_1_54' title="bbox 2175 1476 3766 1548">
    <p class='ocr_par' dir='ltr' id='par_1_54' title="bbox 2175 1476 3766 1548">
     <span class='ocr_line' id='line_1_54' title="bbox 2175 1476 3766 1548; baseline -0.002 -16"><span class='ocrx_word' id='word_1_378' title='bbox 2175 1479 2328 1532; x_wconf 86' lang='grc' dir='ltr'>θεῖσα</span> <span class='ocrx_word' id='word_1_379' title='bbox 2365 1476 2474 1548; x_wconf 88' lang='lat'><strong>(89)</strong></span> <span class='ocrx_word' id='word_1_380' title='bbox 2503 1476 2633 1548; x_wconf 75' lang='grc' dir='ltr'>γὰρ,</span> <span class='ocrx_word' id='word_1_381' title='bbox 2684 1478 2779 1530; x_wconf 82' lang='grc' dir='ltr'><strong>καὶ</strong></span> <span class='ocrx_word' id='word_1_382' title='bbox 2827 1477 3146 1530; x_wconf 81' lang='grc' dir='ltr'>σαλευθεῖσα</span> <span class='ocrx_word' id='word_1_383' title='bbox 3191 1479 3290 1548; x_wconf 78' lang='grc' dir='ltr'>τῆς</span> <span class='ocrx_word' id='word_1_384' title='bbox 3335 1477 3542 1542; x_wconf 78' lang='grc' dir='ltr'>οἰκείας</span> <span class='ocrx_word' id='word_1_385' title='bbox 3597 1477 3766 1548; x_wconf 83' lang='grc' dir='ltr'>μονῆς</span> 
     </span>
    </p>
   </div>
   <div class='ocr_carea' id='block_1_55' title="bbox 2175 1566 3768 1638">
    <p class='ocr_par' dir='ltr' id='par_1_55' title="bbox 2175 1566 3768 1638">
     <span class='ocr_line' id='line_1_55' title="bbox 2175 1566 3768 1638; baseline -0.003 -16"><span class='ocrx_word' id='word_1_386' title='bbox 2175 1571 2270 1623; x_wconf 73' lang='grc' dir='ltr'><strong>καὶ</strong></span> <span class='ocrx_word' id='word_1_387' title='bbox 2319 1569 2581 1630; x_wconf 86' lang='grc' dir='ltr'>στάσεως,</span> <span class='ocrx_word' id='word_1_388' title='bbox 2632 1567 2665 1637; x_wconf 86' lang='grc' dir='ltr'><strong>ἡ</strong></span> <span class='ocrx_word' id='word_1_389' title='bbox 2713 1567 3073 1638; x_wconf 81' lang='grc' dir='ltr'>προλεχθεῖσα</span> <span class='ocrx_word' id='word_1_390' title='bbox 3116 1567 3187 1637; x_wconf 84' lang='grc' dir='ltr'>γῆ</span> <span class='ocrx_word' id='word_1_391' title='bbox 3239 1567 3624 1637; x_wconf 87' lang='grc' dir='ltr'>συντρίμματα</span> <span class='ocrx_word' id='word_1_392' title='bbox 3670 1566 3768 1618; x_wconf 72' lang='grc' dir='ltr'><strong>καὶ</strong></span> 
     </span>
    </p>
   </div>
   <div class='ocr_carea' id='block_1_56' title="bbox 2175 1655 3768 1735">
    <p class='ocr_par' dir='ltr' id='par_1_56' title="bbox 2175 1655 3768 1735">
     <span class='ocr_line' id='line_1_56' title="bbox 2175 1655 3768 1735; baseline -0.003 -23"><span class='ocrx_word' id='word_1_393' title='bbox 2175 1661 2465 1735; x_wconf 87' lang='grc' dir='ltr'>τραύματα</span> <span class='ocrx_word' id='word_1_394' title='bbox 2513 1661 2811 1729; x_wconf 77' lang='grc' dir='ltr'>ἐκτήσατο·</span> <span class='ocrx_word' id='word_1_395' title='bbox 2853 1659 3043 1730; x_wconf 78' lang='grc' dir='ltr'><strong>διόπερ</strong></span> <span class='ocrx_word' id='word_1_396' title='bbox 3079 1655 3204 1728; x_wconf 77' lang='grc' dir='ltr'>ἑξῆς</span> <span class='ocrx_word' id='word_1_397' title='bbox 3241 1659 3486 1726; x_wconf 82' lang='grc' dir='ltr'>λέγεται·</span> <span class='ocrx_word' id='word_1_398' title='bbox 3543 1676 3562 1709; x_wconf 73' lang='grc' dir='ltr'>ι</span> <span class='ocrx_word' id='word_1_399' title='bbox 3589 1656 3768 1710; x_wconf 87' lang='grc' dir='ltr'>Ἔδει-</span> 
     </span>
    </p>
   </div>
   <div class='ocr_carea' id='block_1_57' title="bbox 2179 1741 2966 1822">
    <p class='ocr_par' dir='ltr' id='par_1_57' title="bbox 2179 1741 2966 1822">
     <span class='ocr_line' id='line_1_57' title="bbox 2179 1741 2966 1822; baseline -0.008 -16"><span class='ocrx_word' id='word_1_400' title='bbox 2179 1751 2274 1817; x_wconf 82' lang='grc' dir='ltr'><strong>ξας</strong></span> <span class='ocrx_word' id='word_1_401' title='bbox 2305 1751 2382 1822; x_wconf 82' lang='grc' dir='ltr'><strong>τῷ</strong></span> <span class='ocrx_word' id='word_1_402' title='bbox 2409 1750 2522 1821; x_wconf 80' lang='grc' dir='ltr'>λαῷ</span> <span class='ocrx_word' id='word_1_403' title='bbox 2556 1768 2648 1804; x_wconf 91' lang='grc' dir='ltr'><strong>σου</strong></span> <span class='ocrx_word' id='word_1_404' title='bbox 2685 1749 2917 1820; x_wconf 86' lang='grc' dir='ltr'>σκληρά.</span> <span class='ocrx_word' id='word_1_405' title='bbox 2951 1741 2966 1800; x_wconf 70' lang='grc' dir='ltr'>ι</span> 
     </span>
    </p>
   </div>
   <div class='ocr_carea' id='block_1_58' title="bbox 2249 1841 3770 1910">
    <p class='ocr_par' dir='ltr' id='par_1_58' title="bbox 2249 1841 3770 1910">
     <span class='ocr_line' id='line_1_58' title="bbox 2249 1841 3770 1910; baseline -0.004 -12"><span class='ocrx_word' id='word_1_406' title='bbox 2249 1845 2524 1910; x_wconf 77' lang='grc' dir='ltr'>Ἕδειξας</span> <span class='ocrx_word' id='word_1_407' title='bbox 2555 1844 2635 1910; x_wconf 83' lang='grc' dir='ltr'>τῷ</span> <span class='ocrx_word' id='word_1_408' title='bbox 2674 1843 2802 1910; x_wconf 83' lang='grc' dir='ltr'><strong>λαῷ</strong></span> <span class='ocrx_word' id='word_1_409' title='bbox 2848 1861 2964 1898; x_wconf 85' lang='grc' dir='ltr'><strong>σου</strong></span> <span class='ocrx_word' id='word_1_410' title='bbox 2998 1843 3254 1910; x_wconf 73' lang='grc' dir='ltr'>σκληρὰ,</span> <span class='ocrx_word' id='word_1_411' title='bbox 3289 1861 3339 1895; x_wconf 87' lang='grc' dir='ltr'><strong>κ.</strong></span> <span class='ocrx_word' id='word_1_412' title='bbox 3365 1861 3414 1898; x_wconf 91' lang='grc' dir='ltr'><strong>τ.</strong></span> <span class='ocrx_word' id='word_1_413' title='bbox 3440 1843 3485 1895; x_wconf 82' lang='grc' dir='ltr'>ἑ.</span> <span class='ocrx_word' id='word_1_414' title='bbox 3549 1841 3770 1894; x_wconf 85' lang='grc' dir='ltr'>Δείκνυ-</span> 
     </span>
    </p>
   </div>
   <div class='ocr_carea' id='block_1_59' title="bbox 2173 1933 3772 2008">
    <p class='ocr_par' dir='ltr' id='par_1_59' title="bbox 2173 1933 3772 2008">
     <span class='ocr_line' id='line_1_59' title="bbox 2173 1933 3772 2008; baseline -0.003 -20"><span class='ocrx_word' id='word_1_415' title='bbox 2173 1937 2263 1988; x_wconf 84' lang='grc' dir='ltr'><strong>ταί</strong></span> <span class='ocrx_word' id='word_1_416' title='bbox 2299 1935 2408 2006; x_wconf 83' lang='lat'><strong>(90)</strong></span> <span class='ocrx_word' id='word_1_417' title='bbox 2431 1953 2538 1988; x_wconf 88' lang='grc' dir='ltr'>τινι</span> <span class='ocrx_word' id='word_1_418' title='bbox 2571 1935 2804 2008; x_wconf 76' lang='grc' dir='ltr'>σκληρὰ,</span> <span class='ocrx_word' id='word_1_419' title='bbox 2829 1937 2957 1990; x_wconf 82' lang='grc' dir='ltr'>ὅταν</span> <span class='ocrx_word' id='word_1_420' title='bbox 2985 1935 3261 1998; x_wconf 76' lang='grc' dir='ltr'><strong>ἐπιπόνοις</strong></span> <span class='ocrx_word' id='word_1_421' title='bbox 3291 1933 3592 2004; x_wconf 73' lang='grc' dir='ltr'>περιπέσῃ·</span> <span class='ocrx_word' id='word_1_422' title='bbox 3623 1933 3772 2002; x_wconf 76' lang='grc' dir='ltr'>άπερ</span> 
     </span>
    </p>
   </div>
   <div class='ocr_carea' id='block_1_60' title="bbox 2175 2027 3772 2101">
    <p class='ocr_par' dir='ltr' id='par_1_60' title="bbox 2175 2027 3772 2101">
     <span class='ocr_line' id='line_1_60' title="bbox 2175 2027 3772 2101; baseline -0.004 -17"><span class='ocrx_word' id='word_1_423' title='bbox 2175 2031 2240 2084; x_wconf 83' lang='grc' dir='ltr'>ἄν</span> <span class='ocrx_word' id='word_1_424' title='bbox 2272 2047 2354 2092; x_wconf 90' lang='grc' dir='ltr'><strong>τις</strong></span> <span class='ocrx_word' id='word_1_425' title='bbox 2409 2030 2630 2100; x_wconf 72' lang='grc' dir='ltr'>δέξηται</span> <span class='ocrx_word' id='word_1_426' title='bbox 2666 2033 2758 2084; x_wconf 70' lang='grc' dir='ltr'><strong>ἐπὶ</strong></span> <span class='ocrx_word' id='word_1_427' title='bbox 2813 2031 3152 2101; x_wconf 83' lang='grc' dir='ltr'>μετάγνωσιν</span> <span class='ocrx_word' id='word_1_428' title='bbox 3189 2027 3471 2100; x_wconf 82' lang='grc' dir='ltr'>προτέρων</span> <span class='ocrx_word' id='word_1_429' title='bbox 3520 2029 3772 2098; x_wconf 84' lang='grc' dir='ltr'>ἁμαρτη-</span> 
     </span>
    </p>
   </div>
   <div class='ocr_carea' id='block_1_61' title="bbox 2180 2117 3771 2193">
    <p class='ocr_par' dir='ltr' id='par_1_61' title="bbox 2180 2117 3771 2193">
     <span class='ocr_line' id='line_1_61' title="bbox 2180 2117 3771 2193; baseline -0.004 -17"><span class='ocrx_word' id='word_1_430' title='bbox 2180 2123 2385 2193; x_wconf 83' lang='grc' dir='ltr'>μάτων,</span> <span class='ocrx_word' id='word_1_431' title='bbox 2413 2117 2556 2176; x_wconf 83' lang='grc' dir='ltr'>οἷνον</span> <span class='ocrx_word' id='word_1_432' title='bbox 2585 2122 2931 2188; x_wconf 82' lang='grc' dir='ltr'>κατανύξεως</span> <span class='ocrx_word' id='word_1_433' title='bbox 2969 2123 3132 2185; x_wconf 82' lang='grc' dir='ltr'>πίνει,</span> <span class='ocrx_word' id='word_1_434' title='bbox 3165 2121 3344 2175; x_wconf 82' lang='grc' dir='ltr'>αἰτίαν</span> <span class='ocrx_word' id='word_1_435' title='bbox 3379 2119 3470 2173; x_wconf 80' lang='grc' dir='ltr'>τοῦ</span> <span class='ocrx_word' id='word_1_436' title='bbox 3501 2117 3771 2172; x_wconf 88' lang='grc' dir='ltr'>κατανύτ-</span> 
     </span>
    </p>
   </div>
   <div class='ocr_carea' id='block_1_62' title="bbox 2175 2211 3772 2287">
    <p class='ocr_par' dir='ltr' id='par_1_62' title="bbox 2175 2211 3772 2287">
     <span class='ocr_line' id='line_1_62' title="bbox 2175 2211 3772 2287; baseline -0.002 -21"><span class='ocrx_word' id='word_1_437' title='bbox 2175 2215 2364 2268; x_wconf 83' lang='grc' dir='ltr'>τεσθαι</span> <span class='ocrx_word' id='word_1_438' title='bbox 2403 2215 2496 2268; x_wconf 75' lang='grc' dir='ltr'>ἐπὶ</span> <span class='ocrx_word' id='word_1_439' title='bbox 2547 2216 2806 2287; x_wconf 78' lang='grc' dir='ltr'>μετανοίᾳ</span> <span class='ocrx_word' id='word_1_440' title='bbox 2865 2215 3176 2286; x_wconf 88' lang='grc' dir='ltr'>λαμϐάνων.</span> <span class='ocrx_word' id='word_1_441' title='bbox 3239 2212 3513 2283; x_wconf 77' lang='grc' dir='ltr'>Πολλαχοῧ</span> <span class='ocrx_word' id='word_1_442' title='bbox 3561 2211 3617 2264; x_wconf 81' lang='grc' dir='ltr'>δὲ</span> <span class='ocrx_word' id='word_1_443' title='bbox 3671 2211 3772 2280; x_wconf 84' lang='grc' dir='ltr'>τῆς</span> 
     </span>
    </p>
   </div>
   <div class='ocr_carea' id='block_1_63' title="bbox 2177 2305 3768 2382">
    <p class='ocr_par' dir='ltr' id='par_1_63' title="bbox 2177 2305 3768 2382">
     <span class='ocr_line' id='line_1_63' title="bbox 2177 2305 3768 2382; baseline -0.008 -15"><span class='ocrx_word' id='word_1_444' title='bbox 2177 2309 2399 2382; x_wconf 60' lang='grc' dir='ltr'>Γραφῆς</span> <span class='ocrx_word' id='word_1_445' title='bbox 2453 2309 2678 2380; x_wconf 82' lang='grc' dir='ltr'>ἀκράτῳ</span> <span class='ocrx_word' id='word_1_446' title='bbox 2715 2311 2995 2380; x_wconf 79' lang='grc' dir='ltr'>ὀμωνυμεῖ</span> <span class='ocrx_word' id='word_1_447' title='bbox 3041 2307 3108 2362; x_wconf 85' lang='grc' dir='ltr'>τὰ</span> <span class='ocrx_word' id='word_1_448' title='bbox 3143 2306 3353 2376; x_wconf 84' lang='grc' dir='ltr'>σκληρά</span> <span class='ocrx_word' id='word_1_449' title='bbox 3392 2305 3461 2358; x_wconf 81' lang='grc' dir='ltr'><strong>τὰ</strong></span> <span class='ocrx_word' id='word_1_450' title='bbox 3508 2319 3768 2376; x_wconf 83' lang='grc' dir='ltr'>περιστα-</span> 
     </span>
    </p>
   </div>
   <div class='ocr_carea' id='block_1_64' title="bbox 2173 2392 3768 2471">
    <p class='ocr_par' dir='ltr' id='par_1_64' title="bbox 2173 2392 3768 2471">
     <span class='ocr_line' id='line_1_64' title="bbox 2173 2392 3768 2471; baseline -0.004 -21"><span class='ocrx_word' id='word_1_451' title='bbox 2173 2399 2336 2452; x_wconf 77' lang='grc' dir='ltr'>τικά·</span> <span class='ocrx_word' id='word_1_452' title='bbox 2387 2399 2463 2462; x_wconf 82' lang='grc' dir='ltr'>ὡς</span> <span class='ocrx_word' id='word_1_453' title='bbox 2497 2402 2554 2451; x_wconf 78' lang='grc' dir='ltr'>ἐν</span> <span class='ocrx_word' id='word_1_454' title='bbox 2595 2397 2692 2469; x_wconf 81' lang='grc' dir='ltr'><strong>τῷ,</strong></span> <span class='ocrx_word' id='word_1_455' title='bbox 2733 2419 2750 2450; x_wconf 88' lang='grc'><em>‹</em></span> <span class='ocrx_word' id='word_1_456' title='bbox 2781 2399 3044 2471; x_wconf 83' lang='grc' dir='ltr'>Ποτήριον</span> <span class='ocrx_word' id='word_1_457' title='bbox 3095 2401 3151 2451; x_wconf 83' lang='grc' dir='ltr'>ἐν</span> <span class='ocrx_word' id='word_1_458' title='bbox 3197 2397 3338 2468; x_wconf 78' lang='grc' dir='ltr'>χειρὶ</span> <span class='ocrx_word' id='word_1_459' title='bbox 3387 2395 3590 2464; x_wconf 80' lang='grc' dir='ltr'>Κυρίου</span> <span class='ocrx_word' id='word_1_460' title='bbox 3625 2392 3768 2446; x_wconf 82' lang='grc' dir='ltr'>οἴνου</span> 
     </span>
    </p>
   </div>
   <div class='ocr_carea' id='block_1_65' title="bbox 2178 2485 3770 2563">
    <p class='ocr_par' dir='ltr' id='par_1_65' title="bbox 2178 2485 3770 2563">
     <span class='ocr_line' id='line_1_65' title="bbox 2178 2485 3770 2563; baseline -0.006 -17"><span class='ocrx_word' id='word_1_461' title='bbox 2178 2492 2442 2563; x_wconf 85' lang='grc' dir='ltr'>ἀκράτου.</span> <span class='ocrx_word' id='word_1_462' title='bbox 2474 2511 2491 2543; x_wconf 81' lang='grc' dir='ltr'>ι</span> <span class='ocrx_word' id='word_1_463' title='bbox 2545 2491 2863 2562; x_wconf 83' lang='grc' dir='ltr'>Ὀμωνυμεῖ</span> <span class='ocrx_word' id='word_1_464' title='bbox 2886 2491 2943 2545; x_wconf 76' lang='grc' dir='ltr'>δὲ</span> <span class='ocrx_word' id='word_1_465' title='bbox 2972 2491 3040 2544; x_wconf 80' lang='grc' dir='ltr'>τὰ</span> <span class='ocrx_word' id='word_1_466' title='bbox 3065 2491 3201 2562; x_wconf 85' lang='grc' dir='ltr'>σκλη</span> <span class='ocrx_word' id='word_1_467' title='bbox 3213 2489 3279 2560; x_wconf 84' lang='grc' dir='ltr'><strong>ρά</strong></span> <span class='ocrx_word' id='word_1_468' title='bbox 3307 2489 3426 2551; x_wconf 85' lang='grc' dir='ltr'>ταῖς</span> <span class='ocrx_word' id='word_1_469' title='bbox 3453 2485 3770 2558; x_wconf 78' lang='grc' dir='ltr'>εἰρημέναις</span> 
     </span>
    </p>
   </div>
   <div class='ocr_carea' id='block_1_66' title="bbox 2179 2575 3771 2654">
    <p class='ocr_par' dir='ltr' id='par_1_66' title="bbox 2179 2575 3771 2654">
     <span class='ocr_line' id='line_1_66' title="bbox 2179 2575 3771 2654; baseline -0.004 -19"><span class='ocrx_word' id='word_1_470' title='bbox 2179 2583 2447 2654; x_wconf 83' lang='grc' dir='ltr'>σκληραῖς</span> <span class='ocrx_word' id='word_1_471' title='bbox 2479 2583 2618 2648; x_wconf 83' lang='grc' dir='ltr'>ὁδοῖς</span> <span class='ocrx_word' id='word_1_472' title='bbox 2653 2587 2710 2636; x_wconf 83' lang='grc' dir='ltr'>ὲν</span> <span class='ocrx_word' id='word_1_473' title='bbox 2745 2583 3118 2652; x_wconf 78' lang='grc' dir='ltr'>ἑκκαιδεκάτῳ</span> <span class='ocrx_word' id='word_1_474' title='bbox 3142 2579 3360 2650; x_wconf 70' lang='grc' dir='ltr'>ψαλμῷ,</span> <span class='ocrx_word' id='word_1_475' title='bbox 3386 2579 3558 2641; x_wconf 74' lang='grc' dir='ltr'>οὕτως</span> <span class='ocrx_word' id='word_1_476' title='bbox 3579 2594 3591 2606; x_wconf 95' lang='grc'><strong>·</strong></span> <span class='ocrx_word' id='word_1_477' title='bbox 3631 2596 3648 2626; x_wconf 77' lang='grc' dir='ltr'>ι</span> <span class='ocrx_word' id='word_1_478' title='bbox 3672 2575 3771 2628; x_wconf 69' lang='grc' dir='ltr'><strong>Διὰ</strong></span> 
     </span>
    </p>
   </div>
   <div class='ocr_carea' id='block_1_67' title="bbox 2177 2667 3771 2746">
    <p class='ocr_par' dir='ltr' id='par_1_67' title="bbox 2177 2667 3771 2746">
     <span class='ocr_line' id='line_1_67' title="bbox 2177 2667 3771 2746; baseline -0.006 -17"><span class='ocrx_word' id='word_1_479' title='bbox 2177 2677 2304 2740; x_wconf 76' lang='grc' dir='ltr'>τοὺς</span> <span class='ocrx_word' id='word_1_480' title='bbox 2355 2677 2548 2746; x_wconf 82' lang='grc' dir='ltr'>λόγους</span> <span class='ocrx_word' id='word_1_481' title='bbox 2598 2676 2706 2729; x_wconf 78' lang='grc' dir='ltr'>τῶν</span> <span class='ocrx_word' id='word_1_482' title='bbox 2753 2676 2975 2746; x_wconf 82' lang='grc' dir='ltr'>χειλέων</span> <span class='ocrx_word' id='word_1_483' title='bbox 3021 2692 3112 2726; x_wconf 90' lang='grc' dir='ltr'><strong>σου</strong></span> <span class='ocrx_word' id='word_1_484' title='bbox 3167 2673 3275 2741; x_wconf 78' lang='grc' dir='ltr'>ἐγὼ</span> <span class='ocrx_word' id='word_1_485' title='bbox 3323 2669 3566 2738; x_wconf 78' lang='grc' dir='ltr'>ἐφύλαξα</span> <span class='ocrx_word' id='word_1_486' title='bbox 3617 2667 3771 2730; x_wconf 70' lang='grc' dir='ltr'>ὀδοὺς</span> 
     </span>
    </p>
   </div>
   <div class='ocr_carea' id='block_1_68' title="bbox 2179 2761 3764 2839">
    <p class='ocr_par' dir='ltr' id='par_1_68' title="bbox 2179 2761 3764 2839">
     <span class='ocr_line' id='line_1_68' title="bbox 2179 2761 3764 2839; baseline -0.004 -18"><span class='ocrx_word' id='word_1_487' title='bbox 2179 2768 2438 2839; x_wconf 85' lang='grc' dir='ltr'>σκληράς.</span> <span class='ocrx_word' id='word_1_488' title='bbox 2475 2791 2491 2820; x_wconf 79' lang='grc' dir='ltr'>ι</span> <span class='ocrx_word' id='word_1_489' title='bbox 2543 2769 2686 2822; x_wconf 87' lang='grc' dir='ltr'>Ἐκεῖ</span> <span class='ocrx_word' id='word_1_490' title='bbox 2709 2769 2813 2839; x_wconf 77' lang='grc' dir='ltr'>’μὲν</span> <span class='ocrx_word' id='word_1_491' title='bbox 2873 2768 2980 2838; x_wconf 78' lang='grc' dir='ltr'>γὰρ</span> <span class='ocrx_word' id='word_1_492' title='bbox 3031 2767 3136 2818; x_wconf 71' lang='grc' dir='ltr'>ὁδοὶ</span> <span class='ocrx_word' id='word_1_493' title='bbox 3171 2763 3399 2834; x_wconf 70' lang='grc' dir='ltr'>σκληραὶ</span> <span class='ocrx_word' id='word_1_494' title='bbox 3433 2761 3676 2831; x_wconf 75' lang='grc' dir='ltr'>εἴρηνται</span> <span class='ocrx_word' id='word_1_495' title='bbox 3710 2765 3764 2814; x_wconf 78' lang='grc' dir='ltr'>αἱ</span> 
     </span>
    </p>
   </div>
   <div class='ocr_carea' id='block_1_69' title="bbox 2178 2849 3760 2932">
    <p class='ocr_par' dir='ltr' id='par_1_69' title="bbox 2178 2849 3760 2932">
     <span class='ocr_line' id='line_1_69' title="bbox 2178 2849 3760 2932; baseline -0.009 -17"><span class='ocrx_word' id='word_1_496' title='bbox 2178 2862 2373 2932; x_wconf 78' lang='grc' dir='ltr'>ἀρεταὶ</span> <span class='ocrx_word' id='word_1_497' title='bbox 2403 2862 2490 2914; x_wconf 80' lang='grc' dir='ltr'>διὰ</span> <span class='ocrx_word' id='word_1_498' title='bbox 2533 2861 2592 2914; x_wconf 81' lang='grc' dir='ltr'><strong>τὸ</strong></span> <span class='ocrx_word' id='word_1_499' title='bbox 2619 2861 2716 2914; x_wconf 78' lang='grc' dir='ltr'><strong>σὺν</strong></span> <span class='ocrx_word' id='word_1_500' title='bbox 2755 2859 2936 2932; x_wconf 76' lang='grc' dir='ltr'>ἱδρῶτι</span> <span class='ocrx_word' id='word_1_501' title='bbox 2971 2857 3147 2927; x_wconf 82' lang='grc' dir='ltr'>πολλῷ</span> <span class='ocrx_word' id='word_1_502' title='bbox 3179 2857 3270 2908; x_wconf 55' lang='grc' dir='ltr'><strong>καὶ⁸</strong></span> <span class='ocrx_word' id='word_1_503' title='bbox 3297 2856 3441 2924; x_wconf 84' lang='grc' dir='ltr'>πόνῳ</span> <span class='ocrx_word' id='word_1_504' title='bbox 3469 2849 3760 2922; x_wconf 74' lang='grc' dir='ltr'>κατορθοῦ-</span> 
     </span>
    </p>
   </div>
   <div class='ocr_carea' id='block_1_70' title="bbox 2180 2944 3770 3018">
    <p class='ocr_par' dir='ltr' id='par_1_70' title="bbox 2180 2944 3770 3018">
     <span class='ocr_line' id='line_1_70' title="bbox 2180 2944 3770 3018; baseline -0.008 -12"><span class='ocrx_word' id='word_1_505' title='bbox 2180 2961 2302 3006; x_wconf 83' lang='grc' dir='ltr'>σθαι</span> <span class='ocrx_word' id='word_1_506' title='bbox 2333 2953 2503 3018; x_wconf 71' lang='grc' dir='ltr'>αὐτάς</span> <span class='ocrx_word' id='word_1_507' title='bbox 2523 2971 2536 2984; x_wconf 91' lang='grc'><strong>·</strong></span> <span class='ocrx_word' id='word_1_508' title='bbox 2573 2952 2806 3006; x_wconf 79' lang='grc' dir='ltr'>ἐνταῦθα</span> <span class='ocrx_word' id='word_1_509' title='bbox 2830 2952 2885 3004; x_wconf 76' lang='grc' dir='ltr'>δὲ</span> <span class='ocrx_word' id='word_1_510' title='bbox 2912 2947 3048 3004; x_wconf 78' lang='grc' dir='ltr'>εἶδεν</span> <span class='ocrx_word' id='word_1_511' title='bbox 3081 2951 3109 3002; x_wconf 87' lang='grc' dir='ltr'>ὁ</span> <span class='ocrx_word' id='word_1_512' title='bbox 3137 2949 3262 3011; x_wconf 81' lang='grc' dir='ltr'>λαὸς</span> <span class='ocrx_word' id='word_1_513' title='bbox 3293 2944 3525 3016; x_wconf 79' lang='grc' dir='ltr'>σκληρὰ,</span> <span class='ocrx_word' id='word_1_514' title='bbox 3572 2957 3770 3012; x_wconf 79' lang='grc' dir='ltr'>πειρα-</span> 
     </span>
    </p>
   </div>
   <div class='ocr_carea' id='block_1_71' title="bbox 2185 3043 2708 3108">
    <p class='ocr_par' dir='ltr' id='par_1_71' title="bbox 2185 3043 2708 3108">
     <span class='ocr_line' id='line_1_71' title="bbox 2185 3043 2708 3108; baseline 0.004 -12"><span class='ocrx_word' id='word_1_515' title='bbox 2185 3043 2332 3108; x_wconf 76' lang='grc' dir='ltr'>σθεὶς</span> <span class='ocrx_word' id='word_1_516' title='bbox 2361 3045 2708 3098; x_wconf 81' lang='grc' dir='ltr'>κακωτικῶν.</span> 
     </span>
    </p>
   </div>
   <div class='ocr_carea' id='block_1_72' title="bbox 2255 3127 3770 3204">
    <p class='ocr_par' dir='ltr' id='par_1_72' title="bbox 2255 3127 3770 3204">
     <span class='ocr_line' id='line_1_72' title="bbox 2255 3127 3770 3204; baseline -0.009 -15"><span class='ocrx_word' id='word_1_517' title='bbox 2255 3135 2525 3202; x_wconf 70' lang='grc' dir='ltr'>Ἶζδωκιις</span> <span class='ocrx_word' id='word_1_518' title='bbox 2605 3134 2730 3201; x_wconf 80' lang='grc' dir='ltr'>τοῖς</span> <span class='ocrx_word' id='word_1_519' title='bbox 2801 3134 3194 3204; x_wconf 63' lang='grc' dir='ltr'>φοϐουμένοις</span> <span class='ocrx_word' id='word_1_520' title='bbox 3267 3146 3340 3185; x_wconf 84' lang='grc' dir='ltr'>σε</span> <span class='ocrx_word' id='word_1_521' title='bbox 3414 3127 3770 3197; x_wconf 72' lang='grc' dir='ltr'>σημείωσιν,</span> 
     </span>
    </p>
   </div>
   <div class='ocr_carea' id='block_1_73' title="bbox 2182 3219 3774 3300">
    <p class='ocr_par' dir='ltr' id='par_1_73' title="bbox 2182 3219 3774 3300">
     <span class='ocr_line' id='line_1_73' title="bbox 2182 3219 3774 3300; baseline -0.008 -18"><span class='ocrx_word' id='word_1_522' title='bbox 2182 3245 2236 3282; x_wconf 86' lang='grc' dir='ltr'><strong>κ.</strong></span> <span class='ocrx_word' id='word_1_523' title='bbox 2279 3247 2327 3282; x_wconf 88' lang='grc' dir='ltr'><strong>τ.</strong></span> <span class='ocrx_word' id='word_1_524' title='bbox 2369 3231 2415 3281; x_wconf 85' lang='grc' dir='ltr'>ὲ.</span> <span class='ocrx_word' id='word_1_525' title='bbox 2473 3231 2664 3300; x_wconf 84' lang='grc' dir='ltr'>Ἡμεῖς</span> <span class='ocrx_word' id='word_1_526' title='bbox 2701 3229 2800 3299; x_wconf 83' lang='grc' dir='ltr'><strong>μὲν</strong></span> <span class='ocrx_word' id='word_1_527' title='bbox 2851 3227 2982 3298; x_wconf 86' lang='lat'><strong>(9|),</strong></span> <span class='ocrx_word' id='word_1_528' title='bbox 3039 3227 3192 3298; x_wconf 75' lang='grc' dir='ltr'>φησὶ,</span> <span class='ocrx_word' id='word_1_529' title='bbox 3245 3225 3310 3278; x_wconf 84' lang='grc' dir='ltr'>δι’</span> <span class='ocrx_word' id='word_1_530' title='bbox 3340 3225 3406 3294; x_wconf 73' lang='grc' dir='ltr'>ἦν</span> <span class='ocrx_word' id='word_1_531' title='bbox 3457 3219 3774 3292; x_wconf 77' lang='grc' dir='ltr'>ἐπράξαμεν</span> 
     </span>
    </p>
   </div>
   <div class='ocr_carea' id='block_1_74' title="bbox 2181 3313 3776 3391">
    <p class='ocr_par' dir='ltr' id='par_1_74' title="bbox 2181 3313 3776 3391">
     <span class='ocr_line' id='line_1_74' title="bbox 2181 3313 3776 3391; baseline -0.006 -20"><span class='ocrx_word' id='word_1_532' title='bbox 2181 3319 2518 3382; x_wconf 86' lang='grc' dir='ltr'>δυσσέϐειαν,</span> <span class='ocrx_word' id='word_1_533' title='bbox 2550 3319 2974 3391; x_wconf 79' lang='grc' dir='ltr'>τετιμωρήμεθα</span> <span class='ocrx_word' id='word_1_534' title='bbox 2997 3337 3008 3347; x_wconf 90' lang='grc'><strong>·</strong></span> <span class='ocrx_word' id='word_1_535' title='bbox 3052 3321 3100 3371; x_wconf 80' lang='grc' dir='ltr'>οἱ</span> <span class='ocrx_word' id='word_1_536' title='bbox 3147 3317 3204 3372; x_wconf 82' lang='grc' dir='ltr'>δὲ</span> <span class='ocrx_word' id='word_1_537' title='bbox 3241 3313 3562 3387; x_wconf 84' lang='grc' dir='ltr'>φοϐούμενοί</span> <span class='ocrx_word' id='word_1_538' title='bbox 3591 3328 3648 3364; x_wconf 86' lang='grc' dir='ltr'><strong>σε</strong></span> <span class='ocrx_word' id='word_1_539' title='bbox 3683 3328 3776 3382; x_wconf 79' lang='grc' dir='ltr'>σηο</span> 
     </span>
    </p>
   </div>
   <div class='ocr_carea' id='block_1_75' title="bbox 2187 3401 3774 3482">
    <p class='ocr_par' dir='ltr' id='par_1_75' title="bbox 2187 3401 3774 3482">
     <span class='ocr_line' id='line_1_75' title="bbox 2187 3401 3774 3482; baseline -0.006 -19"><span class='ocrx_word' id='word_1_540' title='bbox 2187 3414 2336 3482; x_wconf 88' lang='grc' dir='ltr'>μεῖον</span> <span class='ocrx_word' id='word_1_541' title='bbox 2379 3411 2646 3478; x_wconf 79' lang='grc' dir='ltr'>ἐδέξαντο,</span> <span class='ocrx_word' id='word_1_542' title='bbox 2688 3413 2866 3482; x_wconf 82' lang='grc' dir='ltr'>(δῆλον</span> <span class='ocrx_word' id='word_1_543' title='bbox 2895 3411 2950 3464; x_wconf 87' lang='grc' dir='ltr'><strong>δὲ</strong></span> <span class='ocrx_word' id='word_1_544' title='bbox 2983 3413 3063 3464; x_wconf 83' lang='grc' dir='ltr'>ὅτι</span> <span class='ocrx_word' id='word_1_545' title='bbox 3106 3413 3161 3463; x_wconf 79' lang='grc' dir='ltr'>ἐν</span> <span class='ocrx_word' id='word_1_546' title='bbox 3194 3403 3237 3476; x_wconf 82' lang='grc' dir='ltr'>ᾧ</span> <span class='ocrx_word' id='word_1_547' title='bbox 3271 3401 3774 3477; x_wconf 79' lang='grc' dir='ltr'>ὲσφραγίσθημεν·)</span> 
     </span>
    </p>
   </div>
   <div class='ocr_carea' id='block_1_76' title="bbox 2180 3494 3774 3576">
    <p class='ocr_par' dir='ltr' id='par_1_76' title="bbox 2180 3494 3774 3576">
     <span class='ocr_line' id='line_1_76' title="bbox 2180 3494 3774 3576; baseline -0.006 -20"><span class='ocrx_word' id='word_1_548' title='bbox 2180 3504 2331 3568; x_wconf 82' lang='grc' dir='ltr'>ὅπως</span> <span class='ocrx_word' id='word_1_549' title='bbox 2356 3507 2536 3576; x_wconf 85' lang='grc' dir='ltr'>πάσης</span> <span class='ocrx_word' id='word_1_550' title='bbox 2562 3505 2892 3573; x_wconf 82' lang='grc' dir='ltr'>κολαστικῆς</span> <span class='ocrx_word' id='word_1_551' title='bbox 2915 3503 3183 3574; x_wconf 85' lang='grc' dir='ltr'>τιμωρίας</span> <span class='ocrx_word' id='word_1_552' title='bbox 3206 3501 3308 3566; x_wconf 76' lang='grc' dir='ltr'><strong>ἔξω</strong></span> <span class='ocrx_word' id='word_1_553' title='bbox 3337 3501 3596 3567; x_wconf 83' lang='grc' dir='ltr'>γένοιντο.</span> <span class='ocrx_word' id='word_1_554' title='bbox 3633 3494 3774 3548; x_wconf 79' lang='grc' dir='ltr'>Τού-</span> 
     </span>
    </p>
   </div>
   <div class='ocr_carea' id='block_1_77' title="bbox 2181 3586 3777 3667">
    <p class='ocr_par' dir='ltr' id='par_1_77' title="bbox 2181 3586 3777 3667">
     <span class='ocr_line' id='line_1_77' title="bbox 2181 3586 3777 3667; baseline -0.004 -19"><span class='ocrx_word' id='word_1_555' title='bbox 2181 3613 2276 3648; x_wconf 82' lang='grc' dir='ltr'><strong>του</strong></span> <span class='ocrx_word' id='word_1_556' title='bbox 2308 3597 2364 3648; x_wconf 82' lang='grc' dir='ltr'><strong>δὲ</strong></span> <span class='ocrx_word' id='word_1_557' title='bbox 2405 3597 2499 3650; x_wconf 74' lang='grc' dir='ltr'>τοῦ</span> <span class='ocrx_word' id='word_1_558' title='bbox 2541 3597 2768 3667; x_wconf 82' lang='grc' dir='ltr'>σημείου</span> <span class='ocrx_word' id='word_1_559' title='bbox 2801 3597 2970 3658; x_wconf 86' lang='grc' dir='ltr'>τύπος</span> <span class='ocrx_word' id='word_1_560' title='bbox 3000 3591 3068 3665; x_wconf 77' lang='grc' dir='ltr'>ἦν</span> <span class='ocrx_word' id='word_1_561' title='bbox 3115 3595 3180 3646; x_wconf 84' lang='grc' dir='ltr'><strong>τὸ</strong></span> <span class='ocrx_word' id='word_1_562' title='bbox 3227 3594 3284 3646; x_wconf 75' lang='grc' dir='ltr'>ἐν</span> <span class='ocrx_word' id='word_1_563' title='bbox 3310 3595 3428 3655; x_wconf 88' lang='grc' dir='ltr'>ταῖς</span> <span class='ocrx_word' id='word_1_564' title='bbox 3459 3591 3637 3660; x_wconf 81' lang='grc' dir='ltr'>φλιαῖς</span> <span class='ocrx_word' id='word_1_565' title='bbox 3666 3586 3777 3640; x_wconf 82' lang='grc' dir='ltr'><strong>τῶν</strong></span> 
     </span>
    </p>
   </div>
   <div class='ocr_carea' id='block_1_78' title="bbox 2185 3679 3359 3760">
    <p class='ocr_par' dir='ltr' id='par_1_78' title="bbox 2185 3679 3359 3760">
     <span class='ocr_line' id='line_1_78' title="bbox 2185 3679 3359 3760; baseline -0.001 -19"><span class='ocrx_word' id='word_1_566' title='bbox 2185 3689 2476 3759; x_wconf 79' lang='grc' dir='ltr'>προϐάτιον</span> <span class='ocrx_word' id='word_1_567' title='bbox 2507 3691 2562 3742; x_wconf 79' lang='grc' dir='ltr'>ἐν</span> <span class='ocrx_word' id='word_1_568' title='bbox 2597 3689 2857 3760; x_wconf 82' lang='grc' dir='ltr'>Αἰγύπτῳ</span> <span class='ocrx_word' id='word_1_569' title='bbox 2885 3687 3169 3760; x_wconf 80' lang='grc' dir='ltr'>χριόμενον</span> <span class='ocrx_word' id='word_1_570' title='bbox 3203 3679 3359 3756; x_wconf 72' lang='grc' dir='ltr'>αἷμα.</span> 
     </span>
    </p>
   </div>
   <div class='ocr_carea' id='block_1_79' title="bbox 2783 3865 3183 3924">
    <p class='ocr_par' dir='ltr' id='par_1_79' title="bbox 2783 3865 3183 3924">
     <span class='ocr_line' id='line_1_79' title="bbox 2783 3865 3183 3924; baseline -0.01 0"><span class='ocrx_word' id='word_1_571' title='bbox 2783 3869 3078 3924; x_wconf 78' lang='grc' dir='ltr'><strong>ΨΑΛΜΟΣ</strong></span> <span class='ocrx_word' id='word_1_572' title='bbox 3110 3865 3183 3920; x_wconf 86' lang='grc' dir='ltr'><strong>Ξ¹.</strong></span> 
     </span>
    </p>
   </div>
   <div class='ocr_carea' id='block_1_80' title="bbox 2271 3951 3778 4030">
    <p class='ocr_par' dir='ltr' id='par_1_80' title="bbox 2271 3951 3778 4030">
     <span class='ocr_line' id='line_1_80' title="bbox 2271 3951 3778 4030; baseline -0.008 -14"><span class='ocrx_word' id='word_1_573' title='bbox 2271 3963 2416 4016; x_wconf 78' lang='grc' dir='ltr'><strong>Ἀπὸ</strong></span> <span class='ocrx_word' id='word_1_574' title='bbox 2447 3963 2564 4015; x_wconf 68' lang='grc' dir='ltr'><strong>τῶν</strong></span> <span class='ocrx_word' id='word_1_575' title='bbox 2591 3960 2863 4030; x_wconf 64' lang='grc' dir='ltr'>πείάτων</span> <span class='ocrx_word' id='word_1_576' title='bbox 2896 3958 3006 4028; x_wconf 80' lang='grc' dir='ltr'>τῆς</span> <span class='ocrx_word' id='word_1_577' title='bbox 3042 3957 3153 4030; x_wconf 76' lang='grc' dir='ltr'>γῆς</span> <span class='ocrx_word' id='word_1_578' title='bbox 3181 3955 3330 4025; x_wconf 81' lang='grc' dir='ltr'>πρὸς</span> <span class='ocrx_word' id='word_1_579' title='bbox 3356 3954 3431 4008; x_wconf 83' lang='grc' dir='ltr'><strong>σὲ</strong></span> <span class='ocrx_word' id='word_1_580' title='bbox 3456 3951 3778 4020; x_wconf 71' lang='grc' dir='ltr'>ἐκέκραξα,</span> 
     </span>
    </p>
   </div>
   <div class='ocr_carea' id='block_1_81' title="bbox 2185 4046 3779 4125">
    <p class='ocr_par' dir='ltr' id='par_1_81' title="bbox 2185 4046 3779 4125">
     <span class='ocr_line' id='line_1_81' title="bbox 2185 4046 3779 4125; baseline -0.008 -15"><span class='ocrx_word' id='word_1_581' title='bbox 2185 4075 2240 4112; x_wconf 89' lang='grc' dir='ltr'><strong>κ.</strong></span> <span class='ocrx_word' id='word_1_582' title='bbox 2267 4075 2315 4110; x_wconf 88' lang='grc' dir='ltr'><strong>τ.</strong></span> <span class='ocrx_word' id='word_1_583' title='bbox 2345 4059 2391 4109; x_wconf 85' lang='grc' dir='ltr'>ὲ.</span> <span class='ocrx_word' id='word_1_584' title='bbox 2429 4058 2487 4109; x_wconf 88' lang='grc' dir='ltr'><strong>Ὀ</strong></span> <span class='ocrx_word' id='word_1_585' title='bbox 2513 4054 2898 4125; x_wconf 77' lang='grc' dir='ltr'>αἰσθανόμενος</span> <span class='ocrx_word' id='word_1_586' title='bbox 2921 4051 3029 4124; x_wconf 70' lang='grc'><strong>(92)</strong></span> <span class='ocrx_word' id='word_1_587' title='bbox 3059 4049 3251 4103; x_wconf 73' lang='grc' dir='ltr'>ἑαυτοῦ</span> <span class='ocrx_word' id='word_1_588' title='bbox 3275 4053 3332 4103; x_wconf 77' lang='grc' dir='ltr'>ἐν</span> <span class='ocrx_word' id='word_1_589' title='bbox 3360 4049 3504 4110; x_wconf 80' lang='grc' dir='ltr'>ὅσοις</span> <span class='ocrx_word' id='word_1_590' title='bbox 3531 4046 3779 4099; x_wconf 82' lang='grc' dir='ltr'>λείπεται</span> 
     </span>
    </p>
   </div>
   <div class='ocr_carea' id='block_1_82' title="bbox 2185 4139 3780 4224">
    <p class='ocr_par' dir='ltr' id='par_1_82' title="bbox 2185 4139 3780 4224">
     <span class='ocr_line' id='line_1_82' title="bbox 2185 4139 3780 4224; baseline -0.009 -18"><span class='ocrx_word' id='word_1_591' title='bbox 2185 4155 2284 4224; x_wconf 76' lang='grc' dir='ltr'>τῆς</span> <span class='ocrx_word' id='word_1_592' title='bbox 2311 4151 2668 4222; x_wconf 86' lang='grc' dir='ltr'>τελειότητος,</span> <span class='ocrx_word' id='word_1_593' title='bbox 2714 4151 2771 4201; x_wconf 84' lang='grc' dir='ltr'><strong>ὲν</strong></span> <span class='ocrx_word' id='word_1_594' title='bbox 2802 4147 2879 4218; x_wconf 82' lang='grc' dir='ltr'>τῷ</span> <span class='ocrx_word' id='word_1_595' title='bbox 2918 4149 3059 4200; x_wconf 88' lang='grc' dir='ltr'>νοεῖν</span> <span class='ocrx_word' id='word_1_596' title='bbox 3087 4145 3169 4206; x_wconf 86' lang='grc' dir='ltr'><strong>τίς</strong></span> <span class='ocrx_word' id='word_1_597' title='bbox 3199 4145 3226 4196; x_wconf 85' lang='grc' dir='ltr'>ὁ</span> <span class='ocrx_word' id='word_1_598' title='bbox 3260 4141 3484 4203; x_wconf 82' lang='grc' dir='ltr'>τέλειος,</span> <span class='ocrx_word' id='word_1_599' title='bbox 3517 4139 3614 4193; x_wconf 71' lang='grc' dir='ltr'>καὶ</span> <span class='ocrx_word' id='word_1_600' title='bbox 3645 4139 3780 4191; x_wconf 85' lang='grc' dir='ltr'>ἁνα-</span> 
     </span>
    </p>
   </div>
   <div class='ocr_carea' id='block_1_83' title="bbox 496 4233 2076 4336">
    <p class='ocr_par' dir='ltr' id='par_1_83' title="bbox 496 4233 2076 4306">
     <span class='ocr_line' id='line_1_83' title="bbox 496 4233 2076 4306; baseline 0.003 -18"><span class='ocrx_word' id='word_1_601' title='bbox 496 4236 779 4298; x_wconf 81' lang='lat' dir='ltr'><strong>elevatus,</strong></span> <span class='ocrx_word' id='word_1_602' title='bbox 828 4235 998 4299; x_wconf 90' lang='lat' dir='ltr'><strong>dicit,</strong></span> <span class='ocrx_word' id='word_1_603' title='bbox 1061 4253 1079 4286; x_wconf 83' lang='grc' dir='ltr'>ι</span> <span class='ocrx_word' id='word_1_604' title='bbox 1144 4233 1388 4300; x_wconf 75' lang='lat' dir='ltr'><strong>Exaudi,</strong></span> <span class='ocrx_word' id='word_1_605' title='bbox 1441 4237 1602 4301; x_wconf 86' lang='lat' dir='ltr'><strong>Deus,</strong></span> <span class='ocrx_word' id='word_1_606' title='bbox 1645 4238 2076 4306; x_wconf 84' lang='lat' dir='ltr'><strong>deprecationem</strong></span> 
     </span>
    </p>
   </div>
   <div class='ocr_carea' id='block_1_84' title="bbox 2181 4233 3779 4336">
    <p class='ocr_par' dir='ltr' id='par_1_84' title="bbox 2190 4234 3779 4320">
     <span class='ocr_line' id='line_1_84' title="bbox 2190 4234 3779 4320; baseline -0.012 -17"><span class='ocrx_word' id='word_1_607' title='bbox 2190 4249 2372 4320; x_wconf 81' lang='grc' dir='ltr'>φέρων</span> <span class='ocrx_word' id='word_1_608' title='bbox 2401 4250 2458 4300; x_wconf 84' lang='grc' dir='ltr'>ὲν</span> <span class='ocrx_word' id='word_1_609' title='bbox 2503 4251 2621 4312; x_wconf 87' lang='grc' dir='ltr'>ταῖς</span> <span class='ocrx_word' id='word_1_610' title='bbox 2655 4247 2860 4316; x_wconf 83' lang='grc' dir='ltr'>εὐχαῖς,</span> <span class='ocrx_word' id='word_1_611' title='bbox 2897 4242 3027 4316; x_wconf 72' lang='grc' dir='ltr'>περὶ</span> <span class='ocrx_word' id='word_1_612' title='bbox 3054 4241 3242 4295; x_wconf 87' lang='grc' dir='ltr'>τούτου</span> <span class='ocrx_word' id='word_1_613' title='bbox 3282 4238 3427 4305; x_wconf 85' lang='grc' dir='ltr'>λέγει</span> <span class='ocrx_word' id='word_1_614' title='bbox 3459 4236 3538 4298; x_wconf 84' lang='grc' dir='ltr'><strong>τὸ,</strong></span> <span class='ocrx_word' id='word_1_615' title='bbox 3587 4253 3604 4286; x_wconf 79' lang='grc' dir='ltr'>ι</span> <span class='ocrx_word' id='word_1_616' title='bbox 3649 4234 3779 4286; x_wconf 83' lang='grc' dir='ltr'><strong>Εἰσ-</strong></span> 
     </span>
    </p>
   </div>
   <div class='ocr_carea' id='block_1_85' title="bbox 499 4329 2078 4401">
    <p class='ocr_par' dir='ltr' id='par_1_85' title="bbox 499 4329 2078 4401">
     <span class='ocr_line' id='line_1_85' title="bbox 499 4329 2078 4401; baseline 0.001 -19"><span class='ocrx_word' id='word_1_617' title='bbox 499 4343 700 4392; x_wconf 86' lang='lat' dir='ltr'><strong>meam,</strong></span> <span class='ocrx_word' id='word_1_618' title='bbox 735 4346 754 4379; x_wconf 76' lang='grc' dir='ltr'>ι</span> <span class='ocrx_word' id='word_1_619' title='bbox 789 4329 1136 4384; x_wconf 77' lang='lat' dir='ltr'><strong>exaudietur.</strong></span> <span class='ocrx_word' id='word_1_620' title='bbox 1167 4329 1396 4390; x_wconf 83' lang='lat' dir='ltr'><strong>Quando</strong></span> <span class='ocrx_word' id='word_1_621' title='bbox 1429 4343 1564 4384; x_wconf 76' lang='lat' dir='ltr'><strong>vero</strong></span> <span class='ocrx_word' id='word_1_622' title='bbox 1593 4331 1944 4401; x_wconf 79' lang='lat' dir='ltr'><strong>imperfectus</strong></span> <span class='ocrx_word' id='word_1_623' title='bbox 1973 4347 2078 4384; x_wconf 87' lang='lat' dir='ltr'><strong>non</strong></span> 
     </span>
    </p>
   </div>
   <div class='ocr_carea' id='block_1_86' title="bbox 498 4423 2081 4496">
    <p class='ocr_par' dir='ltr' id='par_1_86' title="bbox 498 4423 2081 4496">
     <span class='ocr_line' id='line_1_86' title="bbox 498 4423 2081 4496; baseline 0.003 -20"><span class='ocrx_word' id='word_1_624' title='bbox 498 4425 666 4478; x_wconf 85' lang='lat' dir='ltr'><strong>sentit</strong></span> <span class='ocrx_word' id='word_1_625' title='bbox 687 4439 750 4478; x_wconf 87' lang='lat' dir='ltr'><strong>ea</strong></span> <span class='ocrx_word' id='word_1_626' title='bbox 785 4423 986 4492; x_wconf 87' lang='lat' dir='ltr'><strong>quibus</strong></span> <span class='ocrx_word' id='word_1_627' title='bbox 1013 4424 1239 4494; x_wconf 80' lang='lat' dir='ltr'><strong>indiget,</strong></span> <span class='ocrx_word' id='word_1_628' title='bbox 1267 4425 1448 4481; x_wconf 89' lang='lat' dir='ltr'><strong>oratio</strong></span> <span class='ocrx_word' id='word_1_629' title='bbox 1479 4426 1600 4496; x_wconf 86' lang='lat' dir='ltr'><strong>ejus</strong></span> <span class='ocrx_word' id='word_1_630' title='bbox 1631 4427 1774 4490; x_wconf 90' lang='lat' dir='ltr'><strong>silet,</strong></span> <span class='ocrx_word' id='word_1_631' title='bbox 1807 4427 2081 4481; x_wconf 83' lang='lat' dir='ltr'><strong>clamante</strong></span> 
     </span>
    </p>
   </div>
   <div class='ocr_carea' id='block_1_87' title="bbox 499 4497 2076 4590">
    <p class='ocr_par' dir='ltr' id='par_1_87' title="bbox 499 4497 2076 4590">
     <span class='ocr_line' id='line_1_87' title="bbox 499 4497 2076 4590; baseline 0.001 -20"><span class='ocrx_word' id='word_1_632' title='bbox 499 4516 593 4570; x_wconf 87' lang='lat' dir='ltr'><strong>illo</strong></span> <span class='ocrx_word' id='word_1_633' title='bbox 646 4517 736 4584; x_wconf 89' lang='lat' dir='ltr'><strong>qui</strong></span> <span class='ocrx_word' id='word_1_634' title='bbox 787 4519 987 4583; x_wconf 88' lang='lat' dir='ltr'><strong>sentit,</strong></span> <span class='ocrx_word' id='word_1_635' title='bbox 1029 4527 1084 4572; x_wconf 92' lang='lat' dir='ltr'><strong>et</strong></span> <span class='ocrx_word' id='word_1_636' title='bbox 1129 4519 1479 4590; x_wconf 88' lang='lat' dir='ltr'><strong>semetipsum</strong></span> <span class='ocrx_word' id='word_1_637' title='bbox 1538 4519 1649 4574; x_wconf 91' lang='lat' dir='ltr'><strong>Deo</strong></span> <span class='ocrx_word' id='word_1_638' title='bbox 1681 4497 2076 4590; x_wconf 64' lang='lat' dir='ltr'><strong>perliciendum</strong></span> 
     </span>
    </p>
   </div>
   <div class='ocr_carea' id='block_1_88' title="bbox 502 4609 690 4662">
    <p class='ocr_par' dir='ltr' id='par_1_88' title="bbox 502 4609 690 4662">
     <span class='ocr_line' id='line_1_88' title="bbox 502 4609 690 4662; baseline 0.016 -2"><span class='ocrx_word' id='word_1_639' title='bbox 502 4609 690 4662; x_wconf 87' lang='lat' dir='ltr'><strong>tradit.</strong></span> 
     </span>
    </p>
   </div>
   <div class='ocr_carea' id='block_1_89' title="bbox 569 4699 2089 4771">
    <p class='ocr_par' dir='ltr' id='par_1_89' title="bbox 569 4699 2089 4771">
     <span class='ocr_line' id='line_1_89' title="bbox 569 4699 2089 4771; baseline 0.005 -16"><span class='ocrx_word' id='word_1_640' title='bbox 569 4699 697 4756; x_wconf 71' lang='lat' dir='ltr'><strong>Isin.</strong></span> <span class='ocrx_word' id='word_1_641' title='bbox 737 4702 872 4756; x_wconf 85' lang='lat' dir='ltr'><strong>Dum</strong></span> <span class='ocrx_word' id='word_1_642' title='bbox 923 4707 1234 4759; x_wconf 70' lang='lat' dir='ltr'><strong>cruciaretur</strong></span> <span class='ocrx_word' id='word_1_643' title='bbox 1277 4724 1368 4760; x_wconf 87' lang='lat' dir='ltr'><strong>cor</strong></span> <span class='ocrx_word' id='word_1_644' title='bbox 1419 4723 1615 4771; x_wconf 82' lang='lat' dir='ltr'><strong>meum,</strong></span> <span class='ocrx_word' id='word_1_645' title='bbox 1663 4718 1769 4762; x_wconf 77' lang='lat' dir='ltr'><strong>etc.</strong></span> <span class='ocrx_word' id='word_1_646' title='bbox 1819 4709 2089 4764; x_wconf 78' lang='lat' dir='ltr'><strong>Anxiatur</strong></span> 
     </span>
    </p>
   </div>
   <div class='ocr_carea' id='block_1_90' title="bbox 503 4794 2089 4865">
    <p class='ocr_par' dir='ltr' id='par_1_90' title="bbox 503 4794 2089 4865">
     <span class='ocr_line' id='line_1_90' title="bbox 503 4794 2089 4865; baseline 0.006 -19"><span class='ocrx_word' id='word_1_647' title='bbox 503 4794 645 4846; x_wconf 89' lang='lat' dir='ltr'><strong>cnim</strong></span> <span class='ocrx_word' id='word_1_648' title='bbox 697 4809 824 4848; x_wconf 83' lang='lat' dir='ltr'><strong>vere</strong></span> <span class='ocrx_word' id='word_1_649' title='bbox 847 4806 900 4849; x_wconf 92' lang='lat' dir='ltr'><strong>et</strong></span> <span class='ocrx_word' id='word_1_650' title='bbox 939 4799 1091 4865; x_wconf 89' lang='lat' dir='ltr'><strong>quasi</strong></span> <span class='ocrx_word' id='word_1_651' title='bbox 1138 4799 1322 4852; x_wconf 79' lang='lat' dir='ltr'><strong>deﬁcit</strong></span> <span class='ocrx_word' id='word_1_652' title='bbox 1366 4800 1548 4854; x_wconf 89' lang='lat' dir='ltr'><strong>omnis</strong></span> <span class='ocrx_word' id='word_1_653' title='bbox 1584 4801 1764 4854; x_wconf 88' lang='lat' dir='ltr'><strong>anima</strong></span> <span class='ocrx_word' id='word_1_654' title='bbox 1797 4801 1908 4856; x_wconf 86' lang='lat' dir='ltr'><strong>Deo</strong></span> <span class='ocrx_word' id='word_1_655' title='bbox 1952 4802 2089 4856; x_wconf 87' lang='lat' dir='ltr'><strong>ami-</strong></span> 
     </span>
    </p>
   </div>
   <div class='ocr_carea' id='block_1_91' title="bbox 501 4888 2088 4962">
    <p class='ocr_par' dir='ltr' id='par_1_91' title="bbox 501 4888 2088 4962">
     <span class='ocr_line' id='line_1_91' title="bbox 501 4888 2088 4962; baseline 0.009 -24"><span class='ocrx_word' id='word_1_656' title='bbox 501 4901 584 4952; x_wconf 84' lang='lat' dir='ltr'><strong>ea,</strong></span> <span class='ocrx_word' id='word_1_657' title='bbox 621 4888 746 4940; x_wconf 91' lang='lat' dir='ltr'><strong>dum</strong></span> <span class='ocrx_word' id='word_1_658' title='bbox 779 4889 830 4941; x_wconf 92' lang='lat' dir='ltr'><strong>in</strong></span> <span class='ocrx_word' id='word_1_659' title='bbox 868 4894 1077 4946; x_wconf 83' lang='lat' dir='ltr'><strong>mortali</strong></span> <span class='ocrx_word' id='word_1_660' title='bbox 1113 4895 1212 4949; x_wconf 85' lang='lat' dir='ltr'><strong>hac</strong></span> <span class='ocrx_word' id='word_1_661' title='bbox 1241 4896 1350 4947; x_wconf 72' lang='lat' dir='ltr'><strong>vita</strong></span> <span class='ocrx_word' id='word_1_662' title='bbox 1381 4907 1752 4950; x_wconf 88' lang='lat' dir='ltr'><strong>commoratur</strong></span> <span class='ocrx_word' id='word_1_663' title='bbox 1784 4914 1798 4962; x_wconf 89' lang='lat'><strong>;</strong></span> <span class='ocrx_word' id='word_1_664' title='bbox 1832 4899 2088 4952; x_wconf 82' lang='lat' dir='ltr'><strong>anxiatur</strong></span> 
     </span>
    </p>
   </div>
   <div class='ocr_carea' id='block_1_92' title="bbox 500 4981 2081 5058">
    <p class='ocr_par' dir='ltr' id='par_1_92' title="bbox 500 4981 2081 5058">
     <span class='ocr_line' id='line_1_92' title="bbox 500 4981 2081 5058; baseline 0.01 -28"><span class='ocrx_word' id='word_1_665' title='bbox 500 4989 760 5034; x_wconf 86' lang='lat' dir='ltr'><strong>autemet</strong></span> <span class='ocrx_word' id='word_1_666' title='bbox 790 4981 972 5038; x_wconf 88' lang='lat' dir='ltr'><strong>delicit</strong></span> <span class='ocrx_word' id='word_1_667' title='bbox 1000 4987 1166 5040; x_wconf 87' lang='lat' dir='ltr'><strong>etiam</strong></span> <span class='ocrx_word' id='word_1_668' title='bbox 1211 5005 1322 5058; x_wconf 73' lang='lat' dir='ltr'><strong>pra:</strong></span> <span class='ocrx_word' id='word_1_669' title='bbox 1363 4989 1861 5056; x_wconf 87' lang='lat' dir='ltr'><strong>c0mmiseratione,</strong></span> <span class='ocrx_word' id='word_1_670' title='bbox 1897 4993 2081 5046; x_wconf 79' lang='lat' dir='ltr'><strong>videns</strong></span> 
     </span>
    </p>
   </div>
   <div class='ocr_carea' id='block_1_93' title="bbox 501 5070 2085 5154">
    <p class='ocr_par' dir='ltr' id='par_1_93' title="bbox 501 5070 2085 5154">
     <span class='ocr_line' id='line_1_93' title="bbox 501 5070 2085 5154; baseline 0.009 -32"><span class='ocrx_word' id='word_1_671' title='bbox 501 5070 898 5130; x_wconf 88' lang='lat' dir='ltr'><strong>multitudinem</strong></span> <span class='ocrx_word' id='word_1_672' title='bbox 925 5093 1115 5133; x_wconf 86' lang='lat' dir='ltr'><strong>eorum</strong></span> <span class='ocrx_word' id='word_1_673' title='bbox 1143 5083 1232 5150; x_wconf 88' lang='lat' dir='ltr'><strong>qui</strong></span> <span class='ocrx_word' id='word_1_674' title='bbox 1261 5092 1509 5150; x_wconf 86' lang='lat' dir='ltr'><strong>pereunt.</strong></span> <span class='ocrx_word' id='word_1_675' title='bbox 1529 5081 1700 5151; x_wconf 78' lang='lat' dir='ltr'><strong>Luget</strong></span> <span class='ocrx_word' id='word_1_676' title='bbox 1725 5085 1890 5137; x_wconf 89' lang='lat' dir='ltr'><strong>etiam</strong></span> <span class='ocrx_word' id='word_1_677' title='bbox 1919 5085 2085 5154; x_wconf 89' lang='lat' dir='ltr'><strong>pluri-</strong></span> 
     </span>
    </p>
   </div>
   <div class='ocr_carea' id='block_1_94' title="bbox 501 5173 2082 5245">
    <p class='ocr_par' dir='ltr' id='par_1_94' title="bbox 501 5173 2082 5245">
     <span class='ocr_line' id='line_1_94' title="bbox 501 5173 2082 5245; baseline 0.008 -25"><span class='ocrx_word' id='word_1_678' title='bbox 501 5183 620 5222; x_wconf 87' lang='lat' dir='ltr'><strong>mos</strong></span> <span class='ocrx_word' id='word_1_679' title='bbox 683 5183 870 5225; x_wconf 90' lang='lat' dir='ltr'><strong>eorum</strong></span> <span class='ocrx_word' id='word_1_680' title='bbox 921 5173 1010 5241; x_wconf 88' lang='lat' dir='ltr'><strong>qui</strong></span> <span class='ocrx_word' id='word_1_681' title='bbox 1063 5181 1222 5226; x_wconf 86' lang='lat' dir='ltr'><strong>antea</strong></span> <span class='ocrx_word' id='word_1_682' title='bbox 1265 5183 1656 5240; x_wconf 79' lang='lat' dir='ltr'><strong>peccaverunt,</strong></span> <span class='ocrx_word' id='word_1_683' title='bbox 1711 5186 1764 5227; x_wconf 89' lang='lat' dir='ltr'><strong>et</strong></span> <span class='ocrx_word' id='word_1_684' title='bbox 1812 5192 1914 5230; x_wconf 86' lang='lat' dir='ltr'><strong>non</strong></span> <span class='ocrx_word' id='word_1_685' title='bbox 1955 5193 2082 5245; x_wconf 84' lang='lat' dir='ltr'><strong>ege-</strong></span> 
     </span>
    </p>
   </div>
   <div class='ocr_carea' id='block_1_95' title="bbox 505 5262 2082 5336">
    <p class='ocr_par' dir='ltr' id='par_1_95' title="bbox 505 5262 2082 5336">
     <span class='ocr_line' id='line_1_95' title="bbox 505 5262 2082 5336; baseline 0.007 -25"><span class='ocrx_word' id='word_1_686' title='bbox 505 5262 1024 5330; x_wconf 74' lang='lat' dir='ltr'><strong>runtpmnitentiam</strong></span> <span class='ocrx_word' id='word_1_687' title='bbox 1066 5278 1164 5327; x_wconf 84' lang='lat' dir='ltr'><strong>pro</strong></span> <span class='ocrx_word' id='word_1_688' title='bbox 1193 5273 1443 5331; x_wconf 77' lang='lat' dir='ltr'><strong>peccato,</strong></span> <span class='ocrx_word' id='word_1_689' title='bbox 1479 5273 1534 5316; x_wconf 89' lang='lat' dir='ltr'><strong>et</strong></span> <span class='ocrx_word' id='word_1_690' title='bbox 1565 5265 1876 5332; x_wconf 85' lang='lat' dir='ltr'><strong>iniquitate,</strong></span> <span class='ocrx_word' id='word_1_691' title='bbox 1917 5277 2082 5336; x_wconf 88' lang='lat' dir='ltr'><strong>atque</strong></span> 
     </span>
    </p>
   </div>
   <div class='ocr_carea' id='block_1_96' title="bbox 501 5349 2080 5422">
    <p class='ocr_par' dir='ltr' id='par_1_96' title="bbox 501 5349 2080 5422">
     <span class='ocr_line' id='line_1_96' title="bbox 501 5349 2080 5422; baseline 0.007 -21"><span class='ocrx_word' id='word_1_692' title='bbox 501 5349 822 5420; x_wconf 88' lang='lat' dir='ltr'><strong>impietate,</strong></span> <span class='ocrx_word' id='word_1_693' title='bbox 875 5369 1040 5422; x_wconf 87' lang='lat' dir='ltr'><strong>quam</strong></span> <span class='ocrx_word' id='word_1_694' title='bbox 1089 5353 1379 5418; x_wconf 82' lang='lat' dir='ltr'><strong>fecerant,</strong></span> <span class='ocrx_word' id='word_1_695' title='bbox 1433 5355 1892 5422; x_wconf 86' lang='lat' dir='ltr'><strong>quemadmodum</strong></span> <span class='ocrx_word' id='word_1_696' title='bbox 1947 5357 2080 5412; x_wconf 78' lang='lat' dir='ltr'><strong>fecit</strong></span> 
     </span>
    </p>
   </div>
   <div class='ocr_carea' id='block_1_97' title="bbox 569 5489 1624 5557">
    <p class='ocr_par' dir='ltr' id='par_1_97' title="bbox 569 5489 1624 5557">
     <span class='ocr_line' id='line_1_97' title="bbox 569 5489 1624 5557; baseline -0.002 -13"><span class='ocrx_word' id='word_1_697' title='bbox 569 5491 615 5523; x_wconf 80' lang='lat'><strong>&quot;</strong></span> <span class='ocrx_word' id='word_1_698' title='bbox 641 5489 782 5545; x_wconf 83' lang='lat' dir='ltr'><strong>Psal.</strong></span> <span class='ocrx_word' id='word_1_699' title='bbox 822 5507 1005 5557; x_wconf 79' lang='lat' dir='ltr'><strong>Lxxw,</strong></span> <span class='ocrx_word' id='word_1_700' title='bbox 1041 5491 1093 5545; x_wconf 89' lang='lat'><strong>9.</strong></span> <span class='ocrx_word' id='word_1_701' title='bbox 1175 5491 1219 5522; x_wconf 79' lang='grc'><strong>⁵³</strong></span> <span class='ocrx_word' id='word_1_702' title='bbox 1245 5489 1386 5548; x_wconf 82' lang='lat' dir='ltr'><strong>Psal.</strong></span> <span class='ocrx_word' id='word_1_703' title='bbox 1425 5505 1537 5554; x_wconf 75' lang='lat' dir='ltr'><strong>xvu,</strong></span> <span class='ocrx_word' id='word_1_704' title='bbox 1571 5491 1624 5543; x_wconf 77' lang='lat' dir='ltr'><strong>.L</strong></span> 
     </span>
    </p>
   </div>
   <div class='ocr_carea' id='block_1_98' title="bbox 575 5631 1430 5704">
    <p class='ocr_par' dir='ltr' id='par_1_98' title="bbox 575 5631 1430 5704">
     <span class='ocr_line' id='line_1_98' title="bbox 575 5631 1430 5704; baseline 0 -18"><span class='ocrx_word' id='word_1_705' title='bbox 575 5631 688 5704; x_wconf 70' lang='lat'><strong>(89)</strong></span> <span class='ocrx_word' id='word_1_706' title='bbox 705 5635 1048 5700; x_wconf 78' lang='grc' dir='ltr'>Κινηθεῖσα,</span> <span class='ocrx_word' id='word_1_707' title='bbox 1073 5643 1180 5690; x_wconf 88' lang='lat' dir='ltr'><strong>etc.</strong></span> <span class='ocrx_word' id='word_1_708' title='bbox 1209 5634 1430 5689; x_wconf 81' lang='lat' dir='ltr'><strong>Eadem.</strong></span> 
     </span>
    </p>
   </div>
   <div class='ocr_carea' id='block_1_99' title="bbox 598 5703 1442 5768">
    <p class='ocr_par' dir='ltr' id='par_1_99' title="bbox 598 5703 1442 5768">
     <span class='ocr_line' id='line_1_99' title="bbox 598 5703 1442 5768; baseline 0.002 -14"><span class='ocrx_word' id='word_1_709' title='bbox 598 5703 686 5768; x_wconf 81' lang='lat'><strong>90)</strong></span> <span class='ocrx_word' id='word_1_710' title='bbox 716 5705 1045 5768; x_wconf 80' lang='grc' dir='ltr'>Δείκνυται,</span> <span class='ocrx_word' id='word_1_711' title='bbox 1077 5715 1180 5760; x_wconf 89' lang='lat' dir='ltr'><strong>etc.</strong></span> <span class='ocrx_word' id='word_1_712' title='bbox 1223 5705 1442 5760; x_wconf 83' lang='lat' dir='ltr'><strong>Eadem.</strong></span> 
     </span>
    </p>
   </div>
   <div class='ocr_carea' id='block_1_100' title="bbox 579 5769 2087 5842">
    <p class='ocr_par' dir='ltr' id='par_1_100' title="bbox 579 5769 2087 5842">
     <span class='ocr_line' id='line_1_100' title="bbox 579 5769 2087 5842; baseline -0.003 -16"><span class='ocrx_word' id='word_1_713' title='bbox 579 5769 688 5834; x_wconf 69' lang='lat' dir='ltr'><strong>&quot;9n</strong></span> <span class='ocrx_word' id='word_1_714' title='bbox 717 5775 906 5840; x_wconf 84' lang='grc' dir='ltr'>Ἡμεῖς</span> <span class='ocrx_word' id='word_1_715' title='bbox 917 5775 1052 5842; x_wconf 70' lang='grc' dir='ltr'>μέν,</span> <span class='ocrx_word' id='word_1_716' title='bbox 1071 5786 1178 5831; x_wconf 87' lang='lat' dir='ltr'><strong>etc.</strong></span> <span class='ocrx_word' id='word_1_717' title='bbox 1203 5777 1386 5831; x_wconf 78' lang='lat' dir='ltr'><strong>Codex</strong></span> <span class='ocrx_word' id='word_1_718' title='bbox 1409 5771 1776 5829; x_wconf 87' lang='lat' dir='ltr'><strong>Coislinianus</strong></span> <span class='ocrx_word' id='word_1_719' title='bbox 1791 5769 2087 5825; x_wconf 83' lang='lat' dir='ltr'><strong>secundus.</strong></span> 
     </span>
    </p>
   </div>
   <div class='ocr_carea' id='block_1_101' title="bbox 2191 4327 3778 4408">
    <p class='ocr_par' dir='ltr' id='par_1_101' title="bbox 2191 4327 3778 4408">
     <span class='ocr_line' id='line_1_101' title="bbox 2191 4327 3778 4408; baseline -0.011 -13"><span class='ocrx_word' id='word_1_720' title='bbox 2191 4342 2481 4404; x_wconf 83' lang='grc' dir='ltr'>ἀκουσον,ὁ</span> <span class='ocrx_word' id='word_1_721' title='bbox 2508 4339 2766 4408; x_wconf 77' lang='grc' dir='ltr'>Θεὸς,τῆς</span> <span class='ocrx_word' id='word_1_722' title='bbox 2789 4336 3022 4408; x_wconf 85' lang='grc' dir='ltr'>δεήσεώς</span> <span class='ocrx_word' id='word_1_723' title='bbox 3066 4351 3188 4405; x_wconf 88' lang='grc' dir='ltr'>μου,</span> <span class='ocrx_word' id='word_1_724' title='bbox 3217 4351 3233 4382; x_wconf 79' lang='grc' dir='ltr'>ι</span> <span class='ocrx_word' id='word_1_725' title='bbox 3269 4327 3778 4392; x_wconf 74' lang='grc' dir='ltr'>εἰσακουσθήσεται.</span> 
     </span>
    </p>
   </div>
   <div class='ocr_carea' id='block_1_102' title="bbox 2194 4419 3780 4502">
    <p class='ocr_par' dir='ltr' id='par_1_102' title="bbox 2194 4419 3780 4502">
     <span class='ocr_line' id='line_1_102' title="bbox 2194 4419 3780 4502; baseline -0.011 -15"><span class='ocrx_word' id='word_1_726' title='bbox 2194 4435 2364 4487; x_wconf 84' lang='grc' dir='ltr'>Ὅταν</span> <span class='ocrx_word' id='word_1_727' title='bbox 2400 4431 2456 4485; x_wconf 82' lang='grc' dir='ltr'><strong>δὲ</strong></span> <span class='ocrx_word' id='word_1_728' title='bbox 2481 4433 2509 4485; x_wconf 87' lang='grc' dir='ltr'>ὁ</span> <span class='ocrx_word' id='word_1_729' title='bbox 2538 4431 2733 4502; x_wconf 76' lang='grc' dir='ltr'>ἀτελὴς</span> <span class='ocrx_word' id='word_1_730' title='bbox 2761 4427 3080 4498; x_wconf 82' lang='grc' dir='ltr'>ἀναισθητεῖ</span> <span class='ocrx_word' id='word_1_731' title='bbox 3124 4419 3198 4480; x_wconf 80' lang='grc' dir='ltr'>ὧν</span> <span class='ocrx_word' id='word_1_732' title='bbox 3231 4426 3378 4476; x_wconf 71' lang='grc' dir='ltr'>ἐστιν</span> <span class='ocrx_word' id='word_1_733' title='bbox 3409 4422 3614 4490; x_wconf 78' lang='grc' dir='ltr'>ἐνδεης,</span> <span class='ocrx_word' id='word_1_734' title='bbox 3651 4435 3780 4470; x_wconf 83' lang='grc' dir='ltr'>σιω-</span> 
     </span>
    </p>
   </div>
   <div class='ocr_carea' id='block_1_103' title="bbox 2193 4515 3780 4601">
    <p class='ocr_par' dir='ltr' id='par_1_103' title="bbox 2193 4515 3780 4601">
     <span class='ocr_line' id='line_1_103' title="bbox 2193 4515 3780 4601; baseline -0.012 -17"><span class='ocrx_word' id='word_1_735' title='bbox 2193 4531 2268 4601; x_wconf 80' lang='grc' dir='ltr'>πᾷ</span> <span class='ocrx_word' id='word_1_736' title='bbox 2299 4527 2462 4584; x_wconf 77' lang='grc' dir='ltr'>αὑτοῦ</span> <span class='ocrx_word' id='word_1_737' title='bbox 2502 4529 2534 4598; x_wconf 81' lang='grc' dir='ltr'>ἡ</span> <span class='ocrx_word' id='word_1_738' title='bbox 2569 4527 2774 4598; x_wconf 83' lang='grc' dir='ltr'>δέησις,</span> <span class='ocrx_word' id='word_1_739' title='bbox 2819 4523 2914 4578; x_wconf 79' lang='grc' dir='ltr'>τοῦ</span> <span class='ocrx_word' id='word_1_740' title='bbox 2963 4521 3376 4592; x_wconf 80' lang='grc' dir='ltr'>αἰσθανομένου,</span> <span class='ocrx_word' id='word_1_741' title='bbox 3408 4519 3502 4572; x_wconf 71' lang='grc' dir='ltr'>καὶ</span> <span class='ocrx_word' id='word_1_742' title='bbox 3533 4515 3780 4586; x_wconf 79' lang='grc' dir='ltr'>ἐμπαρέ-</span> 
     </span>
    </p>
   </div>
   <div class='ocr_carea' id='block_1_104' title="bbox 2189 4609 3782 4690">
    <p class='ocr_par' dir='ltr' id='par_1_104' title="bbox 2189 4609 3782 4690">
     <span class='ocr_line' id='line_1_104' title="bbox 2189 4609 3782 4690; baseline -0.008 -15"><span class='ocrx_word' id='word_1_743' title='bbox 2189 4639 2373 4690; x_wconf 87' lang='grc' dir='ltr'>χοντος</span> <span class='ocrx_word' id='word_1_744' title='bbox 2405 4621 2592 4674; x_wconf 79' lang='grc' dir='ltr'>ἑαυτὸν</span> <span class='ocrx_word' id='word_1_745' title='bbox 2615 4617 2690 4688; x_wconf 83' lang='grc' dir='ltr'><strong>τῷ</strong></span> <span class='ocrx_word' id='word_1_746' title='bbox 2713 4616 2829 4686; x_wconf 81' lang='grc' dir='ltr'><strong>Θεῷ</strong></span> <span class='ocrx_word' id='word_1_747' title='bbox 2859 4617 2938 4678; x_wconf 85' lang='grc' dir='ltr'>εἰς</span> <span class='ocrx_word' id='word_1_748' title='bbox 2967 4615 3026 4666; x_wconf 85' lang='grc' dir='ltr'><strong>τὸ</strong></span> <span class='ocrx_word' id='word_1_749' title='bbox 3058 4611 3426 4681; x_wconf 80' lang='grc' dir='ltr'>τελειωθῆναι,</span> <span class='ocrx_word' id='word_1_750' title='bbox 3460 4609 3782 4682; x_wconf 80' lang='grc' dir='ltr'>βοήσαντος.</span> 
     </span>
    </p>
   </div>
   <div class='ocr_carea' id='block_1_105' title="bbox 2273 4701 3779 4778">
    <p class='ocr_par' dir='ltr' id='par_1_105' title="bbox 2273 4701 3779 4778">
     <span class='ocr_line' id='line_1_105' title="bbox 2273 4701 3779 4778; baseline -0.011 -10"><span class='ocrx_word' id='word_1_751' title='bbox 2273 4717 2373 4768; x_wconf 78' lang='grc' dir='ltr'><em>Ἐν</em></span> <span class='ocrx_word' id='word_1_752' title='bbox 2425 4713 2504 4778; x_wconf 85' lang='grc' dir='ltr'>τῷ</span> <span class='ocrx_word' id='word_1_753' title='bbox 2555 4711 2878 4778; x_wconf 82' lang='grc' dir='ltr'>ἁκηδιᾶσαι</span> <span class='ocrx_word' id='word_1_754' title='bbox 2934 4705 3048 4774; x_wconf 78' lang='grc' dir='ltr'><strong>τὴν</strong></span> <span class='ocrx_word' id='word_1_755' title='bbox 3095 4704 3347 4772; x_wconf 73' lang='grc' dir='ltr'>καρδίαν</span> <span class='ocrx_word' id='word_1_756' title='bbox 3387 4719 3530 4772; x_wconf 81' lang='grc' dir='ltr'>μου,</span> <span class='ocrx_word' id='word_1_757' title='bbox 3573 4719 3626 4754; x_wconf 85' lang='grc' dir='ltr'><strong>κ.</strong></span> <span class='ocrx_word' id='word_1_758' title='bbox 3653 4718 3700 4753; x_wconf 90' lang='grc' dir='ltr'><strong>τ.</strong></span> <span class='ocrx_word' id='word_1_759' title='bbox 3731 4701 3779 4752; x_wconf 79' lang='grc' dir='ltr'>ὲ.</span> 
     </span>
    </p>
   </div>
   <div class='ocr_carea' id='block_1_106' title="bbox 2202 4795 3780 4878">
    <p class='ocr_par' dir='ltr' id='par_1_106' title="bbox 2202 4795 3780 4878">
     <span class='ocr_line' id='line_1_106' title="bbox 2202 4795 3780 4878; baseline -0.01 -18"><span class='ocrx_word' id='word_1_760' title='bbox 2202 4807 2423 4878; x_wconf 84' lang='grc' dir='ltr'>Ἀκηδιᾷ</span> <span class='ocrx_word' id='word_1_761' title='bbox 2469 4805 2578 4875; x_wconf 81' lang='lat'><strong>(95)</strong></span> <span class='ocrx_word' id='word_1_762' title='bbox 2627 4803 2735 4873; x_wconf 78' lang='grc' dir='ltr'>γὰρ</span> <span class='ocrx_word' id='word_1_763' title='bbox 2785 4801 2860 4864; x_wconf 82' lang='grc' dir='ltr'><strong>ὡς</strong></span> <span class='ocrx_word' id='word_1_764' title='bbox 2915 4797 3131 4868; x_wconf 81' lang='grc' dir='ltr'>άληθῶς</span> <span class='ocrx_word' id='word_1_765' title='bbox 3183 4797 3276 4848; x_wconf 76' lang='grc' dir='ltr'><strong>καὶ</strong></span> <span class='ocrx_word' id='word_1_766' title='bbox 3326 4795 3583 4866; x_wconf 83' lang='grc' dir='ltr'>ἀδημονεῖ</span> <span class='ocrx_word' id='word_1_767' title='bbox 3629 4795 3780 4846; x_wconf 79' lang='grc' dir='ltr'>πᾶσα</span> 
     </span>
    </p>
   </div>
   <div class='ocr_carea' id='block_1_107' title="bbox 2191 4885 3778 4966">
    <p class='ocr_par' dir='ltr' id='par_1_107' title="bbox 2191 4885 3778 4966">
     <span class='ocr_line' id='line_1_107' title="bbox 2191 4885 3778 4966; baseline -0.008 -18"><span class='ocrx_word' id='word_1_768' title='bbox 2191 4896 2448 4966; x_wconf 76' lang='grc' dir='ltr'>θεοφιλὴς</span> <span class='ocrx_word' id='word_1_769' title='bbox 2477 4893 2646 4964; x_wconf 73' lang='grc' dir='ltr'>ψυχὴ,</span> <span class='ocrx_word' id='word_1_770' title='bbox 2693 4891 2770 4961; x_wconf 80' lang='grc' dir='ltr'><strong>τῷ</strong></span> <span class='ocrx_word' id='word_1_771' title='bbox 2805 4889 2985 4960; x_wconf 82' lang='grc' dir='ltr'>θνητῷ</span> <span class='ocrx_word' id='word_1_772' title='bbox 3026 4885 3434 4958; x_wconf 78' lang='grc' dir='ltr'>ἐνδιατρίϐουσα</span> <span class='ocrx_word' id='word_1_773' title='bbox 3475 4885 3610 4956; x_wconf 85' lang='grc' dir='ltr'>βίῳ·</span> <span class='ocrx_word' id='word_1_774' title='bbox 3649 4885 3778 4954; x_wconf 81' lang='grc' dir='ltr'>ἀκη-</span> 
     </span>
    </p>
   </div>
   <div class='ocr_carea' id='block_1_108' title="bbox 2193 4976 3779 5063">
    <p class='ocr_par' dir='ltr' id='par_1_108' title="bbox 2193 4976 3779 5063">
     <span class='ocr_line' id='line_1_108' title="bbox 2193 4976 3779 5063; baseline -0.011 -17"><span class='ocrx_word' id='word_1_775' title='bbox 2193 4993 2280 5063; x_wconf 81' lang='grc' dir='ltr'>διᾷ</span> <span class='ocrx_word' id='word_1_776' title='bbox 2305 4992 2360 5044; x_wconf 83' lang='grc' dir='ltr'><strong>δὲ</strong></span> <span class='ocrx_word' id='word_1_777' title='bbox 2394 4991 2485 5042; x_wconf 76' lang='grc' dir='ltr'>καὶ</span> <span class='ocrx_word' id='word_1_778' title='bbox 2527 4988 2788 5058; x_wconf 82' lang='grc' dir='ltr'>ἁδημονεῖ</span> <span class='ocrx_word' id='word_1_779' title='bbox 2817 4985 2910 5038; x_wconf 75' lang='grc' dir='ltr'><strong>καὶ</strong></span> <span class='ocrx_word' id='word_1_780' title='bbox 2939 4981 3026 5034; x_wconf 84' lang='grc' dir='ltr'>διὰ</span> <span class='ocrx_word' id='word_1_781' title='bbox 3067 4977 3498 5050; x_wconf 78' lang='grc' dir='ltr'>φιλανθρωπίαν,</span> <span class='ocrx_word' id='word_1_782' title='bbox 3534 4978 3594 5030; x_wconf 83' lang='grc' dir='ltr'><strong>τὸ</strong></span> <span class='ocrx_word' id='word_1_783' title='bbox 3641 4976 3779 5045; x_wconf 62' lang='lat'><strong>1:36“,-</strong></span> 
     </span>
    </p>
   </div>
   <div class='ocr_carea' id='block_1_109' title="bbox 2193 5066 3786 5148">
    <p class='ocr_par' dir='ltr' id='par_1_109' title="bbox 2193 5066 3786 5148">
     <span class='ocr_line' id='line_1_109' title="bbox 2193 5066 3786 5148; baseline -0.013 -10"><span class='ocrx_word' id='word_1_784' title='bbox 2193 5085 2282 5147; x_wconf 88' lang='grc' dir='ltr'><strong>θος</strong></span> <span class='ocrx_word' id='word_1_785' title='bbox 2313 5082 2420 5136; x_wconf 86' lang='grc' dir='ltr'><strong>τῶν</strong></span> <span class='ocrx_word' id='word_1_786' title='bbox 2451 5077 2837 5148; x_wconf 83' lang='grc' dir='ltr'>ἀπολλυμένων</span> <span class='ocrx_word' id='word_1_787' title='bbox 2890 5073 3132 5145; x_wconf 83' lang='grc' dir='ltr'>θεωρῶν.</span> <span class='ocrx_word' id='word_1_788' title='bbox 3185 5069 3378 5126; x_wconf 85' lang='grc' dir='ltr'>Πενθεῖ</span> <span class='ocrx_word' id='word_1_789' title='bbox 3407 5070 3463 5122; x_wconf 82' lang='grc' dir='ltr'><strong>δὲ</strong></span> <span class='ocrx_word' id='word_1_790' title='bbox 3517 5069 3610 5122; x_wconf 79' lang='grc' dir='ltr'><strong>καὶ</strong></span> <span class='ocrx_word' id='word_1_791' title='bbox 3653 5066 3786 5119; x_wconf 78' lang='grc' dir='ltr'>πολ-</span> 
     </span>
    </p>
   </div>
   <div class='ocr_carea' id='block_1_110' title="bbox 2191 5160 3786 5242">
    <p class='ocr_par' dir='ltr' id='par_1_110' title="bbox 2191 5160 3786 5242">
     <span class='ocr_line' id='line_1_110' title="bbox 2191 5160 3786 5242; baseline -0.01 -14"><span class='ocrx_word' id='word_1_792' title='bbox 2191 5175 2316 5239; x_wconf 79' lang='grc' dir='ltr'>λοὺς</span> <span class='ocrx_word' id='word_1_793' title='bbox 2363 5174 2470 5227; x_wconf 78' lang='grc' dir='ltr'>τῶν</span> <span class='ocrx_word' id='word_1_794' title='bbox 2504 5169 3031 5242; x_wconf 76' lang='grc' dir='ltr'>προημαρτηκότων,</span> <span class='ocrx_word' id='word_1_795' title='bbox 3066 5166 3158 5218; x_wconf 75' lang='grc' dir='ltr'><strong>καὶ</strong></span> <span class='ocrx_word' id='word_1_796' title='bbox 3209 5165 3282 5236; x_wconf 82' lang='grc' dir='ltr'><strong>μὴ</strong></span> <span class='ocrx_word' id='word_1_797' title='bbox 3333 5160 3786 5232; x_wconf 64' lang='grc' dir='ltr'>μετανοησάντων</span> 
     </span>
    </p>
   </div>
   <div class='ocr_carea' id='block_1_111' title="bbox 2193 5247 3784 5335">
    <p class='ocr_par' dir='ltr' id='par_1_111' title="bbox 2193 5247 3784 5335">
     <span class='ocr_line' id='line_1_111' title="bbox 2193 5247 3784 5335; baseline -0.011 -17"><span class='ocrx_word' id='word_1_798' title='bbox 2193 5266 2285 5318; x_wconf 68' lang='grc' dir='ltr'><strong>ἐπὶ</strong></span> <span class='ocrx_word' id='word_1_799' title='bbox 2331 5267 2396 5335; x_wconf 82' lang='grc' dir='ltr'>τῇ</span> <span class='ocrx_word' id='word_1_800' title='bbox 2443 5263 2711 5334; x_wconf 81' lang='grc' dir='ltr'>ἁμαρτίᾳ,</span> <span class='ocrx_word' id='word_1_801' title='bbox 2749 5261 2843 5314; x_wconf 75' lang='grc' dir='ltr'>καὶ</span> <span class='ocrx_word' id='word_1_802' title='bbox 2873 5259 3093 5329; x_wconf 75' lang='grc' dir='ltr'>ἀνομία,</span> <span class='ocrx_word' id='word_1_803' title='bbox 3130 5256 3226 5309; x_wconf 72' lang='grc' dir='ltr'><strong>καὶ</strong></span> <span class='ocrx_word' id='word_1_804' title='bbox 3273 5253 3514 5324; x_wconf 74' lang='grc' dir='ltr'>ἀσεϐείᾳ,</span> <span class='ocrx_word' id='word_1_805' title='bbox 3610 5251 3784 5321; x_wconf 74' lang='grc' dir='ltr'>ἔπρα-</span> 
     </span>
    </p>
   </div>
   <div class='ocr_carea' id='block_1_112' title="bbox 2187 5345 3788 5426">
    <p class='ocr_par' dir='ltr' id='par_1_112' title="bbox 2187 5345 3788 5426">
     <span class='ocr_line' id='line_1_112' title="bbox 2187 5345 3788 5426; baseline -0.012 -14"><span class='ocrx_word' id='word_1_806' title='bbox 2187 5359 2306 5426; x_wconf 80' lang='grc' dir='ltr'>ξαν,</span> <span class='ocrx_word' id='word_1_807' title='bbox 2344 5358 2532 5426; x_wconf 84' lang='grc' dir='ltr'>ὥσπερ</span> <span class='ocrx_word' id='word_1_808' title='bbox 2577 5353 2670 5409; x_wconf 65' lang='grc' dir='ltr'>οὖν</span> <span class='ocrx_word' id='word_1_809' title='bbox 2701 5355 2795 5408; x_wconf 71' lang='grc' dir='ltr'><strong>καὶ</strong></span> <span class='ocrx_word' id='word_1_810' title='bbox 2841 5355 2870 5406; x_wconf 84' lang='grc' dir='ltr'>ὁ</span> <span class='ocrx_word' id='word_1_811' title='bbox 2903 5352 3068 5404; x_wconf 83' lang='grc' dir='ltr'><strong>Δαυῖδ</strong></span> <span class='ocrx_word' id='word_1_812' title='bbox 3093 5369 3106 5380; x_wconf 89' lang='grc'><strong>·</strong></span> <span class='ocrx_word' id='word_1_813' title='bbox 3139 5349 3220 5402; x_wconf 81' lang='grc' dir='ltr'><strong>διὸ</strong></span> <span class='ocrx_word' id='word_1_814' title='bbox 3269 5347 3432 5408; x_wconf 76' lang='grc' dir='ltr'>αὐτὸς</span> <span class='ocrx_word' id='word_1_815' title='bbox 3484 5347 3583 5416; x_wconf 73' lang='grc' dir='ltr'>μὲν</span> <span class='ocrx_word' id='word_1_816' title='bbox 3609 5345 3788 5414; x_wconf 77' lang='grc' dir='ltr'>ἔφυγε</span> 
     </span>
    </p>
   </div>
   <div class='ocr_carea' id='block_1_113' title="bbox 2269 5623 3607 5702">
    <p class='ocr_par' dir='ltr' id='par_1_113' title="bbox 2269 5623 3607 5702">
     <span class='ocr_line' id='line_1_113' title="bbox 2269 5623 3607 5702; baseline -0.007 -17"><span class='ocrx_word' id='word_1_817' title='bbox 2269 5633 2382 5702; x_wconf 71' lang='lat'><strong>(92)</strong></span> <span class='ocrx_word' id='word_1_818' title='bbox 2417 5632 2472 5683; x_wconf 94' lang='lat'><strong>&#39;0</strong></span> <span class='ocrx_word' id='word_1_819' title='bbox 2488 5630 2952 5702; x_wconf 56' lang='grc' dir='ltr'>ιιὶᾳθᾳνόμειςιξς,</span> <span class='ocrx_word' id='word_1_820' title='bbox 2975 5635 3082 5678; x_wconf 90' lang='lat' dir='ltr'><strong>etc.</strong></span> <span class='ocrx_word' id='word_1_821' title='bbox 3113 5624 3313 5680; x_wconf 83' lang='lat' dir='ltr'><strong>Catena</strong></span> <span class='ocrx_word' id='word_1_822' title='bbox 3339 5623 3607 5678; x_wconf 72' lang='lat' dir='ltr'><strong>(lorderii.</strong></span> 
     </span>
    </p>
   </div>
   <div class='ocr_carea' id='block_1_114' title="bbox 2271 5698 3064 5774">
    <p class='ocr_par' dir='ltr' id='par_1_114' title="bbox 2271 5698 3064 5774">
     <span class='ocr_line' id='line_1_114' title="bbox 2271 5698 3064 5774; baseline 0.01 -32"><span class='ocrx_word' id='word_1_823' title='bbox 2271 5698 2384 5774; x_wconf 72' lang='lat'><strong>(95)</strong></span> <span class='ocrx_word' id='word_1_824' title='bbox 2420 5699 2674 5768; x_wconf 72' lang='grc' dir='ltr'>Ἀκηδιᾷ,</span> <span class='ocrx_word' id='word_1_825' title='bbox 2707 5711 2811 5754; x_wconf 86' lang='lat' dir='ltr'><strong>etc.</strong></span> <span class='ocrx_word' id='word_1_826' title='bbox 2847 5698 3064 5751; x_wconf 68' lang='lat' dir='ltr'><strong>liotcht].</strong></span> 
     </span>
    </p>
   </div>
  </div>
