4110 6420
426 310 554 364 “Si

1399 300 1713 360 SELECTA
1755 301 1820 356 IN
1853 299 2193 356 PSALMOS.
2234 329 2304 339 -—
2341 294 2538 353 I’SAL.
2580 293 2692 352 LX.

3572 286 3712 345 H“!

423 432 488 482 τὰ
528 429 667 500 μέσα
714 428 813 498 τῆς
863 427 984 497 γῆς,
1036 427 1129 479 καὶ
1177 427 1234 477 ὲν
1269 423 1459 492 ἄκροις
1492 421 1673 477 αὑτῶν
1721 423 2012 493 γενόμενος

2138 420 2281 474 :tiam
2319 417 2508 473 David.
2560 415 2772 471 Idcirco
2805 412 3022 483 quidem
3059 409 3197 477 fugit
3248 409 3364 462 loca
3399 407 3570 462 media
3601 417 3713 460 ter-

425 519 552 572 ὲϐόοι
579 520 716 591 πρὸς
748 519 839 570 τὸν
857 518 1022 570 Θεόν·
1062 517 1155 568 ἐπὶ
1197 514 1252 566 δὲ
1305 515 1371 583 τῇ
1401 513 1511 566 τῶν
1552 513 1764 565 πολλῶν
1797 514 1890 566 καὶ
1925 512 2018 564 αὑ-

424 613 520 665 τοῦ
566 613 660 665 τοῦ
713 611 886 666 Σαοὺλ
930 609 1215 679 ἀπωλείᾳ,
1266 606 1366 677 τὴν
1413 605 1590 677 ψυχὴν
1638 607 1851 676 ἀλγῶν,
1905 606 2015 658 ἀπ-

427 703 691 756 εκλαίετο.

513 795 607 845 Ἐν
653 792 838 860 πέτρᾳ
891 789 1145 859 ῦψωστὶς
1166 806 1262 857 με,
1300 805 1352 841 κ.
1380 805 1430 840 τ.
1469 790 1516 840 ὲ.
1573 787 1785 856 Πέτραν
1817 785 2017 856 σημαία

428 881 613 936 »εσθαι
641 882 752 952 (94)
800 879 1130 949 ὲκδεξόμεθα
1169 879 1397 949 ῥέουσαν
1439 875 1806 947 πνευματικὴν
1844 876 2017 944 πόμα,

429 975 519 1027 τὸν
554 973 787 1046 Χριστόν
816 989 977 1041 φημι.
1031 971 1090 1022 ὐ
1129 971 1186 1022 ἐν
1213 970 1384 1041 ταύτῃ
1405 971 1471 1040 τῇ
1500 967 1677 1038 πέτρᾳ
1705 966 2016 1035 γενόμενος,
2034 1027 2062 1050 κ

431 1065 508 1134 τῷ
542 1064 788 1134 μετέχειν
812 1062 980 1131 αὑτῆς
1016 1060 1274 1130 (ὑπάρχει
1318 1059 1428 1130 γὰρ
1457 1077 1476 1109 ι
1502 1059 1683 1128 σοφία,
1709 1058 1803 1110 καὶ
1825 1057 2021 1111 δικαιο-

433 1159 588 1229 σύνη,
635 1157 728 1210 καὶ
755 1156 1026 1225 ἁγιασμὸς
1063 1153 1109 1223 ι)
1151 1152 1544 1224 μετεωρίζεται
1577 1149 1718 1204 κατὰ
1746 1149 1838 1203 τὸν
1871 1147 2017 1213 νοῦν,

433 1248 733 1320 ὐψούμενος
769 1246 874 1300 ὑπὸ
906 1246 1002 1298 τοῦ
1027 1243 1186 1297 Θεοῦ.
1231 1244 1342 1298 Καὶ
1380 1244 1428 1296 οἱ
1464 1241 1697 1296 ἕπεσθαι
1720 1241 1778 1294 δὲ
1803 1241 1881 1312 τῷ
1905 1242 2020 1295 Σω-

430 1344 558 1414 τῆρι
578 1340 924 1412 προθέμενοι,
951 1337 1093 1392 κατὰ
1115 1336 1214 1400 τὰς
1231 1336 1395 1390 αὑτοῦ
1411 1335 1726 1408 προτροπὰς
1749 1333 2018 1402 λέγοντος,

440 1453 459 1484 ι
482 1432 645 1486 Δεῦτε
675 1431 851 1484 ὀπίσω
890 1448 1012 1501 μου,
1034 1449 1052 1478 ι
1079 1428 1257 1500 ὁδηγῷ
1279 1427 1428 1498 αὑτῷ
1467 1426 1765 1499 χρώμενοι,
1799 1427 1898 1496 τῆς
1925 1427 2022 1498 αὑ-

433 1527 531 1596 τῆς
557 1525 842 1594 ὲπάρσεως
872 1520 1211 1583 κοινωνοῦσι,
1237 1521 1338 1574 οὑκ
1368 1519 1524 1575 ἄλλον
1555 1519 1875 1582 ἐλπίσαντες
1903 1519 2023 1590 ἠγε-

438 1620 575 1689 μόνα
618 1618 871 1688 εὑρήσειν
915 1615 1012 1686 τῆς
1045 1614 1283 1685 ἀγούσης
1315 1614 1453 1682 πρὸς
1476 1612 1568 1666 τὸν
1601 1613 1818 1667 πάντων
1851 1611 2024 1665 αἴτιον

432 1710 573 1764 ὁδοῦ.
603 1709 819 1780 Ταύτης
850 1708 951 1777 τῆς
980 1707 1189 1778 δωρεᾶς
1214 1705 1391 1776 τυχὼν
1425 1706 1520 1759 καὶ
1553 1704 1739 1772 Δαυῖδ,
1766 1703 1887 1775 μεθ’
1921 1703 2024 1775 ὗμ-

2106 1026 2121 1039 1

2129 527 2225 574 rte,
2274 519 2326 563 et
2377 511 2428 562 in
2484 507 2927 562 extremitatibus
2983 513 3256 557 terrarum
3314 500 3588 554 eLunabat
3646 503 3713 552 ad

2131 601 2336 662 Deum;
2387 599 2456 653 ob
2494 598 2854 667 plurimorum
2899 610 3028 648 vero
3073 604 3236 663 atque
3281 595 3416 646 adeo
3462 595 3531 644 ob
3571 593 3713 645 Satt-

2009 746 2067 772 ,ν
2129 695 2193 747 Iis
2213 708 2429 762 quoque
2453 691 2620 760 ipsius
2648 689 2929 743 interitmn
2959 687 3198 738 animam
3225 695 3508 753 torquens,
3530 684 3716 740 ﬂebat.

2203 785 2267 838 In
2299 795 2448 853 petra
2479 781 2728 836 emltasti
2760 795 2866 842 me,
2893 787 3000 834 etc.
3053 777 3211 831 I’etra
3250 775 3602 845 intelligenda
3632 787 3717 828 est

2131 877 2218 930 illa
2251 891 2372 945 qum
2408 873 2639 928 stillavit
2687 881 2875 941 potum
2925 866 3250 938 spiritalem,
3305 869 3584 923 Christum
3635 870 3715 921 itt-

2129 985 2314 1038 quam.
2345 966 2446 1033 Qui
2487 965 2538 1018 in
2575 965 2678 1017 hac
2709 972 2861 1033 petra
2888 961 3076 1023 fuerit,
3105 960 3279 1028 ipsam
3331 961 3716 1030 participando

2131 1063 2237 1130 (est
2264 1060 2407 1114 enim
2438 1077 2456 1109 ι
2492 1056 2782 1126 sapientia,
2807 1065 2861 1110 ct
2885 1054 3097 1122 justitia
3125 1063 3179 1108 et
3199 1054 3567 1108 sanctiﬁcatio
3593 1055 3637 1083 “
3670 1053 3718 1124 ι)
3771 1051 3781 1067 ⁹

2131 1150 2428 1207 εοοιιιιώιιιι
2490 1159 2725 1202 mentem
2781 1146 3144 1211 sublimatur,
3203 1161 3233 1199 a
3288 1146 3397 1200 Deo
3449 1145 3716 1201 elevatus.

2130 1243 2398 1300 Cancrum
2454 1240 2508 1295 hi
2567 1239 2660 1309 qui
2715 1237 3067 1294 Salvatorem
3117 1251 3331 1306 quoque
3381 1237 3534 1307 sequi
3587 1250 3719 1308 pro-

2132 1335 2441 1406 posuerint,
2491 1333 2649 1404 juxta
2692 1334 3022 1388 monitiones
3059 1327 3183 1400 ejus
3231 1331 3487 1396 dicentis,
3542 1347 3562 1381 ι
3619 1322 3719 1382 Ve.-

2136 1429 2250 1483 nite
2299 1437 2426 1497 post
2467 1443 2554 1482 me
2591 1417 2659 1490 ⁸⁸,
2703 1445 2721 1478 ι
2781 1426 2918 1480 duce
2972 1425 3090 1494 ipso
3133 1423 3238 1487 usi,
3281 1422 3525 1494 ejusdem
3571 1422 3719 1476 exal-

2135 1523 2355 1578 tationis
2421 1522 2726 1592 participes
2784 1530 2946 1583 sunt,
3007 1536 3113 1574 non
3191 1520 3360 1573 alium
3434 1529 3719 1590 sperant-nt

2133 1614 2299 1685 739
2336 1613 2576 1684 reperire
2613 1613 2806 1666 ducem
2839 1612 2939 1666 viae
2983 1627 3106 1681 quin
3138 1612 3289 1666 ducit
3323 1613 3390 1666 ad
3441 1621 3709 1666 anetoren

2135 1709 2539 1762 universorum.
2585 1704 2697 1760 lIoc
2731 1704 2934 1757 donum
2969 1718 3186 1773 quoque
3236 1703 3406 1758 David
3457 1718 3714 1759 consecu-

433 1820 524 1856 νου
550 1801 805 1873 λέγειτῷ
836 1801 1044 1873 Κυρίῳ·
1093 1817 1112 1850 ι
1158 1799 1460 1870 Ὠδήγησὰς
1496 1815 1584 1868 με,
1630 1798 1711 1850 ὅτι
1759 1795 2026 1868 ὲγενήΟης

2138 1808 2237 1861 tus,
2265 1811 2388 1853 cum
2423 1797 2626 1869 hymno
2651 1796 2782 1852 dicit
2817 1795 3081 1850 Domino:
3121 1796 3454 1858 LDCtIUXISIi
3483 1814 3570 1854 me
3597 1799 3724 1868 quia

436 1894 590 1958 ἐλπίς
622 1909 743 1965 μου·
780 1913 799 1946 ι
848 1894 908 1946 ού
943 1893 1101 1964 μόνον
1138 1892 1195 1945 δὲ
1247 1891 1462 1964 ὀδηγὸς,
1497 1889 1635 1944 ἀλλὰ
1681 1890 1776 1943 καὶ
1815 1887 2028 1960 πύργος

433 1986 664 2057 γέγονας
725 2003 815 2057 μοι
864 1985 972 2039 ἀπὸ
1018 1981 1312 2056 προσώπου
1353 1982 1570 2054 ἐχθροῦ·
1627 1983 1688 2034 σὲ
1731 1981 1840 2053 γὰρ
1876 1983 2030 2052 ἰσχὺν

436 2079 597 2150 ἔχων,
635 2081 730 2133 καὶ
766 2078 948 2150 ἰσχύος
994 2076 1221 2150 πύργον,
1256 2076 1500 2147 ἀϐλαϐὴς
1539 2075 1804 2146 διέμεινα·
1851 2075 2030 2129 καίτοι

434 2170 531 2225 τοῦ
567 2169 762 2242 ἐχθροῦ
795 2169 1154 2240 τυγχάνοντος
1177 2165 1616 2240 ἀντιπροσώπου,
1644 2168 1740 2221 καὶ
1772 2165 2036 2236 πολεμεῖν

438 2263 701 2326 θέλοντος.
732 2263 967 2315 Δύναται
986 2262 1262 2332 ἀναφορὰν
1292 2260 1436 2332 ἔχειν
1463 2262 1543 2323 είς
1567 2261 1648 2324 τὸ,
1688 2280 1705 2312 ι
1741 2259 1850 2314 ἀπὸ
1871 2277 2035 2330 προσ-

437 2353 589 2406 ώπου
650 2351 868 2423 ἐχθροῦ,
912 2371 930 2402 ι
983 2352 1189 2414 καὶτὸ,
1242 2371 1260 2402 ι
1298 2350 1588 2422 ὼδὴγησάς
1651 2367 1740 2420 με,
1787 2369 1804 2400 ι
1855 2347 2032 2420 είρμῷ

436 2446 683 2516 τοιούτῳ·
721 2445 1023 2516 Ὠὂήγησάς
1059 2461 1125 2514 με
1153 2441 1260 2498 ἀπὸ
1295 2442 1587 2515 προσώπου
1628 2441 1847 2514 ἐχθροῦ.
1879 2440 2033 2503 ἐλπίς

443 2555 546 2608 μου
586 2537 981 2607 γεγενημένος·
1016 2536 1153 2590 ἀλλὰ
1189 2535 1286 2589 καὶ
1325 2535 1535 2606 πύργος
1574 2534 1759 2606 ἰσχύος
1795 2531 1932 2604 πρὸς
1970 2531 2034 2586 τὸ

438 2630 782 2702 ιὶδηγηκέναι
820 2645 910 2698 με,
941 2627 1050 2681 ἀπὸ
1079 2628 1374 2699 προσώπου
1403 2626 1599 2699 ἐχθροῦ
1632 2627 1866 2696 γέγονάς
1918 2642 2032 2696 μοι.

453 2720 638 2783 Ἐλπὶς
671 2719 780 2774 τῶν
813 2719 984 2788 ἁγίων
1013 2717 1242 2790 ἀληθινὴ
1274 2718 1368 2772 καὶ
1397 2719 1738 2780 ἀδιάπτωτος
1761 2718 1790 2770 ὁ
1819 2715 2031 2788 Σωτήρ·

439 2813 568 2882 περὶ
589 2805 648 2864 οὗ
669 2829 801 2883 φησι
836 2810 1066 2875 Παῦλος·
1095 2830 1114 2860 ‹
1148 2811 1256 2864 Καὶ
1293 2809 1467 2880 Ἰησοῦ
1497 2808 1733 2882 Χριστοῦ
1759 2809 1861 2880 τῆς
1882 2807 2044 2863 ἑλπίο

439 2904 526 2968 δος
558 2905 733 2974 ἡμῶν·
781 2924 800 2954 ι
829 2905 922 2956 καὶ
952 2905 984 2974 ἡ
1023 2903 1349 2973 προφητεία·
1393 2919 1414 2954 ι
1460 2903 1579 2955 Ἐπ’
1604 2901 1752 2972 αὐτῷ
1782 2901 1910 2974 ἔθνη
1943 2901 2036 2958 ἑλ-

441 2997 677 3050 πιοῦσιν.
734 3015 752 3048 ι
813 2993 984 3059 Λὺτδς
1035 2996 1144 3063 γὰρ
1195 2995 1225 3046 ὀ
1273 2993 1760 3063 προαναφωνηθεὶς
1815 2992 2035 3046 ἔσεσθαι

441 3089 613 3143 ὲῡνῶν
644 3087 962 3160 προσδοκία.
993 3089 1256 3157 Παροικεῖ
1287 3087 1343 3139 δέ
1362 3103 1446 3149 τις
1473 3085 1779 3150 τελειωθεὶς
1807 3088 1865 3138 ὲν
1887 3087 2036 3154 ἁγιό-

439 3197 563 3250 τητι
597 3182 677 3244 είς
698 3181 822 3243 τοὺς
845 3178 1047 3242 αἰῶνας
1073 3179 1131 3231 ἐν
1175 3177 1368 3249 ἐκείνῳ
1405 3176 1483 3248 τῷ
1513 3175 1851 3249 σκηνώματι·
1887 3177 1917 3230 δ
1945 3177 2038 3249 δη-

441 3271 524 3324 λοῖ
549 3271 630 3334 τὸ,
668 3291 684 3322 ι
727 3270 822 3334 Τίς
847 3271 1264 3342 κατασκηνώσει
1286 3271 1343 3322 ὲν
1369 3269 1482 3341 ὄρει
1511 3269 1652 3340 ἁγίῳ
1684 3285 1811 3333 σου;
1855 3289 1872 3321 ι
1898 3269 2038 3322 Aid)-

442 3379 553 3415 νιον
587 3362 696 3433 γὰρ
721 3361 880 3414 τοῦτο
909 3359 1103 3414 ταυτὸν
1131 3361 1190 3413 ὂν
1216 3363 1281 3432 τῇ
1319 3363 1515 3432 σκηνῇ,
1551 3362 1617 3429 ἣν
1644 3359 1845 3432 ἔπηξεν
1873 3363 1902 3415 ὁ
1927 3360 2038 3414 Κύ-

444 3470 579 3524 ριος,
612 3453 706 3506 καὶ
727 3453 826 3505 οὐκ
856 3451 1160 3524 ἄνθρωπος.
1181 3451 1328 3522 Πλὴν
1350 3452 1398 3504 εἰ
1423 3452 1518 3504 καὶ
1543 3450 1686 3504 οὑτω
1700 3450 2038 3522 τελειότητος

443 3543 556 3614 ἔχει
584 3545 617 3615 ὴ
649 3542 874 3614 τοιαύτη
910 3543 1108 3614 σκηνὴ,
1131 3542 1206 3605 ὡς
1229 3543 1324 3595 καὶ
1349 3543 1516 3610 ’Ἅγια
1549 3542 1718 3611 ἁγίων
1742 3535 1904 3604 εἶναι,
1922 3543 2036 3596 ἀλλ’

447 3633 542 3689 οὖν
575 3639 692 3689 ὲστι
723 3637 840 3705 μετ’
865 3634 1035 3705 αὑτὴν
1070 3633 1404 3698 κατάστασις
1441 3633 1785 3705 ὑπερέχουσα
1817 3634 1924 3688 τῶν
1955 3634 2042 3687 λο-

446 3729 639 3798 γικῶν,
668 3728 791 3782 καθ’
827 3732 892 3800 ἣν
922 3729 1134 3782 ἔσονται
1161 3731 1219 3781 ὲν
1244 3728 1418 3799 Πατρὶ
1447 3728 1539 3781 καὶ
1584 3727 1716 3800 Υίῷ,
1756 3728 1953 3798 μᾶλλον
1983 3728 2040 3781 δὲ

443 3824 511 3892 τῇ
539 3822 748 3892 Τριάδι·
779 3820 861 3874 διὸ
912 3823 1195 3890 παροικεῖν
1235 3821 1316 3882 εἰς
1363 3819 1488 3882 τοὺς
1520 3820 1744 3882 αἰῶνας,
1807 3820 1923 3872 ἀλλ’
1976 3821 2038 3872 οὑ

445 3914 717 3967 κατοικεῖν
751 3914 809 3966 ὲν
839 3911 916 3982 τῷ
949 3909 1266 3980 σκηνώματι
1296 3908 1510 3980 εἴρηται
1581 3909 1638 3962 '0
1667 3910 1725 3961 ὲν
1755 3903 1930 3979 τούτῳ
1963 3909 2040 3980 τῷ

443 4007 579 4076 οἴκῳ
610 4001 849 4075 γεγονὼς
868 4002 1307 4073 σκεπασοήσεται
1330 4002 1388 4053 ἐν
1415 4000 1602 4070 τῇτῶν
1628 4001 1913 4072 πτερύγων
1943 4002 2036 4053 τοῦ

445 4096 582 4150 Θεοῦ
613 4097 810 4168 σκέπῃ.

522 4187 794 4252 Ἕδωκας
818 4183 1222 4252 κληρονομίαν
1254 4177 1377 4249 τοῖς
1407 4179 1817 4251 φοϐουμένοις,
1838 4199 1889 4233 κ.
1919 4199 1968 4234 τ.
1988 4181 2034 4234 ἐ.

447 4279 708 4342 Πλούσιος
740 4277 847 4348 γὰρ
898 4276 1008 4347 (95)
1042 4275 1140 4340 ὢν,
1183 4275 1337 4346 φησι,
1390 4275 1484 4328 καὶ
1535 4274 1777 4345 μεγάλας
1832 4273 2038 4344 δωρεὰς

447 4369 726 4439 παρέχεις·
767 4367 966 4438 μᾶλλον
997 4367 1052 4418 δὲ
1075 4364 1429 4436 χαριζόμενος
1459 4367 1570 4428 τοῖς
1586 4363 1806 4426 τελείοις
1831 4360 2038 4432 ἀνθρώ-

2133 1890 2311 1946 factus
2344 1905 2406 1946 es
2435 1905 2561 1960 Spes
2600 1903 2757 1944 mea:
2791 1907 2814 1944 ι
2861 1904 2967 1943 non
3011 1887 3186 1952 solum
3226 1898 3406 1942 autem
3436 1889 3541 1942 dux
3569 1928 3585 1952 ,
3627 1888 3724 1942 sed

2133 1983 2295 2038 etiam
2324 1982 2491 2037 turris
2522 1981 2700 2036 factus
2724 1997 2788 2037 es
2825 1980 2952 2034 mihi
2985 1994 3014 2032 a
3043 1980 3181 2034 faeie
3217 1979 3463 2035 inimici:
3495 1989 3546 2034 te
3576 1979 3722 2033 enim

2135 2072 2509 2129 fortitudinem
2554 2072 2764 2126 habens
2809 2081 2863 2125 et
2901 2055 3237 2125 fortitudinis
3271 2070 3486 2133 turrim,
3522 2068 3724 2124 illaesos

2135 2166 2439 2237 permansi;
2478 2163 2692 2220 tametsi
2725 2164 2975 2219 inimicus
2996 2171 3141 2218 esset
3167 2172 3294 2218 ante
3319 2161 3514 2218 faciem
3546 2177 3723 2216 meam

2134 2270 2190 2314 et
2231 2271 2552 2328 Oppuguare
2597 2272 2683 2310 Ine
2739 2255 2920 2309 vellet.
2977 2251 3162 2308 Potest
3190 2252 3384 2308 reIerri
3436 2253 3503 2306 ad
3551 2249 3679 2307 illud
3709 2291 3724 2314 .

2140 2369 2159 2403 ι
2193 2366 2222 2405 a
2262 2351 2402 2406 faci‘c
2453 2349 2682 2411 inimici,
2712 2367 2730 2400 ι
2765 2349 2933 2404 etiam
2971 2347 3142 2414 isrud,
3180 2364 3199 2399 ι
3230 2345 3501 2402 deduxisti
3537 2360 3624 2400 me
3649 2385 3666 2411 ,
3701 2360 3721 2398 ι

2137 2443 2231 2499 tali
2265 2443 2607 2500 connexione
2634 2460 2646 2496 ι
2671 2442 2950 2498 Deduxisti
2990 2455 3074 2496 me
3106 2457 3135 2495 ιι
3169 2441 3307 2496 facie
3342 2430 3570 2504 inimici,
3601 2453 3728 2510 spes

2139 2550 2257 2590 mea
2291 2534 2508 2601 factus;
2558 2535 2654 2590 sed
2697 2544 2750 2589 et
2787 2535 2953 2590 turris
2991 2532 3326 2588 fortitudinis
3358 2524 3425 2586 ad
3455 2533 3730 2586 deducen-

2139 2629 2265 2684 dum
2303 2643 2389 2683 me
2416 2667 2432 2692 ,
2473 2642 2500 2682 a
2543 2627 2682 2682 facie
2713 2627 2919 2682 inimici
2955 2626 3089 2680 mihi
3129 2625 3300 2680 luisti.
3337 2624 3474 2694 Spes
3504 2633 3728 2676 sancto-

2140 2734 2259 2774 rum
2289 2735 2414 2774 vera
2446 2730 2498 2774 et
2525 2719 2845 2774 indcticiens
2871 2729 2953 2771 est
2981 2717 3265 2780 Salvator;
3301 2717 3366 2768 de
3393 2721 3501 2784 quo
3528 2704 3732 2769 Paulus

2141 2812 2254 2866 ait:
2291 2831 2309 2864 ι
2342 2811 2405 2866 Ει
2456 2811 2657 2866 Christi
2701 2809 2828 2866 Jesu
2862 2804 2978 2878 spei
3011 2819 3214 2864 nostra:
3243 2808 3322 2872 “;
3355 2825 3372 2858 ι
3407 2817 3462 2861 et
3496 2805 3731 2873 prophe‘

2141 2905 2214 2960 tia
2245 2926 2257 2959 :
2298 2922 2318 2955 ι
2349 2903 2403 2957 In
2438 2903 2554 2972 ipso
2587 2914 2778 2972 gentes
2809 2901 3108 2970 sperabunt
3134 2901 3198 2954 ⁵⁷.
3231 2917 3250 2952 ι
3277 2899 3391 2968 Ipse
3418 2898 3560 2952 enim
3593 2914 3727 2966 pras-

2141 2992 2425 3047 nuntiatus
2446 3002 2530 3046 est
2563 2992 2682 3047 fore
2713 2993 2955 3063 gentium
2986 2991 3347 3059 exspectatio.
3367 2978 3537 3041 Porro
3567 2987 3726 3040 inha-

2142 3084 2280 3138 bitat
2327 3084 2529 3152 aliquis
2579 3084 2854 3153 perfcetus
2897 3085 2947 3137 iu
2999 3081 3288 3137 sanctitate
3330 3081 3383 3133 in
3438 3077 3634 3133 smcula
3673 3072 3728 3131 In

2143 3175 2234 3228 ill.)
2269 3176 2661 3231 tabernaculo:
2706 3176 2850 3247 quod
2884 3174 3128 3231 declarat
3178 3173 3362 3240 istud,
3413 3190 3432 3224 ι
3468 3172 3602 3240 Quis
3637 3183 3725 3225 re-

2141 3267 2390 3336 quiescet
2423 3266 2475 3320 in
2511 3276 2694 3321 monte
2747 3277 2940 3322 saneto
2987 3275 3079 3320 tuo
3110 3264 3194 3319 "2
3225 3284 3243 3318 ι
3279 3263 3550 3320 Saeculum
3581 3265 3728 3318 enim

2142 3361 2270 3415 illud
2301 3361 2442 3415 idem
2481 3369 2564 3414 est
2607 3361 2754 3428 quod
2787 3358 3199 3414 tabernaculum
3227 3397 3243 3423 ,
3277 3357 3420 3427 quod
3458 3351 3576 3410 [irit
3625 3355 3732 3410 Do.

2143 3456 2345 3516 minus,
2376 3462 2428 3506 et
2463 3467 2570 3506 non
2612 3453 2796 3508 homo.
2830 3451 3097 3506 Ga-terum
3132 3451 3177 3506 si
3221 3452 3383 3505 etiam
3421 3445 3729 3524 istiusmodi

2143 3545 2555 3600 tabernaculum
2616 3555 2824 3599 tantam
2891 3543 3142 3598 habuerit
3190 3542 3620 3613 perfectionem,
3673 3544 3733 3594 ut

2144 3637 2344 3694 Sancta
2373 3648 2688 3693 sanctorum
2719 3637 2795 3692 sit
2822 3677 2836 3701 ,
2872 3638 3062 3707 utique
3102 3646 3224 3706 post
3282 3635 3412 3690 illud
3445 3645 3527 3689 est
3557 3645 3734 3692 status

2147 3732 2488 3786 rationabilia
2523 3732 2936 3796 tr:mscemlens,
2963 3730 3259 3785 secundum
3293 3743 3453 3798 quem
3487 3738 3647 3782 erunt
3678 3727 3730 3780 in

2147 3823 2310 3886 Patre
2341 3835 2394 3878 et
2424 3824 2582 3888 Filio,
2625 3825 2732 3877 imo
2767 3824 2946 3891 potius
2975 3823 3026 3876 in
3056 3816 3325 3876 'I'rinitate
3351 3838 3366 3876 :
3397 3829 3733 3891 quapropter

2145 3915 2452 3969 inhabitare
2486 3917 2538 3968 in
2571 3914 2794 3974 sa-cula,
2831 3930 2938 3967 non
2975 3923 3153 3966 autem
3189 3913 3439 3967 habitare
3466 3911 3518 3965 in
3556 3913 3732 3964 taber-

2144 4007 2336 4060 naCulo
2364 4008 2565 4059 dictum
2599 4015 2700 4059 est.
2730 4006 2828 4070 Qui
2864 4006 2914 4058 in
2946 4004 3046 4058 hac
3072 4003 3233 4059 domo
3268 4003 3454 4069 fuerit,
3487 4003 3587 4056 sub
3612 4018 3732 4054 unt-

2137 4096 2239 4149 bra
2271 4097 2480 4150 aIarum
2522 4096 2612 4150 Dei
2644 4109 2978 4166 protegetur.

2216 4188 2381 4243 Vitas.
2405 4189 2457 4240 6.
2495 4187 2692 4241 Dedisti
2718 4187 3079 4240 [nereditatem
3106 4180 3428 4251 timentibus,
3453 4192 3561 4239 etc.
3591 4182 3728 4237 Cum

2139 4281 2309 4344 enim,
2339 4280 2536 4350 inquit,
2567 4281 2718 4335 dives
2744 4281 2845 4344 sis,
2873 4294 3068 4349 magna
3095 4293 3315 4350 quoque
3343 4292 3564 4332 munera
3591 4291 3729 4347 pra:-

2143 4374 2271 4427 bes:
2300 4373 2407 4426 imo
2433 4370 2746 4426 hominibus
2770 4371 3027 4441 perfectis
3053 4371 3268 4426 donans
3287 4365 3432 4425 ﬁlios
3457 4367 3548 4424 Dei
3585 4368 3725 4430 ﬁeri,

449 4479 570 4526 ποις
608 4460 670 4513 τὸ
697 4458 949 4528 γενέσθαι
983 4476 1078 4511 σου
1109 4457 1278 4519 υἱοὺς,
1315 4455 1679 4527 κληρονομίαν
1716 4456 1900 4517 αὑτοῖς
1951 4447 2031 4505 δέ-

2143 4464 2516 4518 hmreditatcm
2552 4463 2684 4532 ipsis
2721 4464 2955 4518 tribuisti
2995 4482 3009 4519 :
3046 4463 3144 4518 etsi
3187 4463 3334 4517 enim
3381 4470 3729 4530 exspectetur

447 4553 647 4616 δωκας·
678 4553 726 4605 εί
756 4551 864 4620 γὰρ
897 4547 992 4602 καὶ
1018 4545 1729 4620 προσδοκᾶταιδοθησομένη
1767 4548 1905 4617 μετὰ
1938 4545 2035 4616 τὴν

447 4644 741 4698 ἀνάστασιν
765 4643 824 4695 ὲν
846 4641 924 4711 τῷ
949 4640 1196 4712 μέλλοντι
1219 4638 1393 4692 αἰῶνι·
1430 4637 1567 4691 ἀλλά
1594 4654 1657 4705 γε
1687 4639 1766 4707 τῷ
1797 4634 1895 4708 ἤδη
1931 4634 2001 4706 ηύ
2021 4666 2034 4674 -

460 4734 747 4807 τρεπίσθαι
788 4732 994 4787 δέδοται
1048 4733 1159 4796 τοῖς
1210 4733 1289 4795 είς
1321 4731 1491 4802 αὑτὴν
1541 4730 1682 4784 κατὰ
1718 4729 1908 4800 καιρὸν
1945 4729 2034 4782 τὸν

446 4826 633 4880 δέοντα
691 4825 1106 4896 ἀχοησομένοις.
1142 4824 1252 4876 Καὶ
1285 4824 1363 4876 ἔτι
1413 4822 1524 4885 τοῖς
1572 4819 1928 4892 φοϐουμένοις
1974 4819 2034 4873 τὸ

447 4917 618 4989 ὄνομα
655 4917 816 4972 αὑτοῦ
845 4919 874 4969 ὁ
905 4917 1036 4982 Θεὸς
1065 4915 1431 4987 κληρονομίαν
1463 4915 1684 4968 ἔδωκεν.
1733 4915 1858 4968 Ἐάν
1891 4931 1974 4978 τις

447 5010 675 5080 διαφορὰ
731 5008 1080 5080 εροῦουμένων
1122 5006 1214 5060 τὸν
1244 5007 1377 5060 Θεὸν
1417 5007 1511 5060 καὶ
1543 5005 1603 5058 τὺ
1635 5005 1804 5076 ὄνομα
1843 5003 2032 5068 αὑτοῦ,

451 5104 812 5156 πιστευόντων
842 5100 990 5170 αὑτῷ
1011 5103 1105 5154 καὶ
1127 5099 1206 5170 τῷ
1219 5099 1444 5170 ὀνόματι
1469 5098 1658 5167 αὑτοῦ,
1687 5101 1810 5154 ἐπεὶ
1837 5099 2036 5153 πολλά-

449 5210 537 5256 κις
566 5192 806 5263 εἴρηται,
848 5189 1277 5260 ὑποδεεστέρους
1311 5186 1452 5242 εἶναι
1481 5189 1607 5250 τοὺς
1639 5187 2025 5250 οίκειωθέντας

441 5287 508 5355 τῇ
542 5283 638 5337 τοῦ
679 5282 816 5336 Θεοῦ
851 5283 1224 5352 προσηγορίᾳ,
1265 5279 1374 5334 τῶν
1412 5281 1728 5334 ἑνωθέντων
1769 5279 1917 5348 αὑτῷ
1948 5279 2026 5350 τῷ

442 5377 582 5446 Θεῷ·
618 5377 720 5445 ὅρα
751 5374 825 5436 ὡς
848 5373 942 5426 καὶ¹
970 5374 1083 5436 τοῖς
1125 5370 1487 5440 φ’,ὗουμένοις
1522 5367 1616 5424 τὸν
1647 5369 1779 5423 Θεὸν
1813 5369 2028 5422 δέδοται

444 5474 476 5540 ἡ
509 5468 867 5538 κληρονομία·
908 5468 958 5520 εί
982 5466 1092 5536 γὰρ
1123 5468 1238 5529 τοῖς
1293 5461 1707 5534 ὑποδεεστέροις
1745 5463 2028 5534 ὑπῆρκται

446 5566 480 5634 ἡ
507 5562 667 5633 χάρις
700 5560 862 5629 αῦτη,
901 5559 1082 5627 πολλῷ
1122 5557 1287 5611 πλέον
1314 5560 1427 5620 τοῖς
1459 5557 2026 5627 ὑπεραναϐεὸηκὸσιν.

517 5654 604 5707 “l
643 5655 771 5708 Cor.
801 5669 839 5714 I,
871 5653 960 5706 30.
1041 5653 1085 5683 ⁸⁵
1117 5651 1310 5706 Matth.
1343 5668 1418 5717 tv,
1456 5654 1541 5708 l9.
1621 5651 1708 5706 “I
1737 5651 1879 5706 Tim.
1901 5667 1939 5710 t.
1977 5652 2026 5706 Ι.

517 5751 608 5820 (ibi
656 5736 885 5816 Πέτραν
911 5747 1341 5815 σημαίνεσθαι,
1381 5756 1487 5800 etc.
1524 5747 1730 5803 Catena
1760 5746 2029 5804 Corderii.

809 5843 1082 5905 ΡΑΤιιυι.
1121 5842 1236 5901 Gn.
1283 5839 1416 5902 XII.

2143 4555 2391 4609 donanda
2435 4565 2554 4624 post
2583 4556 3040 4608 resurrectionem
3072 4554 3125 4608 in
3164 4553 3366 4608 saeculo
3400 4552 3620 4616 futuro;
3655 4560 3730 4605 ato

2144 4656 2323 4702 tamen
2355 4664 2477 4702 eum
2526 4645 2851 4716 jainpridem
2901 4657 3202 4716 praeparata
3255 4647 3346 4714 sit,
3383 4647 3507 4700 data
3549 4655 3633 4700 est
3665 4646 3730 4699 iis

2142 4741 2233 4810 qui
2267 4741 2412 4793 illam
2454 4749 2699 4808 tempore
2733 4749 3043 4807 Opportuno
3087 4737 3288 4792 adituri
3321 4747 3466 4793 sunt.
3499 4735 3639 4804 Quin
3674 4745 3729 4791 et.

2145 4833 2464 4886 timentibus
2503 4847 2701 4885 nomen
2744 4848 2898 4885 suum
2943 4832 3092 4885 dedit
3145 4831 3287 4886 Deus
3331 4831 3724 4886 hmreditatem.

2147 4925 2201 4977 Si
2243 4924 2491 4993 quredam
2539 4926 2611 4977 sit
2647 4923 2952 4978 diﬂ'ereutia
2997 4925 3144 4978 inter
3176 4925 3433 4978 timentes
3474 4921 3646 4976 Deum
3675 4934 3729 4976 et

2143 5035 2340 5073 nomen
2381 5019 2496 5087 ejus
2523 5057 2537 5081 ,
2570 5019 2864 5074 credentes
2897 5017 2996 5087 ipsi
3033 5026 3088 5074 et.
3137 5017 3344 5071 nomini
3399 5015 3516 5084 ejus
3547 5055 3562 5079 ,
3599 5029 3725 5070 cum

2121 5126 2286 5180 smpe
2312 5110 2515 5166 dictum
2557 5111 2650 5173 sit,
2686 5111 2803 5164 illos
2835 5111 2925 5180 qui
2962 5110 3387 5180 appellationem
3431 5108 3521 5162 Dei
3551 5107 3728 5176 parti-

2139 5205 2392 5273 ciparunt
2423 5204 2710 5259 inferiores
2733 5221 2851 5258 esse
2877 5207 2944 5259 iis
2972 5205 3063 5274 qui
3099 5205 3197 5274 ipsi
3237 5204 3348 5257 Deo
3381 5202 3516 5256 uniti
3560 5210 3721 5264 sunt;

2140 5295 2262 5350 vide
2294 5307 2350 5349 ut
2384 5297 2548 5350 etiam
2587 5295 2904 5351 timentibus
2934 5297 3100 5352 Deum
3134 5297 3255 5350 data
3290 5296 3362 5350 sit
3384 5295 3675 5347 baereditas
3707 5311 3721 5346 :

2141 5399 2266 5437 nam
2297 5383 2342 5436 si
2373 5383 2724 5439 inferioribus
2758 5385 2936 5453 gratia
2966 5387 3078 5441 haec
3106 5385 3320 5456 obtigit,
3351 5383 3522 5439 tnulto
3553 5385 3727 5456 magis

2139 5475 2245 5529 illis
2273 5475 2364 5545 qui
2407 5477 2503 5529 hos
2538 5487 2820 5546 superant.

2119 5649 2165 5706 ,⁸⁷
2193 5647 2328 5702 Gmt.
2365 5664 2506 5706 sua.
2544 5649 2628 5703 IO.
2709 5648 2751 5679 ⁸⁸
2780 5648 2919 5704 Psal-
2952 5665 3063 5713 XIV.
3103 5651 3150 5709 ί-

2216 5739 2325 5810 (1)5)
2353 5739 2652 5804 Πλούσιος
2687 5739 2816 5808 γάρ,
2851 5751 2953 5796 etc.
2994 5744 3217 5797 Eadem.

3281 5836 3358 5896 Π
