4110 6402
449 413 468 468 1
491 413 582 468 189

1399 395 1708 454 SELECTA
1748 391 1817 452 IN
1849 392 2192 450 PSALMOS.
2232 393 2309 435 —'
2336 391 2529 456 PSAL.
2571 389 2751 447 LXIII.

3573 391 3602 445 I.
3616 390 3710 445 £90

441 530 540 599 οὐχ
574 527 744 588 οὕτως
767 523 1000 594 ἑχόντων
1023 537 1034 551 ⁸
1084 520 1217 574 ,ῦτω
1252 519 1346 573 καλ⁵
1380 519 1471 572 ἐπὶ
1500 518 1606 573 τῶν
1638 515 2024 589 πνευματικῶν

2136 514 2203 570 ad
2235 512 2562 583 voluptatem
2587 527 2748 582 quam
2781 511 2867 566 illa
2897 524 3016 580 qua:
3057 525 3161 564 non
3204 517 3330 563 sunt
3379 507 3525 576 talia,
3552 509 3624 562 ita
3661 511 3712 564 in

444 620 706 686 ἀνάλογόν
738 620 887 669 ἐστιν
920 613 1219 685 ἑκατέροις.
1257 611 1366 682 Τῆς
1389 612 1568 682 ψυχῆς
1595 611 1702 683 γὰρ
1733 611 1832 681 τὴν
1861 611 2030 681 ὑπερ-

443 711 674 778 ἔχουσαν
722 707 928 779 τροφὴν
970 704 1126 767 εἰδὼς
1181 707 1210 758 6
1263 704 1591 774 προφήτης,
1639 703 1813 757 ταῦτά
1873 720 2026 774 φησι.

443 800 679 856 Τοιαῦτα
706 801 815 872 γάρ
842 795 911 870 ἦν
945 799 1082 870 τάχα
1117 797 1212 851 καὶ
1245 796 1313 850 τὰ
1338 795 1477 849 κατὰ
1505 795 1605 866 τὴν
1634 795 1946 866 παραϐολὴν
1972 795 2031 849 ὲν

443 892 796 961 Εὑαγγελίοις
838 891 931 945 τοῦ
978 891 1179 961 μόσχου
1219 887 1315 941 τοῦ
1347 888 1614 941 σιτευτοῦ.
1650 907 1667 938 ι
1722 887 1832 941 Καὶ
1879 887 2030 959 χείλη

441 985 815 1054 ἀγαλλιάσεως
848 983 1052 1038 αἰνέσει
1092 981 1152 1034 τὸ
1188 982 1363 1052 στόμα
1408 998 1531 1050 μου.
1576 998 1593 1030 ι
1637 978 1961 1050 Ἀμφίϐολος
1996 980 2030 1050 ἡ

442 1078 618 1143 λέξις·
648 1078 766 1147 ἢτοι
805 1077 914 1146 γὰρ
943 1073 1324 1144 αἰνεσθήσεται
1348 1072 1410 1125 τὸ
1438 1071 1611 1142 στόμα
1643 1089 1744 1142 μου
1789 1071 1892 1124 ὑπὸ
1922 1088 2033 1142 χει-

442 1169 578 1222 λέων
607 1167 1000 1235 ἀγαλλιάσεως,
1038 1165 1071 1236 ἦ
1095 1164 1475 1236 αίνεσθήσεται
1503 1163 1570 1217 τὰ
1598 1163 1749 1233 χείλη
1773 1163 2033 1233 ἀγαλλιά-

443 1279 580 1324 σεως
607 1260 713 1314 ὑπὸ
749 1259 843 1312 τοῦ
886 1257 1154 1329 στόματός
1200 1273 1322 1328 μου.
1361 1258 1551 1322 Ὅταν,
1593 1257 1748 1326 φησι,
1791 1255 1886 1310 τοῦ
1937 1254 2030 1309 σοῦ

440 1356 704 1427 ὀνόματος
749 1356 806 1410 ὲν
843 1355 1032 1425 μνήμῃ
1085 1353 1355 1422 γένωμαι,
1399 1351 1519 1404 τότε
1562 1350 1629 1422 δὴ
1677 1351 1798 1403 τότε
1858 1351 2032 1422 χαρᾶς

443 1448 745 1521 πληροῦται
779 1447 849 1501 τά
881 1445 1037 1516 χείλη
1063 1463 1190 1511 μου.
1223 1470 1238 1483 ·

513 1543 583 1594 El
612 1539 1032 1608 ἐ·μιιήμόνευόν
1073 1554 1190 1592 σου
1223 1537 1321 1591 ἐπὶ
1373 1534 1486 1605 τῆς
1527 1533 1847 1604 στρωμνῆς
1885 1552 2031 1604 μου,

443 1646 478 1681 κ
534 1645 582 1680 τ.
619 1629 664 1682 ἑ.
698 1626 930 1680 Πιθανὸν
957 1628 1036 1690 είς
1068 1625 1292 1696 ἁγνείαν
1328 1625 1441 1698 (16)
1489 1625 1890 1699 προτρεπτικόν
1912 1641 1924 1655 °
1956 1625 2033 1689 ὡς

442 1717 537 1772 τοῦ
564 1718 657 1770 ἐπὶ
683 1719 780 1788 τῆς
799 1718 1094 1790 στρωμνῆς
1123 1717 1554 1790 μνημονεύοντος
1583 1717 1690 1770 τῶν
1712 1715 1852 1770 κατά
1875 1716 2029 1780 Θεὸν,

443 1809 662 1873 πάντως
683 1809 1102 1881 καθαρεύοντας.
1146 1808 1376 1879 Ὁμοίως
1402 1809 1498 1862 καὶ
1523 1809 1604 1872 τὸ,
1638 1828 1655 1859 ι
1682 1809 1770 1860 Ἐν
1801 1805 2032 1877 δάκρυσί

445 1918 550 1971 μου
580 1902 678 1973 τὴν
710 1903 1002 1972 στρωμνήν
1049 1919 1151 1972 μου
1181 1900 1380 1971 βρέξω.
1427 1919 1445 1951 ι
1499 1901 1610 1954 Καὶ
1662 1897 1772 1969 γὰρ
1801 1900 2030 1952 ἀποστε-

447 1995 632 2066 ροῦσιν
659 1993 924 2065 ἀλλήλους
950 1994 1000 2046 oi
1035 1992 1388 2064 σχολάζοντες
1420 1995 1486 2065 τῇ
1517 1993 1815 2064 προσευχῇ.
1937 2059 1940 2063 .

528 2087 874 2155 Ἐκολλήθη
910 2089 948 2154 ἡ
982 2087 1153 2156 ψυχή
1196 2105 1316 2156 μου
1360 2087 1554 2141 ὀπίσω
1599 2102 1736 2149 σου,
1781 2102 1835 2138 κ.
1888 2101 1942 2138 τ.
1983 2084 2028 2162 ἑ.

445 2179 508 2232 Εἰ
541 2181 570 2232 ό
601 2179 942 2251 κολλώμενος
991 2181 1104 2246 (17)
1138 2181 1217 2250 τῷ
1251 2180 1440 2251 Κυρίῳ
1484 2179 1542 2232 ἓν
1591 2177 1810 2250 πνεῦμά
1861 2179 2030 2240 ἐστιν,

440 2272 708 2343 ἐκολλήθη
743 2272 798 2325 δὲ
819 2273 846 2325 6
863 2271 1027 2326 Δαυῖδ
1047 2271 1124 2342 τῷ
1141 2272 1353 2343 Κυρίῳ,
1373 2273 1480 2343 ἄρα
1503 2271 1560 2325 ἓν
1584 2271 1774 2340 γέγονε
1795 2269 2027 2340 πνεῦμα.

443 2363 670 2434 Πνεῦμα
700 2364 758 2417 δὲ
791 2364 881 2417 τὸν
920 2363 1290 2435 πνευματικὸν
1329 2365 1606 2435 ὀνομάζει,
1639 2365 1715 2426 ὡς
1748 2363 1842 2416 καὶ
1886 2364 1919 2434 ἡ
1959 2362 2033 2434 μὴ

443 2456 894 2527 περπερευομένη
928 2457 1118 2529 ἀγάπη
1151 2457 1241 2510 τὸν
1277 2455 1467 2528 ἔχοντα
1492 2458 1591 2528 τὴν
1610 2456 1832 2527 ἀγάπην
1857 2455 2023 2526 δηλοῖ.

443 2547 554 2599 Καὶ
576 2547 814 2617 Μωῦσῆς
841 2549 932 2600 ὅτε
964 2547 1031 2600 τά
1064 2545 1287 2599 ὀπίσθια
1314 2540 1419 2598 εἶδε
1445 2545 1537 2599 τοῦ
1555 2545 1708 2612 Θεοῦ,
1737 2545 1857 2598 τότε
1881 2544 2032 2598 ἐκολ-

441 2636 581 2708 λήθη
617 2639 650 2708 ἡ
683 2638 831 2709 ψυχὴ
865 2638 1030 2692 αὑτοῦ
1065 2638 1246 2692 ὀπίσω
1279 2639 1372 2692 τοῦ
1408 2638 1568 2694 Θεοῦ.

515 2732 988 2787 Εἰσελεύσονται
1022 2734 1110 2798 είς
1148 2730 1218 2784 τὰ
1262 2731 1589 2795 κατώτατα,
1627 2749 1681 2784 κ.
1727 2749 1776 2784 τ.
1803 2731 1850 2785 ὲ.
1886 2730 2036 2801 Ὄσῳ

440 2824 617 2893 χεῖται
644 2823 756 2892 (18)
784 2825 816 2894 ἡ
846 2823 1014 2876 κακία
1036 2823 1201 2888 τινος,
1227 2824 1466 2893 τοσούτῳ
1490 2822 1785 2893 κατωτέρω
1812 2821 2034 2890 γινόμε-

437 2928 550 2976 νος,
587 2913 896 2982 εἰσέρχεται
929 2913 1008 2974 εἰς
1042 2913 1110 2964 τὰ
1141 2910 1426 2982 κατώτερα
1451 2911 1549 2982 τῆς
1584 2912 1706 2981 γῆς.
1742 2909 2034 2980 Τροπικῶς

437 3003 495 3057 δὲ
533 3024 550 3055 ι
596 3005 778 3073 χεῖρες
827 3004 1121 3073 ῥομφαίας,
1165 3023 1180 3053 ι
1210 3003 1284 3066 ὡς
1333 3005 1513 3073 χεῖρες
1557 3000 1829 3071 γλώσσης.
1867 3020 1886 3052 ι
1921 3002 2035 3054 Με-

439 3095 586 3166 ρίδες
614 3094 915 3147 ἀλωπέκων
941 3094 1172 3148 ἔσονται.
1208 3113 1224 3142 ι
1255 3094 1413 3158 Φασὶ,
1444 3094 1571 3157 τοὺς
1603 3093 1844 3156 λέοντας,
1879 3095 2029 3146 ὲπει-

436 3185 534 3238 δάν
567 3201 711 3247 τινος
745 3183 1113 3237 ἐπιλάϐωνται
1145 3183 1304 3247 ζώου,
1342 3186 1526 3253 ῥοφεῖν
1556 3202 1615 3236 τε
1647 3184 1707 3237 τὸ
1737 3177 1898 3253 αἷμα,
1934 3183 2028 3236 καὶ

2133 607 2516 676 spiritualibus
2559 606 2910 674 proportione
2954 603 3190 673 quadam
3225 589 3709 666 accidiltttrisque.

2133 699 2406 769 Pr0plteta
2440 698 2610 763 enim,
2660 712 2784 753 cum
2829 697 3328 766 superemiucntetn
3377 696 3573 750 anima:
3632 696 3713 748 ci-

2133 790 2260 846 bum
2297 791 2464 858 probe
2500 799 2708 853 nosset,
2734 791 2848 844 haec
2877 790 3026 842 dicit.
3059 787 3334 857 Eju~modi
3371 788 3514 842 enim
3559 797 3715 841 erant

2131 883 2296 937 etiam
2332 883 2418 936 illa
2447 898 2569 952 qua?
2601 898 2699 951 per
2723 882 3034 953 parabolam
3073 883 3122 934 in
3164 881 3472 950 Evangeliis
3519 881 3717 935 baben-

2136 982 2223 1030 tur
2258 975 2326 1029 de
2359 975 2527 1030 vitulo
2557 976 2823 1042 saginato.
2848 994 2867 1027 ‹
2899 975 2964 1029 Ει
2995 975 3154 1029 labiis
3176 973 3563 1028 cxsultationis
3597 960 3713 1026 lani

2134 1067 2284 1122 dabit
2315 1081 2378 1121 os
2409 1082 2610 1124 meum.
2644 1085 2663 1119 ι
2702 1067 2967 1137 Ambigua
2997 1078 3080 1123 est
3113 1067 3164 1121 in
3199 1067 3389 1122 Grzreo
3417 1067 3716 1132 sententia,

2133 1165 2318 1210 tttrtttn
2370 1156 2622 1211 videIiCet
2669 1157 2995 1211 laudandum
3043 1157 3114 1211 sit
3164 1173 3226 1212 os
3279 1171 3512 1210 mettma
3553 1155 3714 1212 labiis

2133 1247 2532 1315 exsultationis,
2571 1248 2652 1302 VcI
2693 1248 2959 1302 laudanda
3003 1248 3113 1303 sint
3161 1248 3300 1302 labia
3336 1249 3718 1306 exsultatiouis

2134 1340 2203 1393 ab
2232 1356 2328 1394 ore
2361 1355 2502 1394 meo.
2537 1341 2785 1406 Quando,
2820 1340 3014 1410 inquit,
3057 1356 3267 1396 memor
3296 1341 3451 1395 l'uero
3483 1331 3719 1394 nominis

2137 1428 2237 1494 ttti,
2275 1437 2401 1485 tunc
2447 1429 2636 1497 utique
2685 1441 2814 1484 tunc
2845 1430 3040 1499 gaudio
3075 1431 3371 1500 implentur
3401 1430 3541 1485 labia
3577 1447 3720 1484 mea.

2208 1516 2369 1572 Vens.
2405 1521 2460 1573 7.
2497 1519 2558 1574 Si
2614 1536 2813 1574 memor
2852 1521 2934 1588 {ui
2985 1521 3062 1575 tui
3119 1539 3279 1589 super
3327 1534 3577 1586 stratum,
3607 1533 3717 1576 etc.

2135 1609 2332 1664 Idonea
2362 1611 2589 1665 monitio
2621 1611 2687 1664 ad
2721 1611 3034 1665 castitatem
3064 1631 3077 1679 ;
3111 1615 3366 1684 quoniam
3399 1615 3446 1669 is
3495 1615 3585 1684 Qui
3624 1630 3718 1666 su-

2134 1717 2230 1771 per
2268 1713 2442 1759 strato
2504 1720 2716 1760 memor
2761 1715 2848 1760 est
2901 1721 3086 1758 rerum
3124 1699 3455 1769 divinarum,
3494 1707 3720 1760 omnino

2135 1813 2303 1867 purus
2325 1797 2403 1851 ﬁt.
2435 1796 2626 1852 Simile
2651 1807 2735 1852 est
2759 1800 2922 1853 etiam
2954 1797 3084 1852 illud
3112 1815 3126 1852 :
3163 1817 3180 1850 ι
3212 1798 3267 1851 In
3296 1798 3555 1869 lacrymis
3586 1800 3721 1853 meis

2136 1902 2367 1946 Stratum
2406 1907 2586 1946 meum
2621 1891 2893 1961 rigabo'”.
2921 1909 2939 1942 ι
2977 1890 3188 1944 Etenim
3222 1889 3544 1945 delraudant
3578 1890 3723 1944 invi--

2135 2000 2254 2041 cem
2286 1994 2544 2039 vacantes
2571 1983 2826 2038 orationi.

2127 2061 2134 2066 ’
2211 2075 2374 2131 \‘Ens.
2409 2075 2463 2130 9.
2497 2073 2736 2129 ΑιίΙιωιὶι
2769 2073 2950 2129 anima
2982 2092 3095 2130 mea
3121 2085 3237 2147 post
3265 2086 3332 2143 te,
3362 2081 3468 2132 etc.
3497 2075 3554 2131 Si
3587 2093 3606 2128 ι
3627 2076 3720 2145 qui

2139 2169 2383 2223 adlucret
2439 2168 2690 2233 Domino,
2737 2183 2876 2224 unus
2946 2165 3174 2238 spiritus
3223 2170 3437 2236 est7°,i
3491 2169 3721 2223 adharsit

2130 2255 2266 2314 'vero
2297 2259 2466 2314 David
2502 2259 2754 2323 Domino,
2801 2275 2941 2315 unus
2990 2259 3157 2330 igitur
3187 2259 3288 2314 fuit
3324 2261 3570 2331 spiritus.
3602 2261 3724 2331 Spi-

2140 2355 2300 2406 titum
2333 2362 2514 2407 autem
2537 2363 2699 2407 vocat
2732 2353 2881 2406 illutn
2914 2355 3002 2422 qui
3029 2353 3293 2423 spiritalis
3317 2363 3424 2421 εει,
3463 2355 3723 2423 quemad-

2140 2444 2358 2498 modum
2391 2458 2444 2496 et
2476 2452 2737 2498 constans
2762 2444 2987 2499 dilectio
3011 2444 3285 2514 signiﬁcat
3312 2460 3438 2499 eum
3462 2446 3553 2515 qui
3588 2446 3719 2499 cha-

2141 2538 2356 2590 ritatettl
2411 2537 2594 2592 liabet.
2649 2535 2864 2609 Moyses
2914 2538 3080 2591 etiam
3136 2539 3358 2606 quando
3413 2539 3719 2608 posteriora

2139 2629 2232 2685 Dei
2267 2629 2425 2692 vidit,
2463 2630 2842 2683 tuneadba'sit
2866 2630 3047 2682 anima
3081 2629 3198 2697 ejus
3227 2641 3350 2700 post
3385 2632 3578 2686 Deum.

2131 2710 2140 2715 ’
2210 2719 2376 2776 Vens.
2433 2723 2522 2777 10.
2571 2721 2875 2776 lnlroibtmt
2926 2723 2982 2776 in
3031 2724 3307 2791 inferiora,
3355 2733 3460 2779 etc.
3512 2723 3729 2789 Quanto

2139 2813 2312 2870 fusior
2349 2813 2513 2869 fuerit
2557 2815 2764 2869 malitia
2807 2814 3061 2883 alicujus,
3101 2825 3252 2870 tanto
3292 2815 3518 2869 inferior
3543 2816 3721 2872 factus

2138 2909 2308 2963 intrat
2358 2907 2412 2962 in
2456 2906 2718 2961 inferiora
2767 2915 2950 2960 teme.
2987 2907 3217 2976 Trapice
3266 2918 3446 2962 autem
3483 2928 3500 2960 ι
3531 2925 3725 2964 rnatms

2134 3000 2344 3069 gladii.
2403 2998 2682 3066 dicuntur,
2735 3001 2878 3052 sicut
2949 3014 3149 3055 manus
3212 2999 3429 3069 linguae.
3492 3001 3724 3060 «Partes

2136 3092 2378 3162 vulpium
2421 3100 2606 3146 erunt.
2630 3111 2648 3146 ι
2683 3093 2952 3158 Traduut,
3010 3093 3214 3158 leones,
3249 3094 3336 3147 ttbi
3385 3094 3584 3149 animal
3621 3095 3724 3148 ali-

2131 3169 2278 3255 quod
2325 3187 2592 3256 ceperint,
2651 3187 2974 3258 sanguinem
3016 3202 3304 3258 exsurgere,
3349 3196 3402 3241 et
3455 3192 3725 3256 rapaciter

436 3261 797 3344 ἁρπακτικῶς
837 3275 1036 3326 ἐσθίειν
1085 3274 1147 3326 τὸ
1195 3275 1526 3344 προσπεσὸν,
1569 3275 1665 3328 καὶ
1692 3273 1928 3345 μάλιστα
1956 3273 2024 3328 τά

2137 3277 2376 3347 prtetIatlt
2438 3277 2724 3346 devorare,
2761 3294 2826 3333 ac
2867 3279 3168 3349 prmsertim
3215 3279 3459 3334 membra
3486 3279 3721 3350 potiora,

435 3353 744 3435 κυριώτερα
767 3365 877 3418 τῶν
910 3363 1108 3437 μελῶν,
1134 3365 1199 3418 τὰ
1226 3368 1280 3420 δὲ
1312 3365 1539 3436 περιττὰ
1565 3365 2021 3437 καταλιμπάνειν·

434 3455 607 3509 ταῦτα
644 3457 700 3509 δὲ
723 3457 822 3520 τὰς
849 3456 1140 3522 ἀλώπεκας
1175 3458 1440 3528 εὑρούσας
1483 3457 1718 3510 ἐσθίειν·
1771 3459 1895 3511 ἐπεὶ
1939 3453 2032 3511 οῦν

435 3547 709 3602 ἐσθίουσιν
755 3543 912 3603 αὗται
962 3550 1030 3602 τὰ
1070 3552 1200 3622 παρ’
1232 3551 1459 3615 ἐκείνοις
1505 3551 1603 3622 ἠδη
1649 3551 2030 3622 ἀναιρεθέντα,

433 3639 592 3694 τοῦτό
625 3659 813 3712 φησιν,
862 3643 944 3695 ὅτι
971 3644 1230 3715 τιμωρίαι
1258 3644 1458 3707 αὐτοὺς
1491 3643 1738 3714 διάφοροι
1769 3643 2034 3707 διαδέξον-

433 3750 545 3799 ται,
577 3735 668 3788 καὶ
696 3735 806 3788 ἀπὸ
842 3733 1046 3788 τούτων
1069 3737 1146 3799 εἰς
1177 3737 1395 3807 ἐτέρους
1423 3736 1774 3807 ἐμπεσόντες,
1790 3735 2033 3806 διαφόρῳ

434 3829 502 3897 τῇ
535 3827 778 3899 τιμωρίᾳ
803 3828 1319 3900 περιϐληθήσονται.

515 3920 627 3973 Τοῦ
683 3921 892 3974 αὑτοῦ.
927 3921 1044 3974 ’Ὶνα
1077 3921 1470 3985 πιστεύσαντες
1519 3922 1632 3994 (19)
1679 3921 1929 3977 σωθῶσιν
1954 3923 2032 3995 τῷ

435 4011 752 4066 κατελθόντι
782 4015 862 4076 είς
893 4013 964 4066 τά
991 4013 1278 4086 κατώτερα
1317 4015 1458 4085 μέρη
1494 4015 1594 4085 τῆς
1617 4015 1742 4085 γῆς.

513 4105 623 4163 Τοῦ
652 4105 859 4161 αὑτοῦ.
901 4107 1041 4170 Τοὺς
1083 4107 1476 4178 καταχθονίους
1511 4106 1623 4178 (20)
1652 4107 1914 4179 δαίμονας
1935 4108 2029 4162 νῦν

435 4197 726 4264 ἀλώπεκας
753 4200 1028 4272 ὀνομάζει,
1059 4196 1139 4265 οἷς
1165 4199 1259 4253 καὶ
1285 4199 1668 4274 παραδίδονται
1700 4201 1838 4274 πρὸς
1869 4201 2029 4256 κόλα-

441 4308 525 4344 σιν
549 4292 600 4345 οἱ
621 4291 853 4363 ἐπίγειοι
873 4293 1150 4364 δαίμονες.

999 4471 1291 4532 ΨΑΑΜΟΣ
1343 4476 1457 4529 II".

507 4569 962 4638 Εισάκουσον,ὀ
1015 4569 1320 4640 Θεὸς,τῆς
1365 4567 1578 4644 φωνῆς,
1599 4587 1742 4638 μου,
1789 4588 1842 4623 κ.
1879 4588 1930 4626 τ.
1972 4573 2020 4628 ὲ.

439 4665 598 4718 Ἐστι
641 4682 726 4728 τις
777 4663 928 4735 φωνὴ
962 4663 1074 4733 (21)
1118 4662 1346 4735 καρδίας
1392 4662 1630 4733 ἀκουστὴ
1685 4663 1832 4735 μόνῳ
1877 4664 2018 4736 Θεῷ.

440 4775 461 4809 ι
505 4757 639 4810 Ἀπὸ
671 4757 837 4826 φόϐου
865 4755 1082 4826 ἐχθροῦ,
1122 4777 1138 4808 ι
1172 4757 1290 4826 ἦτοι
1337 4755 1444 4810 ἀπὸ
1475 4756 1568 4809 τοῦ
1602 4757 1885 4826 φοϐεῖσθαι
1926 4759 2018 4812 τὸν

433 4848 650 4920 ἐχθρὸν,
679 4869 695 4899 ι
721 4847 903 4912 ἐξελοῦ
931 4847 1028 4918 τὴν
1053 4847 1233 4918 ψυχήν
1261 4864 1382 4919 μου·
1417 4869 1434 4899 ι
1460 4847 1492 4918 ἢ
1521 4867 1539 4898 ι
1569 4848 1677 4901 ἀπὸ
1699 4849 1886 4919 φόϐου,
1920 4869 1938 4902 ι
1960 4849 2020 4915 ὃς

435 4939 600 5010 φόϐος
635 4939 695 4990 ού
731 4936 905 5007 φίλος,
933 4937 1047 4990 ἀλλ’
1093 4937 1286 5009 ἐχθρός
1331 4939 1468 4990 ἐστι.
1513 4937 1670 5002 Φίλος
1718 4939 1816 5010 μὲν
1851 4941 1880 4990 ὁ
1920 4938 2016 4994 τοῦ

429 5029 568 5082 θεοῦ
601 5029 1026 5099 ὲπιστημονικὺς
1069 5029 1256 5097 φόϐος,
1294 5029 1486 5100 ἐχθρὸς
1513 5028 1569 5082 δὲ
1600 5032 1628 5083 6
1662 5031 1735 5102 μὴ
1778 5031 2017 5096 τοιοῦτος

433 5123 624 5192 φόϐος·
659 5124 842 5185 ὁποῖος
863 5122 891 5174 6
923 5121 1030 5175 τῶν
1059 5121 1406 5192 ἑτεροδόξων,
1433 5121 1466 5191 ἢ
1505 5121 1533 5173 6
1554 5120 1664 5174 τῶν
1690 5122 1890 5176 ὁποίων
1923 5123 2016 5195 δη-

436 5214 659 5280 ποτοῦν,
687 5213 822 5268 ἀλλά
855 5213 1009 5285 παρά
1040 5215 1130 5267 τὸν
1168 5213 1323 5278 Θεὸν,
1370 5214 1751 5286 φοϐουμένων·
1781 5217 1908 5286 περὶ
1943 5209 2020 5272 ὧν

429 5306 653 5361 δύναται
678 5307 739 5361 τὺ
766 5309 824 5360 ἐν
864 5303 1060 5376 Ἡσαΐᾳ
1096 5305 1312 5377 πνεῦμα
1344 5307 1772 5378 παραστατικῶς
1801 5309 2019 5380 είρηκέ-

429 5418 546 5454 ναι·
587 5421 603 5452 ι
645 5401 751 5455 Τὸν
803 5401 858 5454 δὲ
915 5400 1078 5469 φόϐον
1105 5399 1286 5454 αὐτῶν
1319 5401 1380 5452 ού
1433 5401 1506 5471 μὴ
1560 5401 1858 5474 φοϐηθῆτε,
1906 5403 2013 5455 οὐδ’

497 5537 540 5570 ’⁷
564 5536 707 5591 Psal.
750 5552 823 5599 vt,
852 5537 904 5590 7.
981 5536 1028 5566 ⁷⁸
1057 5535 1074 5588 Ι
1107 5535 1233 5592 Cor.
1262 5551 1333 5603 Vl,
1362 5535 1448 5591 I7.
1527 5537 1573 5568 ⁷⁵
1606 5516 1707 5592 Isa.
1745 5553 1860 5602 \‘Itl,
1897 5538 1982 5592 12.
2005 5511 2047 5552 λ

498 5681 611 5749 (16)
645 5680 1012 5744 "Idm-(irem
1038 5679 1307 5744 ἁγνείαν,
1346 5688 1453 5733 etc.
1495 5681 1701 5734 Catena
1743 5679 2017 5736 Cnrdet'ii.

499 5753 614 5819 (l7)
649 5755 713 5804 El
735 5755 766 5804 ὁ
787 5751 1189 5819 κολλώμενος,
1221 5761 1324 5804 rte.
1362 5751 1589 5804 Scltedar
1620 5752 1826 5806 Gt‘abii.

502 5822 616 5890 (I8)
655 5825 818 5890 ’Ὧσῳ
842 5822 1046 5889 χεῖται,
1078 5833 1185 5875 ete.
1219 5820 1422 5876 Catena
1450 5821 1717 5875 Cnrderii.

502 5892 611 5959 (l9)
643 5895 774 5951 "Ira
808 5895 1268 5957 πιστεύσαντες,
1302 5905 1407 5949 etc.
1436 5893 1618 5950 Codex
1643 5891 2012 5951 Coisliuianus

2058 4485 2102 4540 D

2134 3371 2454 3442 relinquere
2521 3389 2652 3428 vero
2717 3375 3024 3444 superﬂua;
3083 3388 3204 3444 qua:
3253 3375 3450 3429 deinde
3504 3386 3719 3444 reperta

2133 3465 2326 3534 vulpes
2358 3461 2648 3520 absumant
2679 3483 2694 3522 :
2720 3482 2842 3522 cum
2878 3465 3044 3538 igitur
3071 3467 3153 3520 lue
3179 3468 3440 3520 devorent
3479 3467 3569 3520 illa
3604 3483 3723 3536 qua:

2133 3557 2200 3612 ab
2248 3557 2366 3612 istis
2402 3559 2611 3630 pridem
2660 3559 2988 3628 interempta
3013 3572 3162 3630 sunt,
3193 3563 3294 3618 hoc
3326 3561 3480 3628 dicit,
3517 3561 3634 3616 fore
3665 3570 3724 3613 ut

2131 3651 2362 3708 diversae
2422 3655 2568 3724 ipsos
2614 3670 2792 3724 pmnze
2836 3657 3139 3726 excipiant,
3175 3668 3232 3712 et
3280 3657 3408 3711 dum
3453 3672 3516 3711 cx
3554 3657 3638 3711 bis
3668 3659 3721 3710 iu

2133 3742 2270 3798 alias
2302 3743 2571 3813 incidunt,
2609 3747 2828 3803 diverso
2860 3749 3128 3818 supplicio
3152 3749 3481 3805 adiciantur.

2205 3927 2483 4000 Ejusdem.
2523 3928 2592 3986 Ut
2642 3930 2946 4014 credentes
2966 3931 3016 3986 ei
3063 3932 3156 4000 qui
3181 3930 3465 3986 descendit
3498 3931 3551 3986 itt
3587 3929 3723 3984 infe-

2132 4020 2306 4075 riores
2340 4033 2522 4090 partes
2551 4032 2730 4086 terrm,
2766 4023 2898 4077 salvi
2927 4022 3078 4078 ﬁant.

2203 4110 2486 4181 Ejusdem.
2518 4111 2717 4181 Vulpes
2747 4113 2850 4168 Itoc
2895 4113 3014 4167 loco
3047 4123 3202 4167 vocat
3235 4112 3480 4168 Infernos
3514 4114 3720 4166 dtcmo-

2129 4217 2246 4267 nes,
2295 4204 2494 4273 quibus
2541 4207 2708 4265 etiam
2752 4207 3014 4276 puniendi
3062 4206 3582 4262 tradunturterreni
3617 4206 3720 4261 dte-

2129 4311 2336 4350 IIIOIICS.

2550 4477 2713 4551 7M
2747 4476 3070 4534 PSALMUS
3111 4477 3292 4536 LXIII.

2209 4569 2371 4628 Vens.
2411 4569 2469 4625 2.
2510 4570 2750 4637 Exaudi,
2802 4571 2962 4639 Deus,
3018 4588 3190 4626 vocem
3236 4587 3426 4638 meam,
3453 4582 3558 4625 etc.
3621 4569 3720 4625 Est

2130 4662 2377 4731 qumdam
2414 4677 2515 4715 vox
2548 4662 2733 4718 cordis
2767 4678 2888 4732 quae
2931 4680 2960 4716 ιι
3017 4663 3134 4718 solo
3167 4662 3277 4718 Deo
3306 4662 3485 4718 audiri
3523 4662 3716 4732 possit.

2136 4773 2153 4805 ι
2180 4755 2220 4808 Δ
2251 4755 2445 4810 timore
2476 4754 2706 4820 inimici,
2729 4773 2748 4807 ι
2785 4754 2901 4810 sive
2931 4769 2961 4808 a
2987 4754 3225 4810 timendo
3251 4753 3530 4809 inimicum
3559 4771 3577 4806 ι
3607 4754 3719 4808 eri--

2129 4859 2196 4916 pe
2237 4845 2476 4899 animam
2525 4862 2738 4912 meam;
2769 4865 2788 4899 ι
2830 4846 2946 4901 sive
2982 4865 3001 4898 ι
3028 4862 3056 4900 a
3110 4847 3328 4910 timore,
3358 4865 3376 4896 ι
3409 4845 3500 4914 qui
3557 4845 3719 4898 timor

2127 4951 2235 4990 non
2274 4935 2508 5002 amicus,
2549 4937 2642 4991 sed
2692 4936 2949 4991 inimicus
2980 4946 3086 4991 est.
3118 4936 3344 4992 Amicus
3383 4935 3601 5005 quidem
3645 4934 3715 4987 ti-

2126 5047 2247 5086 mor
2292 5033 2385 5088 Dei
2436 5035 2676 5104 sapiens,
2724 5035 2819 5088 sed
2878 5033 3136 5088 inimicus
3177 5036 3339 5088 timor
3367 5032 3458 5104 qui
3488 5048 3593 5087 non
3631 5041 3718 5086 est

2123 5123 2470 5191 istiusmodi;
2500 5123 2677 5195 qualis
2702 5135 2786 5180 est
2817 5125 3419 5189 licterodoxorum,seu
3455 5124 3586 5178 falsa
3616 5105 3744 5178 do-‘i

2125 5216 2392 5281 centium,
2412 5214 2495 5269 vel
2524 5230 2712 5271 eorum
2738 5215 2830 5286 qui
2862 5215 3150 5286 quidlibet,
3187 5216 3280 5270 sed
3304 5223 3500 5284 pra‘ter
3520 5213 3714 5280 Deum,
3795 5227 3804 5242 ε

2123 5312 2322 5366 timent
2357 5330 2370 5366 :
2398 5312 2464 5366 de
2503 5312 2702 5383 quibus
2736 5314 2840 5368 hoc
2891 5312 3096 5366 diserte
3122 5308 3362 5381 Spiritus
3401 5317 3629 5362 sanctus
3657 5305 3713 5360 in

2125 5402 2263 5458 Isaia
2280 5404 2327 5435 τ’
2355 5404 2561 5460 dixisse
2595 5403 2769 5476 potuit
2795 5421 2808 5459 :
2837 5401 3147 5458 ITIIDOI‘CIII
3197 5409 3382 5456 autem
3426 5411 3614 5454 eorum
3644 5413 3713 5478 ne

2127 5700 2492 5820 ιπίιίίῖῗεϊυίσς
2525 5750 2980 5820 καταχθονίους,
3005 5761 3108 5806 etc.
3147 5749 3311 5803 Idem.

2203 5818 2314 5896 (2|)
2353 5829 2524 5880 ’Ἐστι
2567 5841 2651 5890 τις
2679 5818 2875 5890 ptumi,
2904 5834 3008 5876 ete.
3041 5823 3244 5876 Catena
3269 5818 3534 5876 Cot‘derii.
