4110 6376
472 401 609 459 1193

1398 394 1713 451 SELEC’I‘A
1754 394 1821 449 IN
1860 386 2201 449 PSALMOS.
2240 413 2311 426 --
2344 382 2541 440 PSAL.
2580 378 2763 436 LXIV.

3594 376 3734 437 1191

545 519 656 572 Τοῦ
704 516 909 571 αὑτοῦ.
962 514 1155 579 Εὐθεῖς
1203 517 1268 587 τῇ
1325 514 1521 586 καρδίᾳ
1554 512 1665 584 (50)
1695 515 1745 566 oi
1782 511 1842 576 ἐξ
1874 509 2047 565 ὲθνῶν

2223 503 2508 574 Ejusdem.
2552 501 2702 555 Recti
2756 497 2922 554 corde
2974 501 3102 549 sunt
3142 494 3194 548 hi
3243 494 3335 564 qui
3381 510 3448 549 ex
3482 496 3738 563 gentibus

470 612 856 676 πιστεύσαντες
877 628 890 640 ·
927 612 975 664 οἰ
1016 610 1071 662 δὲ
1106 609 1257 661 αὐτοὶ
1290 608 1384 661 καὶ
1408 608 1627 671 δίκαιοι,
1656 606 1731 669 ὡς
1764 607 1830 675 τῇ
1866 603 2049 656 πίστει

468 708 879 770 δικαιωθέντες·
914 707 1091 770 εὐθεῖς
1122 704 1200 767 δὲ,
1230 704 1306 766 ὡς
1338 703 1606 774 μηδέποτε
1651 701 1718 770 τῇ
1754 697 1904 768 παρὰ
1952 693 2047 747 τοῦ

470 800 603 853 Θεοῦ
631 800 951 871 διδασκαλίᾳ
998 799 1096 869 τὴν
1131 797 1340 865 πλάνην
1378 795 1486 848 τῶν
1534 791 1768 845 εἰδώλων
1814 785 2051 860 προσμί-

471 892 681 958 ξαντες,
709 894 844 965 ὅπερ
877 892 1137 955 πολλάκις
1186 893 1234 943 οἱ
1268 888 1457 951 παῖδες
1501 886 1610 940 τῶν
1648 883 1916 937 Ἰουδαίων
1949 895 2050 932 πε-

401 1008 413 1045 ~,
469 985 763 1055 ποιηκότες
806 987 1105 1054 φαίνονται.
1161 976 1321 1038 Οὗτοι
1356 981 1534 1034 τοίνυν
1584 976 2048 1050 εὐφρανθήσονται

467 1076 545 1140 ὡς
572 1077 859 1147 νήψαντες,
905 1079 998 1132 καὶ
1026 1077 1125 1148 τὴν
1157 1075 1265 1129 τῶν
1307 1073 1740 1145 ῥᾳθυμησάντων
1782 1068 2044 1139 κληρονο-

471 1170 600 1240 μίαν
628 1170 1006 1244 κερδάναντες.

432 1326 446 1356 1

1040 1349 1331 1403 ΨΑΛΜΟΣ
1367 1350 1483 1405 ΞΝ.

538 1439 642 1494 Σοὶ
696 1438 906 1508 πρέπει
954 1440 1227 1510 ὖμνος,ό
1278 1440 1537 1506 Θεὸς,ἐν
1589 1438 1761 1501 Σιὼν,
1799 1454 1852 1489 κ.
1894 1453 1945 1489 τ.
1978 1436 2046 1505 _é.

475 1550 495 1583 ο
529 1532 619 1586 Ἐν
637 1530 776 1586 Σιὼν
802 1533 933 1605 (51),
961 1553 979 1585 ι
1010 1536 1073 1604 τῇ
1111 1533 1418 1605 ἐπουρανίῳ
1439 1532 1662 1603 δηλαδὴ,
1693 1530 1938 1583 τουτέστι
1972 1526 2052 1597 τῷ

2158 598 2509 653 crediderunt
2547 616 2559 648 :
2594 593 2756 646 iidem
2810 603 3022 658 quoquc
3072 587 3203 656 justi
3235 596 3382 649 sunt,
3409 597 3594 655 utpote
3633 586 3736 639 lide

2112 694 2115 697 λ
2151 688 2469 760 justillcati;
2514 686 2649 741 recti
2698 699 2848 749 vero,
2880 692 2939 736 ut
2975 684 3067 752 qui
3105 680 3368 736 doctrinm
3403 680 3493 733 Dei
3527 679 3735 731 nullum

2159 782 2394 851 amplius
2428 779 2694 835 idolorum
2718 793 2962 833 errorem
2997 777 3363 843 admisceant,
3396 775 3540 843 quod
3564 773 3734 828 .Iudwi

2163 890 2268 929 non
2327 888 2453 929 raro
2503 872 2706 927 fecisse
2752 873 3027 925 videnlur.
3081 868 3145 923 lli
3199 869 3363 939 igitur
3414 866 3739 921 laetabuntur

2162 977 2422 1035 tanquam
2474 966 2669 1033 seduli,
2717 974 2772 1020 et
2804 965 2897 1035 qui
2935 963 3322 1035 negligentium
3363 958 3740 1015 hatreditatem

2154 1058 2348 1114 lucrati
2377 1058 2507 1112 sint.

2680 1336 3001 1394 PSALMUS
3041 1335 3225 1393 LXIV.

2229 1430 2394 1485 Vens.
2429 1431 2482 1484 2.
2521 1428 2590 1483 Te
2637 1430 2784 1484 decet
2824 1431 3071 1500 hymnus,
3135 1428 3307 1491 Deus,
3336 1428 3388 1482 in
3439 1424 3590 1490 Sion,
3629 1434 3741 1484 etc.

2162 1540 2179 1573 ι
2209 1522 2265 1575 lu
2301 1522 2454 1588 Sion,
2487 1542 2506 1574 ι
2535 1522 2750 1577 scilicet
2795 1522 3195 1591 supercmlesti,
3229 1522 3279 1577 id
3304 1530 3388 1575 est
3422 1521 3473 1573 in
3502 1519 3737 1589 spiritali

470 1624 645 1696 νοητῷ
706 1625 1113 1696 σκοπευτηρίῳ·
1158 1627 1216 1678 ἐν
1261 1625 1370 1695 γὰρ
1424 1623 1701 1693 αἰσθητοῖς
1750 1622 1811 1674 οὐ
1853 1622 2051 1691 πρέπει

2162 1615 2372 1684 specula
2398 1631 2412 1682 ς
2440 1616 2707 1684 siquidem
2750 1615 2803 1670 in
2854 1614 3207 1669 sensibilibus
3248 1628 3352 1666 non
3397 1613 3555 1666 decet
3588 1612 3743 1681 hym-

370 1736 373 1739 ’
471 1715 640 1787 ὕμνος
680 1717 759 1788 τῷ
806 1717 957 1787 Θεῷ·
993 1716 1073 1770 διὸ
1106 1718 1165 1770 οὐ
1201 1715 1482 1787 ψαλοῦμεν
1534 1714 1749 1784 σώματι
1799 1713 1832 1783 ἢ
1871 1712 2053 1783 γράμ-

472 1827 625 1881 ματι,
657 1810 795 1863 ἀλλὰ
845 1810 1139 1880 πνεύματι,
1182 1811 1278 1863 καὶ
1315 1810 1415 1862 οὐκ
1462 1807 1734 1879 αἰσθήσει,
1775 1807 1910 1860 ἀλλὰ
1949 1807 2049 1859 νοΐ.

474 1918 493 1950 ι
538 1899 648 1953 Καὶ
674 1900 767 1962 ,σοί
791 1900 1183 1971 ἀποδοθήσεται
1210 1898 1342 1970 εὐχὴ
1371 1900 1429 1952 ὲν
1469 1896 1841 1969 Ἰερουσαλὴμ,
1888 1916 1905 1947 ι
1946 1896 2054 1953 ἀπὸ

467 1990 650 2044 κοινοῦ
690 2010 707 2043 ι
758 1992 815 2045 ὲν
851 1991 1020 2045 Σιών·
1065 2011 1083 2044 ι
1121 1992 1255 2064 εὐχὴ
1287 1992 1343 2046 δὲ
1370 1990 1530 2046 ὁποία
1560 1991 1707 2043 ἐστιν
1738 1991 1774 2061 ή
1813 1989 1905 2043 τοῦ
1941 1991 2054 2043 Να-

468 2082 733 2157 ζωραίου.

538 2171 928 2228 Εἰσοικουσον
950 2174 1299 2244 προσευχῆς
1320 2193 1461 2245 μου,
1485 2193 1541 2229 κ.
1575 2193 1625 2230 τ.
1654 2176 1701 2228 ὲ.
1743 2195 1760 2227 ι
1793 2174 2055 2228 Εἰσάκου-

468 2282 561 2317 σον
586 2265 698 2335 (52)
728 2266 1035 2336 προσευχῆς
1060 2284 1160 2337 μου
1200 2286 1218 2318 ι
1245 2270 1303 2321 ὲν
1334 2267 1492 2323 Σιώνο
1528 2289 1546 2320 ι
1578 2269 1723 2340 Πρὸς
1748 2268 1807 2321 σὲ
1837 2290 1855 2320 ο
1885 2268 1941 2321 δὲ
1962 2267 2054 2320 τὸν

467 2356 622 2418 Θεὸν,
657 2357 715 2420 ὃς
750 2356 966 2428 πνεῦμα
996 2360 1188 2422 ποιεῖς,
1230 2378 1249 2411 ‹
1287 2363 1436 2414 πᾶσα
1467 2360 1603 2433 σὰρξ
1635 2358 1773 2430 ἥξει.
1818 2378 1837 2411 ι
1872 2362 2056 2414 Μετα-

469 2448 757 2529 6αλεῖγὰρ
794 2449 827 2519 ή
873 2449 1140 2522 γενομένη
1172 2451 1309 2524 σὰρξ
1350 2452 1416 2505 δι’
1444 2452 1721 2524 ἁμαρτίαν
1753 2451 1922 2523 ψυχὴ.
1961 2454 2054 2504 καὶ

467 2539 620 2594 ἔσται
648 2541 886 2613 πνεῦμα.

540 2634 719 2703 Λόγοι
749 2635 990 2704 ἀνόμων
1019 2636 1586 2707 ὑπερεδυνάμωσαν,
1623 2656 1676 2691 κ.
1715 2656 1764 2691 τ.
1803 2638 1849 2691 ἑ.
1894 2637 2056 2706 Λόγοι

468 2726 689 2798 ἀνόμων
757 2728 869 2799 (55)
936 2729 1285 2800 ἐγγενόμενοι
1356 2732 1490 2801 ἡμῖν
1553 2730 2055 2803 ὑπερεδυνάμωσαν

468 2821 640 2890 ἡμᾶς,
673 2822 740 2873 δι’
788 2821 881 2885 οὓς
913 2823 1218 2894 γεγόναμεν
1255 2824 1474 2894 σάρκες.
1522 2842 1540 2876 ι
1592 2827 1703 2879 Καὶ
1757 2829 1877 2888 ταῖς
1931 2826 2057 2879 ἀσε.

470 2912 650 2975 ϐείαις
679 2915 710 2983 ἡ
722 2913 837 2983 μῶν
871 2916 935 2967 σὺ
967 2914 1146 2984 ἱλάσῃ.
1197 2935 1215 2966 ι
1254 2915 1357 2968 Σοῦ
1390 2915 1750 2986 ίλασκομένου
1778 2919 1897 2979 ταῖς
1926 2917 2056 2970 ἀσε-

2158 1720 2259 1760 nus
2294 1705 2500 1771 Deum;
2529 1705 2788 1774 quocirca
2811 1720 2917 1757 non
2954 1702 3253 1773 psalletnus
3276 1716 3502 1775 corpore
3529 1709 3620 1753 aut
3654 1699 3744 1753 lit—

2158 1806 2297 1860 tera,
2326 1798 2420 1851 sed
2446 1797 2666 1865 spiritu,
2697 1806 2753 1850 et
2784 1810 2891 1849 non
2927 1809 3115 1860 sensu,
3142 1794 3237 1847 sed
3271 1804 3471 1845 mente.
3512 1809 3531 1842 ι
3553 1791 3617 1844 Et
3643 1790 3742 1843 tibi
3792 1776 3795 1779 ’

2158 1889 2417 1942 reddetur
2457 1898 2641 1943 votum
2689 1889 2742 1942 in
2802 1885 3128 1952 Jerusalem,
3156 1904 3174 1938 ι
3229 1886 3607 1941 subaudicudo
3646 1884 3742 1938 tiu

2156 1982 2313 2036 Sion.
2338 1998 2358 2032 ›
2392 1978 2591 2037 Votum
2625 1995 2789 2051 porro
2823 1979 2987 2050 quale
3009 1988 3092 2034 est
3118 1978 3383 2033 Nazarmi.

2227 2166 2389 2222 Vens.
2414 2167 2467 2223 5.
2520 2165 2736 2219 Exaudi
2761 2165 3055 2218 orationem
3106 2179 3302 2226 meum,
3338 2171 3447 2217 etc.
3483 2179 3501 2213 ι
3532 2160 3743 2216 Exaudi

2156 2263 2457 2315 orationem
2492 2275 2666 2315 meam
2690 2280 2707 2313 ι
2746 2259 2800 2313 in
2833 2258 2963 2314 Sion
2992 2277 3007 2315 :
3043 2277 3060 2310 ι
3089 2259 3170 2312 Ad
3212 2266 3264 2312 te
3287 2275 3308 2309 ι
3337 2266 3517 2312 autem
3550 2259 3744 2322 Deum,

2157 2355 2248 2423 qui
2292 2354 2547 2422 spiritum
2584 2352 2779 2417 elﬁcis,
2814 2370 2832 2404 ι
2864 2353 3045 2407 onmis
3076 2366 3207 2407 caro
3252 2352 3459 2406 veniet.
3489 2370 3507 2404 ν
3545 2350 3741 2404 Anima

2158 2450 2328 2511 enim,
2366 2463 2486 2516 qua:
2515 2462 2612 2516 per
2637 2456 2919 2515 peccatqu
2945 2459 3077 2500 caro
3110 2443 3253 2499 facta
3277 2442 3483 2510 fuerat,
3510 2443 3740 2497 mutabi-

2162 2548 2251 2594 tur
2277 2550 2331 2594 et
2357 2541 2461 2595 erit
2485 2540 2733 2609 spiritus.

2233 2631 2399 2686 Vens.
2454 2633 2512 2687 4.
2581 2630 2752 2686 Verba
2800 2633 3107 2702 iniquorum
3155 2630 3586 2700 prwvalueruut,
3636 2639 3745 2688 clc.

2161 2724 2338 2781 Verba
2370 2724 2680 2796 iniquorum
2720 2742 2841 2796 qua:
2892 2726 2944 2779 in
2987 2721 3145 2779 nobis
3173 2735 3299 2777 sunt
3342 2723 3749 2793 prmvalueruut

2160 2832 2326 2888 super
2356 2832 2474 2882 nos,
2511 2819 2641 2871 dum
2695 2833 2792 2884 per
2826 2831 2888 2871 ea
2937 2831 3132 2871 carnes
3165 2815 3344 2870 ell‘ecti
3394 2832 3602 2870 sunms.
3636 2834 3653 2868 ι
3687 2817 3753 2870 Et

2164 2908 2541 2977 impietatibus
2586 2908 2790 2963 nostris
2838 2917 2892 2961 tu
2942 2906 3350 2975 propitiaberis.
3379 2924 3398 2957 ι
3435 2907 3567 2972 Nos,
3597 2909 3747 2976 quia

470 3006 649 3069 ϐείαις
690 3005 870 3076 ἡμῶν,
902 3006 1010 3061 τῶν
1044 3007 1148 3059 ὐπὸ
1199 3007 1372 3075 λόγων
1405 3008 1623 3078 ἀνόμων
1660 3009 2053 3079 ὐπερδυναμω-

2162 2998 2345 3054 verbis
2389 3000 2590 3069 iniquis
2630 2999 2871 3068 superati
2914 3008 2970 3053 et
3017 3014 3212 3055 carnes
3245 2998 3424 3055 eﬂ'ccti
3450 3014 3659 3065 sumus,
3696 3008 3749 3053 te

472 3098 692 3161 θέντων,
723 3100 816 3152 καὶ
844 3100 1152 3170 γενομένων
1184 3100 1422 3171 σαρκῶν,
1457 3101 1532 3166 ὡς
1551 3101 1707 3172 ήκειν
1740 3103 1890 3172 ἡμᾶς
1917 3104 2055 3174 πρὸς

473 3190 534 3243 σὲ
579 3190 706 3253 τοὺς
765 3191 1094 3261 γενομένους
1147 3191 1378 3262 σάρκας,
1418 3193 1744 3266 πιστεύομεν
1760 3196 1880 3250 ὅτι(
1917 3194 2055 3267 πρὸς

471 3281 534 3335 σὲ
566 3282 715 3335 πᾶσα
744 3282 881 3353 σάρξ
905 3282 1045 3353 ἥξει.
1090 3302 1109 3333 1

539 3372 866 3440 Μακάριος,
903 3372 975 3427 ὃν
989 3372 1271 3439 ἐξελέξω,
1296 3392 1350 3429 κ.
1382 3392 1433 3430 τ.
1462 3376 1508 3430 ὲ.
1539 3377 1601 3430 Εἰ
1634 3377 1903 3449 μακάριος
1921 3376 2056 3449 (54),

469 3464 530 3517 ὃν
555 3464 781 3530 ἐξελέξω
814 3467 908 3518 καὶ
964 3466 1304 3537 προσελάϐου
1324 3484 1337 3498 ·
1384 3469 1646 3539 μακάριοι
1682 3465 1776 3523 οὖν
1806 3470 1978 3539 ὀλίγοι
2007 3472 2058 3524 οἰ

474 3556 720 3609 ἐκλεκτοί
746 3574 759 3586 ·
798 3557 915 3610 ἀλλ’
954 3558 1052 3627 οὐχ
1094 3559 1143 3611 οἰ
1175 3558 1360 3612 πολλοὶ
1397 3560 1557 3629 μόνον
1592 3559 1801 3632 κλητοί.
1854 3562 1916 3615 Οἰ
1959 3561 2059 3632 μὲν

482 3646 581 3718 γὰρ
631 3647 802 3716 ὀλίγοι
843 3649 1090 3703 ἐκλεκτοὶ
1145 3651 1438 3724 εὑρήσουσι
1486 3651 1584 3723 τὴν
1626 3652 1843 3706 αἰώνιον
1892 3653 2057 3726 ζωὴν,

474 3738 793 3803 ὁδεύσαντες
836 3742 1031 3812 στενὴν
1059 3742 1153 3794 καὶ
1182 3742 1552 3815 τεθλιμμένην
1579 3745 1697 3799 ὁδὸν
1741 3746 2060 3814 ἀπάγουσαν

476 3830 563 3883 ἐπ’
597 3831 798 3900 αὐτήν·
826 3831 875 3883 οἰ
916 3830 974 3883 δὲ
1004 3831 1192 3884 πολλοὶ
1237 3833 1398 3901 μόνον
1442 3833 1652 3904 κλητοὶ,
1685 3835 1784 3906 τὴν
1818 3836 2061 3905 ἀπάγου-

477 3938 579 3976 σαν
609 3922 701 3974 ἐπὶ
733 3920 831 3992 τὴν
872 3921 1150 3975 ἀπώλειαν
1197 3924 1292 3978 καὶ
1338 3923 1651 3997 εὐρύχωρον
1707 3928 1825 3980 ὁδὸν
1861 3927 2061 3981 διοδεύ-

478 4030 691 4077 σαντες,
738 4014 798 4066 οὐ
837 4012 1353 4084 κατασκηνώσουσιν
1402 4018 1460 4069 ὲν
1500 4021 1620 4081 ταῖς
1651 4019 1842 4082 αὐλαῖς
1879 4037 1972 4073 σου
2002 4022 2060 4076 ὲν

476 4105 583 4168 σοὶ,
623 4105 745 4159 οὐδὲ
778 4106 1178 4177 πεφυτευμένοι
1208 4108 1265 4160 ὲν
1285 4106 1363 4178 τῷ
1386 4107 1521 4179 οἴκῳ
1551 4109 1645 4163 τοῦ
1668 4112 1875 4183 Κυρίου
1909 4111 2061 4178 ἐξανο

476 4196 753 4267 θήσουσιν.
786 4192 955 4251 Αὐται
987 4197 1045 4250 δὲ
1084 4198 1141 4250 αἱ
1185 4198 1351 4252 πύλαι
1396 4200 1534 4253 εἰσιν
1579 4203 1635 4255 αἱ
1679 4203 1872 4256 πολλαί
1898 4206 1954 4257 ὲν
1981 4204 2061 4275 τῷ

2158 3089 2537 3158 impietatibus
2588 3091 2793 3145 nostris
2850 3090 3110 3159 propitio,
3161 3090 3235 3143 ita
3288 3100 3368 3155 ut,
3421 3091 3513 3160 qui
3550 3105 3750 3145 carnes

2159 3195 2401 3249 eramus,
2436 3181 2504 3235 ad
2550 3191 2602 3239 te
2655 3181 2964 3247 veniamus,
3000 3184 3305 3250 credimus,
3332 3184 3594 3255 quoniam
3634 3203 3655 3237 ι
3680 3187 3762 3239 ad.

2162 3282 2213 3328 te
2241 3272 2419 3327 omnis
2450 3286 2581 3327 caro
2605 3273 2804 3327 veniet.
2830 3292 2850 3327 ι

2234 3364 2399 3419 Vens.
2434 3363 2488 3418 5.
2523 3362 2688 3436 746
2716 3362 2933 3427 Beatus,
2962 3380 3115 3435 quem
3136 3367 3361 3435 elegisli,
3390 3375 3499 3422 etc.
3528 3365 3587 3420 Si
3613 3366 3749 3423 hea-

2164 3464 2251 3511 tus
2300 3457 2372 3510 sit
2416 3472 2579 3525 quem
2632 3456 2842 3527 elegiin
2889 3466 2944 3512 et
2996 3458 3371 3525 assumpsisti,
3406 3458 3546 3512 beati
3584 3459 3751 3528 igitur

2161 3550 2319 3621 pauci
2354 3550 2449 3619 qui
2497 3550 2657 3605 electi
2686 3567 2699 3614 ;
2733 3550 2827 3602 sed
2860 3563 2965 3601 non
2997 3547 3155 3603 multi
3208 3550 3299 3617 qui
3351 3548 3526 3603 solum
3574 3549 3751 3603 vocati

2162 3653 2290 3698 sunt
2311 3642 2379 3697 ⁸⁸.
2407 3641 2542 3696 Nam
2578 3643 2736 3711 pauci
2769 3640 2845 3695 illi
2876 3640 3037 3695 electi
3084 3642 3362 3711 reperient
3395 3642 3563 3695 vitam
3592 3649 3754 3696 {ctor-

2165 3753 2313 3801 nam,
2346 3752 2473 3792 cum
2509 3736 2760 3790 incedant
2782 3751 2879 3805 per
2911 3735 3056 3789 viam
3109 3745 3319 3790 arctam
3352 3745 3408 3790 et
3436 3746 3752 3805 augustum,

2162 3845 2285 3899 quae
2306 3828 2537 3883 ducitad
2559 3842 2699 3883 eam.
2731 3829 2884 3884 Multi
2908 3844 3056 3893 vero,
3086 3830 3178 3899 qui
3204 3828 3378 3883 solum
3399 3829 3576 3883 vocati
3602 3840 3751 3891 sunt,

2164 3936 2287 3974 cum
2324 3919 2604 3973 ambulent
2642 3935 2738 3990 per
2769 3921 2909 3974 viant
2940 3920 3109 3974 latam
3149 3935 3271 3989 qua:
3305 3920 3455 3975 ducit
3480 3922 3549 3974 ad
3577 3920 3752 3974 inter-

2164 4014 2323 4080 itum,
2368 4029 2473 4068 non
2524 4012 2849 4068 habitabuut
2889 4012 2943 4067 in
2992 4014 3150 4069 atriis
3193 4013 3302 4069 tuis
3345 4014 3398 4068 in
3452 4022 3525 4079 te,
3578 4028 3755 4082 neque

2164 4107 2389 4177 plantati
2424 4107 2475 4160 in
2510 4107 2669 4162 domo
2703 4106 2917 4162 Domini
2949 4106 3312 4162 ﬂorebunt“.
3334 4105 3602 4160 Ca-terum
3625 4121 3753 4174 por-

2165 4211 2229 4256 tae
2260 4200 2462 4263 multae,
2488 4209 2615 4255 sunt
2652 4199 2835 4255 multa:
2884 4203 3001 4256 ista:
3032 4200 3348 4255 mansiones
3395 4213 3515 4267 qua:
3556 4198 3610 4251 in
3651 4198 3749 4251 du-

476 4284 611 4355 οἴκῳ
640 4284 735 4338 τοῦ
763 4286 979 4357 Πατρὸς
1004 4287 1180 4357 μοναί.
1206 4308 1223 4339 ι
1253 4289 1687 4362 Πλησθησὸμεθα
1713 4296 1769 4347 ἐν
1792 4298 1904 4359 τοῖς
1929 4297 2056 4365 ἀγα.

2169 4308 2256 4347 mo
2299 4291 2481 4347 Patris
2523 4291 2741 4347 sunt”.
2800 4292 3192 4362 «Replebimur
3246 4291 3299 4345 in
3350 4290 3507 4344 bonis
3549 4288 3747 4343 domus

476 4379 590 4441 θοῖς
620 4377 714 4431 τοῦ
763 4380 913 4433 οἴκου
955 4396 1069 4433 σου.
1107 4400 1126 4433 ι
1158 4383 1220 4435 υἱ
1270 4386 1669 4455 πεφυτευμένοι
1718 4388 1780 4441 ὲν
1810 4388 1888 4459 τῷ
1929 4389 2056 4461 οἴκῳ

2169 4397 2291 4440 tum.
2316 4404 2334 4437 ι
2368 4385 2473 4453 Qui
2521 4385 2748 4455 plantati
2781 4396 2909 4440 sunt
2948 4386 3001 4439 in
3031 4385 3194 4439 domo
3233 4382 3444 4437 Domini
3473 4391 3530 4436 et
3563 4381 3749 4435 multi—

478 4472 707 4543 Κυρίου,
738 4472 1075 4544 πλησθέντες
1121 4476 1180 4528 ὲν
1224 4478 1337 4540 τοῖς
1366 4477 1593 4546 ἀγαθοῖς
1619 4480 1807 4546 αὐτοῦ,
1837 4480 2063 4554 ἐξανθή-

477 4581 661 4618 σουσιν
695 4568 753 4619 ἐν
787 4561 876 4630 αἶς
901 4567 1320 4638 κατοικήσουσιν
1352 4570 1569 4634 αὐλαῖς.
1602 4590 1620 4623 ι
1660 4574 1848 4641 ’Ἄγιος
1876 4575 1905 4627 ὁ
1936 4574 2062 4639 ναός

479 4676 596 4723 σου,
638 4659 950 4730 θαυμαστὸς
997 4665 1056 4716 ἐν
1100 4662 1437 4737 δικαιοσύνῃ.
1479 4684 1497 4715 ι
1539 4666 1598 4718 '0
1646 4666 1900 4737 Χριστὸς,
1933 4668 2063 4734 ναὸς

476 4749 549 4803 ὣν
576 4752 669 4803 τοῦ
703 4753 916 4828 Πατρδς
944 4753 1039 4806 τοῦ
1063 4755 1119 4807 ἐν
1146 4754 1315 4826 αὐτῷ,
1345 4757 1437 4810 καὶ
1466 4757 1620 4825 ἅγιός
1647 4760 1762 4813 ἐστι
1804 4760 1898 4814 καὶ
1933 4760 2063 4816 θαυ-

463 4845 683 4930 ξμαστὸς
718 4848 775 4897 ἐν
803 4845 1138 4918 δικαιοσύνῃ.
1186 4849 1297 4919 υύχ
1328 4847 1562 4920 ἁρμόζει
1595 4850 1653 4904 δὲ
1700 4852 1760 4905 τὸ
1809 4852 2062 4925 δεύτερον

463 4934 572 5013 ,ἐπὶ
594 4933 693 4989 τοῦ
720 4934 979 5006 αἰσθητοῦ
1008 4937 1260 5005 λέγεσθαι
1292 4938 1442 4993 ναοῦ.
1479 4958 1497 4991 ι
1540 4940 1605 4993 Ἠ
1642 4941 1798 5007 ἐλπὶς
1841 4944 2061 5000 πάντων

476 5024 587 5077 τῶν
621 5026 873 5095 περάτων
894 5027 994 5096 τῆς
1029 5028 1153 5097 γῆς,
1189 5046 1206 5079 ι
1239 5030 1334 5082 καὶ
1360 5029 1427 5083 τὰ
1451 5030 1595 5102 ἑξῆς.
1629 5033 1693 5086 Ὃ
1722 5032 1918 5102 λέγων,
1958 5052 2063 5105 μαν-

480 5117 620 5187 κρὰν
649 5117 749 5187 τῆς
775 5118 1050 5190 θαλάσσης
1071 5118 1169 5184 ὢν,
1199 5124 1533 5194 προφητεύει
1565 5125 1693 5196 περὶ
1732 5125 1840 5178 τῶν
1873 5128 1932 5179 ὲν
1968 5126 2064 5181 θα-

480 5206 657 5279 λάσσῃ
695 5209 911 5280 μακρὰν
960 5209 1121 5262 αὐτοῦ
1157 5215 1608 5285 κυματουμένων,
1643 5216 1674 5287 ἢ
1705 5218 1831 5287 περ).
1854 5216 1962 5270 τῶν
2004 5220 2063 5272 ὲν

480 5297 809 5368 βαθυτάταις
833 5300 1003 5355 ὄντων
1036 5304 1414 5372 περιστάσεσι,
1451 5308 1544 5360 καὶ
1566 5306 1832 5376 λεγόντων
1852 5326 1865 5339 ·
1903 5305 2067 5363 «Ἦλ-

482 5390 574 5447 θον
605 5392 685 5454 εἰς
709 5390 775 5445 τὰ
808 5392 948 5464 βάθη
975 5395 1075 5463 τῆς
1100 5395 1398 5467 θαλάσσης.
1435 5418 1455 5450 ι

550 5484 1019 5545 ιζατιιονκηνὼονει
1062 5487 1133 5541 ἐν
1175 5489 1303 5556 ταῖς
1348 5491 1565 5559 αὐλαῖς
1607 5495 1815 5559 αὑτοῦ,
1847 5514 1900 5550 κ.
1932 5514 1980 5551 τ.
2013 5498 2058 5551 ὲ.

2166 4478 2347 4547 plicati
2391 4479 2443 4532 in
2487 4477 2645 4533 bouis
2695 4477 2837 4547 ejus,
2876 4476 3219 4532 elllorescent
3245 4476 3296 4529 iu
3334 4473 3491 4529 atriis
3518 4489 3640 4543 qua:
3670 4473 3754 4528 in-

2174 4570 2517 4625 habitabant.
2567 4570 2881 4626 tSanctum
2926 4582 3011 4624 est
3066 4568 3322 4637 templum
3382 4579 3555 4632 tuum,
3589 4567 3754 4621 mira—

2170 4661 2279 4716 bile
2308 4662 2363 4717 iu
2399 4661 2639 4730 justitia.
2672 4679 2693 4714 ι
2722 4660 2978 4717 Christus
3011 4675 3135 4715 cum
3171 4659 3430 4729 templum
3465 4660 3536 4714 sit
3577 4654 3756 4713 Patris

2171 4754 2266 4824 qui
2305 4754 2359 4808 iu
2389 4755 2508 4825 ipso
2536 4761 2720 4821 est,et
2746 4763 2973 4809 sanctus
3003 4762 3057 4808 et
3085 4752 3431 4808 admirabilis
3457 4752 3511 4806 in
3539 4750 3753 4821 justitia

2171 4846 2411 4903 exsistit.
2441 4846 2562 4902 Non
2616 4848 2873 4903 convenit
2917 4857 3101 4901 autem
3152 4847 3294 4901 istud
3344 4846 3643 4900 secundum
3689 4843 3759 4897 de

2170 4940 2417 4997 sensibili
2452 4940 2655 5011 templo
2709 4940 2838 4996 dici.
2875 4940 3049 5008 «Spes
3095 4939 3342 4994 omnium
3399 4939 3589 4992 linium
3642 4945 3755 4989 ter-

2170 5048 2265 5100 rae,
2297 5052 2317 5087 ι
2355 5044 2462 5089 etc.
2496 5033 2623 5091 "330
2653 5034 2862 5097 dicens,
2892 5049 3014 5087 cum
3048 5032 3233 5103 procul
3268 5034 3482 5088 abesset
3522 5046 3551 5084 tt
3594 5030 3755 5096 mari,

2170 5118 2507 5182 vaticinatur
2534 5128 2601 5183 de
2628 5127 2695 5182 iis
2721 5128 2810 5197 qui
2843 5128 3030 5197 procul
3075 5127 3145 5181 ab
3180 5127 3296 5195 ipso
3341 5133 3552 5180 stantes
3597 5121 3761 5175 undis

2171 5221 2477 5290 agitantur,
2513 5221 2598 5274 vel
2650 5222 2714 5274 de
2757 5222 2821 5275 iis
2853 5223 2944 5291 qui
2997 5224 3048 5275 in
3076 5219 3419 5291 gravissimis
3448 5215 3758 5271 alllictioui-

2173 5310 2274 5365 bus
2308 5320 2624 5375 versantur,
2670 5322 2834 5379 atque
2872 5312 3059 5366 dicunt
3097 5329 3112 5365 ;
3157 5329 3175 5361 ι
3220 5307 3347 5363 Vetti
3397 5306 3453 5361 in
3504 5303 3755 5359 altitudi-

2174 5416 2297 5457 nem
2334 5402 2501 5457 maris
2524 5404 2588 5456 ⁸⁵.
2614 5423 2632 5455 ι

2244 5492 2377 5552 lntD.
2412 5493 2740 5549 Inhubitubit
2795 5495 2847 5547 in
2901 5493 3054 5545 atriis
3096 5489 3228 5557 luis,
3265 5499 3370 5546 ctc.
3414 5486 3628 5544 Atrium
3654 5486 3761 5540 Do,-

550 5622 594 5656 ⁸³
631 5621 817 5676 Matth.
842 5623 1031 5689 xx,l6.
1105 5623 1151 5657 ⁸⁸
1188 5625 1333 5681 ΡεειΙ.
1364 5643 1471 5694 xm,
1507 5626 1592 5683 11.
1665 5629 1712 5662 ⁸⁸
1742 5628 1904 5687 Joan.
1949 5649 2056 5704 xw,

2223 5634 2270 5666 ⁸⁷⁵
2294 5633 2437 5689 Psal.
2481 5647 2671 5696 LXVIII,
2697 5629 2749 5683 5.

550 5741 663 5876 €50)
691 5741 899 5806 Εὐθεῖς
920 5741 993 5810 τῇ
1017 5744 1247 5810 καρδίῃ.
1274 5756 1380 5797 etc.
1414 5745 1617 5802 Catena
1648 5747 1916 5807 Cordcrii.

570 5812 662 5876 3|)
708 5813 808 5864 Ἐν
836 5814 1007 5876 Σιών,
1034 5829 1138 5867 utr.
1179 5815 1395 5868 Eadem.

570 5812 662 5877 3|)
708 5813 808 5864 Ἐν
836 5814 1007 5877 Σιών,
1034 5829 1138 5867 utr.
1179 5815 1395 5868 Eadem.

554 5882 1084 5952 (ὅςέμίὶσῑίκουσον,
1123 5899 1229 5942 ctc.
1272 5885 1495 5944 Eadem.

2243 5754 2355 5821 (35)
2385 5754 2557 5820 Λόγοι
2585 5751 2846 5818 ἀνόμων.
2876 5761 2980 5802 etc.
3021 5750 3239 5806 Eadem.

2247 5826 2356 5897 [51)
2385 5827 2451 5879 Ei
2484 5821 2793 5893 μακάριος,
2827 5831 2931 5876 etc.
2968 5821 3185 5876 tndem.
