4110 6450
387 468 522 521 “97

398 679 484 728 Ἐν
528 674 723 745 Ἡσαΐᾳ
752 674 863 743 (Η)
893 673 1044 742 φησί·
1079 691 1097 723 ι
1141 671 1360 742 Πνεῦμα
1394 672 1600 742 Κυρίου
1645 674 1729 724 ἐπ’
1757 673 1876 742 ἐμὲ,
1904 667 1966 724 οὗ

382 769 567 820 ἕνεκεν
594 765 778 836 ἐχρισέ
809 783 896 834 με,
915 765 1372 832 εὐαγγελίσασθαι
1397 767 1629 834 πτωχοῖς
1658 764 1967 818 ἁπέσταλκέ

387 876 478 928 με,
529 857 781 911 ίάσασῦαι
820 859 947 919 τοὺς
1008 857 1507 927 συντετριμμένους
1566 858 1665 928 τὴν
1718 857 1966 926 καρδίαν,

384 949 617 1020 κηρύξαι
649 948 1016 1018 αἰχμαλώτοις
1046 947 1261 1017 ἄφεσιν,
1292 949 1386 1000 καὶ
1411 949 1629 1017 τυφλοῖς
1650 949 1966 1020 ἀνάϐλεψιν,

386 1044 478 1096 καὶ
499 1041 722 1095 καλέσαι
745 1041 990 1093 ἐνιαυτὸν
1030 1039 1235 1108 Κυρίου
1267 1039 1474 1094 δεκτόν.
1507 1059 1524 1091 ι
1559 1040 1831 1095 Ἐνιαυτὸν
1856 1040 1967 1095 τοί-

382 1151 479 1187 νυν
502 1132 868 1203 χρηστότητος
881 1132 973 1184 τὸν
1007 1131 1143 1202 μετὰ
1169 1131 1269 1203 τὴν
1293 1131 1708 1203 ἐνανθρώπησιν
1739 1132 1834 1186 τοῦ
1857 1134 1969 1186 Σω-

381 1226 547 1294 τῆρος
587 1223 841 1293 ὀνομάζει
874 1223 1085 1293 χρόνον,
1118 1223 1194 1287 ὼς
1230 1223 1359 1292 μίαν
1403 1222 1553 1293 αύτῷ
1589 1225 1970 1295 καρποφορίαν

382 1317 748 1388 προσάγοντα.
786 1315 974 1385 Τούτῳ
1002 1314 1100 1386 τὴν
1151 1314 1403 1381 εὐλογίαν
1434 1317 1462 1368 6
1491 1317 1778 1386 προφήτης
1806 1316 1973 1388 ἐπηύ.

383 1409 532 1474 ξατο.

453 1499 892 1565 Πιανθήσονται
920 1500 1014 1583 ⁸τὰ
1050 1497 1234 1566 ὡραῖα
1293 1497 1402 1566 τῆς
1441 1497 1688 1568 ἐρήμου,
1724 1517 1777 1553 κ.
1826 1517 1876 1553 τ.
1921 1499 1968 1553 ἐ.

367 1593 780 1664 ,Ἐπιφανείσης
813 1592 928 1661 (45)
973 1594 1072 1663 τῆς
1105 1593 1492 1664 χρηστότητος,
1545 1594 1752 1664 ἔρημος
1810 1594 1971 1648 δώσει

382 1685 612 1756 καρπὸν,
661 1687 757 1738 καὶ
794 1687 845 1739 οἱ
904 1685 1103 1755 βουνοί,
1151 1687 1236 1755 ἐφ’
1265 1679 1342 1740 ὧν
1375 1687 1532 1741 ἔθυον
1562 1688 1803 1759 δαίμοσι,
1846 1691 1972 1754 τοὺς

360 1773 728 1840 ,εὐαγγελικὸν
761 1775 1040 1844 μετιόντας
1072 1775 1420 1840 ὑποδέξονται
1449 1777 1584 1847 βίον,
1618 1780 1972 1850 περίϐλεπτοι

375 1864 465 1918 διὰ
481 1864 702 1928 τούτους
735 1866 1036 1937 γενόμενιι.
1073 1870 1182 1921 Καὶ
1206 1868 1300 1922 νῦν
1333 1869 1391 1922 δέ
1425 1869 1667 1936 ἅπαντες
1695 1873 1831 1944 πρὸς
1847 1875 1972 1938 τοὺς

377 1955 476 2017 τὰς
509 1955 814 2026 ἀκρωρείας
845 1957 1242 2028 κατειληφότας
1273 1959 1554 2031 τρέχουσι.

449 2046 558 2100 Καὶ
598 2051 656 2101 αὶ
706 2048 984 2116 κοιλάδες
1027 2051 1434 2119 πληθυνοῦσι,
1466 2070 1520 2105 κ.
1555 2070 1606 2108 τ.
1643 2055 1692 2108 ἐ.
1737 2055 1861 2108 Ἐπὶ
1915 2056 1978 2109 τὸ

387 2138 591 2206 βέλτιον
633 2138 768 2208 (16),
819 2141 974 2210 φησὶ,
1037 2142 1442 2212 μεταϐαλοῦσαι
1473 2145 1530 2198 αἱ
1558 2145 1823 2212 κοιλάδες,
1883 2148 1978 2201 καὶ

383 2227 770 2298 πληθυνθεῖσαι
806 2229 1012 2301 νοητῶν
1047 2231 1298 2303 καρπῶν,
1326 2233 1565 2299 ἐκτενῶς
1601 2253 1683 2289 σοι
1715 2238 1842 2301 τοὺς
1874 2236 1976 2308 ὓμ-

367 2337 501 2394 Ανους
527 2320 933 2391 ἀναπέμψουσι.

946 2509 1238 2568 ΨΛΛΜΟΣ
1273 2513 1392 2568 ΞΕ’.

462 2598 822 2662 Ἁλαλιὶξατε
849 2600 930 2667 τῷ
960 2601 1104 2667 Θεῷ,
1144 2621 1199 2660 κ.
1233 2621 1285 2659 τ.
1324 2606 1372 2658 ἐ.
1420 2605 1579 2662 ’Λλλὰ
1608 2609 1703 2662 καὶ
1737 2608 1848 2681 (17)
1872 2611 1971 2683 τῆς

379 2689 516 2761 μετὰ
553 2691 840 2759 μετάνοιαν
875 2693 1226 2759 ἀναστάσεως
1261 2697 1396 2749 πᾶσι
1430 2699 1803 2771 προκειμένης
1835 2701 1973 2756 πάν-

375 2795 465 2842 τες
508 2779 946 2845 ἁλαλαζέτωσαν·
984 2783 1122 2854 πρὸς
1152 2784 1383 2839 ἕκαστον
1415 2787 1524 2859 γὰρ
1553 2788 1793 2856 λέγεται·
1822 2806 1842 2840 ι
1860 2789 1974 2857 Μή-

376 2887 427 2922 τι
458 2871 487 2922 6
520 2871 702 2923 πεσὼν
747 2872 848 2924 οὐκ
882 2872 1203 2939 ἀνίσταται;
1247 2895 1265 2926 ι
1306 2877 1415 2929 Καὶ
1443 2877 1580 2947 πρὸς
1615 2879 1835 2933 ἃπασαν
1871 2881 1972 2953 τὴν

359 2959 486 3026 ,ἀπὸ
516 2961 625 3013 τῶν
658 2961 827 3015 ἐθνῶν
869 2963 1194 3034 Ἐκκλησίαν
1224 2967 1253 3017 6
1286 2965 1489 3036 Κύριος
1531 2967 1703 3036 λέγει·
1736 2988 1756 3020 ι
1810 2970 1970 3025 Ἀνά-

376 3069 497 3116 στα,
519 3051 638 3105 ἐλθέ
663 3053 696 3122 ἡ
718 3051 942 3121 πλησίον
969 3072 1090 3124 μου.
1126 3073 1144 3105 ι
1189 3056 1248 3107 Ὁ
1281 3055 1390 3127 γὰρ
1414 3057 1653 3120 ἀναστὰς
1685 3057 1772 3111 διὰ
1807 3075 1972 3128 μετα.

1333 461 1638 516 SELECTA
1684 462 1748 516 IN
1786 461 2128 518 I’SALMOS.
2168 494 2234 504 —
2275 462 2470 516 l'SAL
2513 461 2672 516 ων.

457 582 828 652 Εὐλογὴσεις
863 581 966 634 τὸν
995 579 1299 648 στέφανον
1325 579 1426 632 τοῦ
1453 580 1752 643 ἐνιαυτοῦ,
1775 598 1827 632 κ.
1847 597 1897 632 τ.
1919 581 1962 631 ἐ.
2004 590 2043 638 Λ

3514 467 3536 520 1
3549 466 3652 521 498

2151 580 2312 634 Vens.
2357 581 2444 634 12.
2489 581 2772 634 Benedires
2815 597 3025 636 coronae
3073 581 3222 646 anni,
3270 590 3378 636 etc.
3421 582 3474 635 lu
3513 582 3653 635 Isaia

2074 670 2206 724 dicit
2233 672 2278 701 ⁸⁸
2306 687 2319 724 :
2359 690 2377 721 ι
2410 672 2644 738 Spiritus
2676 673 2890 724 Domini
2927 688 3091 740 super
3124 687 3230 737 me,
3262 683 3481 742 propter
3509 673 3654 741 quod

2073 764 2234 816 unxit
2274 779 2381 827 me,
2419 763 2800 832 evangelizare
2831 766 3166 832 pauperibus
3213 766 3360 818 misit
3412 779 3518 828 me,
3568 780 3654 817 sa-

2067 871 2206 910 nare
2253 856 2528 910 contritos
2579 857 2763 919 corde,
2831 857 3130 920 praedicare
3182 857 3414 925 captivis
3465 856 3656 909 remis-

2072 949 2308 1013 sionem,
2334 957 2388 1002 et
2421 948 2585 1002 czncis
2623 948 2820 1012 visum,
2867 957 2922 1001 et
2962 963 3162 1002 vocare
3201 963 3404 1002 annum
3442 947 3653 1002 Domini

2071 1050 2375 1110 acceptum.
2412 1059 2431 1092 ι
2470 1042 2689 1094 Annum
2735 1041 2900 1110 igitur
2930 1041 3281 1111 benignitatis
3327 1051 3483 1095 vocat
3519 1051 3656 1095 temo

2073 1150 2174 1205 pus
2207 1142 2332 1203 post.
2373 1132 2673 1187 Salvatoris
2721 1133 2894 1186 nostri
2943 1132 3393 1194 lncaruationem,
3454 1132 3656 1201 quippe

2073 1227 2220 1296 quod
2263 1227 2556 1294 quamdam
2609 1226 2914 1279 ubertatem
2953 1224 3052 1294 ipsi
3077 1223 3288 1281 all‘erat.
3318 1223 3454 1280 lluic
3492 1224 3656 1280 bene-

2073 1319 2365 1375 dictionem
2396 1317 2662 1388 propheta
2693 1318 3043 1387 precabatur.

2148 1500 2308 1555 Vens.
2353 1499 2441 1556 15.
2488 1497 2838 1570 Pinguesceut
2873 1499 3105 1568 speciosa
3142 1499 3354 1562 deserti,
3389 1505 3498 1553 etc.
3553 1496 3667 1551 "ac.

2073 1592 2408 1662 benignitate
2449 1593 2756 1656 exoriente,
2789 1593 3068 1646 desertum
3113 1592 3264 1646 dabit
3300 1589 3561 1654 fructum,
3612 1596 3667 1638 et

2075 1684 2265 1752 colles,
2330 1685 2384 1738 in
2444 1683 2644 1754 quibus
2712 1685 2944 1740 litabant
2991 1685 3363 1751 daemonibus,
3413 1699 3509 1738 eos
3561 1681 3656 1750 qui

2075 1778 2442 1847 evangelicam
2475 1778 2640 1832 vitam
2682 1777 2909 1840 ducunt,
2948 1776 3256 1845 excipient,
3314 1786 3366 1832 et
3417 1775 3660 1830 illustres

2079 1885 2174 1938 per
2207 1871 2302 1926 hos
2331 1869 2480 1926 ﬁent.
2530 1869 2669 1935 Quin
2707 1867 2875 1924 etiam
2925 1869 3083 1922 modo
3120 1882 3314 1924 omnes
3363 1873 3660 1924 accurrunt

2002 1933 2046 1990 Β
2076 1963 2143 2014 ad
2175 1975 2271 2014 eos
2293 1960 2385 2029 qui
2423 1959 2692 2013 montium
2721 1959 3038 2027 crepidines
3065 1968 3427 2030 occuparunt.

2149 2051 2316 2109 Vsus.
2359 2052 2446 2107 14.
2482 2049 2549 2104 Et
2590 2050 2757 2109 valles
2792 2051 3163 2113 abundabunt,
3192 2060 3299 2104 etc.
3331 2049 3527 2114 Valles,
3573 2048 3659 2101 in-

2073 2147 2212 2217 quit,
2251 2147 2304 2200 iu
2341 2145 2537 2200 melius
2584 2152 2826 2207 mutatae,
2868 2151 2923 2197 et
2957 2142 3339 2212 spiritualibus
3389 2140 3658 2198 fructibus

2075 2237 2475 2307 multiplicatae,
2513 2233 2725 2304 prolixe
2753 2237 2850 2291 tibi
2877 2235 3064 2290 laudes
3095 2232 3348 2290 ollerent.

2510 2515 2677 2588 ἠε
2715 2512 3036 2569 PSALMUS
3069 2511 3246 2568 va.

2154 2613 2320 2668 Vens.
2360 2612 2417 2665 9.
2457 2608 2698 2663 Jubilate
2744 2607 2874 2673 Deo,
2920 2616 3032 2661 etc.
3083 2605 3190 2660 Sed
3232 2613 3288 2658 ct
3327 2610 3448 2672 post
3489 2605 3665 2671 pacul-

2079 2708 2310 2761 teutiam
2377 2702 2786 2760 resurrectione
2840 2699 3098 2754 omnibus
3147 2694 3426 2764 proposita
3472 2706 3667 2749 omnes

2069 2795 2308 2865 jubileut
2349 2810 2366 2858 ;
2405 2794 2473 2847 ad
2508 2803 2954 2860 unumquemque
2983 2787 3129 2842 enim
3176 2786 3421 2840 dicitur:
3458 2803 3477 2836 ι
3509 2783 3662 2837 Νιιιι-

2071 2888 2206 2957 quid
2242 2885 2334 2953 qui
2375 2883 2598 2947 cecidit,
2648 2897 2754 2936 non
2811 2878 3050 2946 resurgit
3075 2878 3168 2930 3’?
3199 2896 3218 2928 ι
3255 2876 3320 2930 Et
3343 2875 3411 2930 ad
3442 2875 3668 2929 univer-

2079 2993 2197 3034 sam
2233 2974 2532 3032 Ecclesiam
2567 2987 2634 3027 ex
2665 2970 2921 3038 gentibus
2956 2967 3224 3021 Dominus
3251 2966 3330 3019 ait
3359 2987 3372 3021 :
3409 2984 3427 3016 ι
3465 2965 3663 3033 Surge,

2078 3065 2200 3120 veni
2230 3061 2481 3132 proxima
2515 3073 2636 3113 mea
2665 3057 2734 3110 π.
2764 3075 2784 3109 ι
2816 3056 2916 3122 Qui
2947 3055 3094 3110 enim
3138 3069 3236 3124 per
3280 3053 3661 3123 pwuiteutiam

375 3145 524 3207 νοίας
553 3145 652 3196 οὐκ
683 3143 800 3196 ἐστι
830 3143 1022 3215 πόρρω
1050 3145 1308 3216 Χριστοῦ.
1345 3147 1650 3218 Γενομένης
1679 3148 1737 3200 δὲ
1763 3149 1862 3219 τῆς
1913 3152 1971 3206 ἐν

2077 3154 2338 3222 resurgit,
2375 3164 2484 3205 non
2511 3157 2596 3204 est
2623 3147 2864 3217 procula
2899 3146 3139 3201 Christo.
3179 3145 3344 3199 Facta
3392 3156 3573 3199 autem
3608 3145 3662 3206 iu

373 3234 676 3304 ἀλαλαγμῷ
695 3233 837 3287 κατὰ
859 3235 968 3287 τῶν
995 3235 1330 3306 ἡττωμένων
1361 3238 1567 3308 φωνῆς,
1599 3241 1648 3292 oi.
1669 3239 1970 3309 ἐλευθερω-

375 3327 559 3388 Οέντες
591 3324 1016 3397 προστάττονται
1034 3327 1112 3397 τῷ
1135 3328 1235 3398 τῆς
1262 3328 1420 3400 νίκης
1447 3331 1607 3401 αἰτίῳ
1634 3331 1802 3401 ψάλαι
1827 3333 1966 3404 Θεῷ.

377 3417 544 3482 Δόξαν
587 3417 646 3470 δὲ
692 3417 906 3470 δίδωσιν
938 3417 1140 3472 αἰνέσει
1191 3419 1359 3473 αὑτοῦ
1396 3422 1425 3474 6
1467 3420 1606 3491 ἔχων
1650 3425 1716 3494 τῇ
1767 3424 1970 3477 αἰνέσει

376 3509 577 3578 πρᾶξιν
608 3508 960 3580 κατάλληλον·
993 3531 1012 3565 ι
1070 3514 1196 3577 Τοῖς
1249 3510 1357 3582 γὰρ
1383 3511 1566 3566 εὺοέσι
1601 3515 1801 3584 πρέπει
1831 3517 1972 3569 αἴνε-

377 3617 483 3663 σις·
531 3621 547 3651 ι
585 3602 667 3654 διὸ
700 3601 966 3655 κωλύεται
992 3603 1020 3654 6
1049 3601 1252 3670 φαῦλος
1278 3603 1438 3660 τοῦτο
1467 3607 1660 3658 ποιεῖν·
1696 3626 1714 3658 ι
1752 3608 1852 3660 ούκ
1886 3607 1974 3662 δν-

376 3707 463 3754 τος
498 3691 699 3762 ὡραίου
727 3693 877 3747 αἴνου
910 3695 966 3746 ἐν
988 3693 1216 3764 στόματι
1251 3694 1600 3766 ἁμαρτωλοῦ.
1646 3715 1665 3747 ι

449 3785 672 3837 Εἴπατε
705 3783 782 3849 τῷ
800 3785 944 3852 Θεῷ·
961 3780 1056 3852 Ὠς
1071 3784 1310 3854 φοϐερὰ,
1347 3802 1404 3840 κ.
1432 3803 1485 3840 τ.
1517 3786 1566 3841 ἐ.
1615 3786 1673 3840 '0
1707 3785 1829 3840 ίδὼν
1859 3787 1972 3858 (48)

378 3875 641 3945 διαφορὰν
673 3874 768 3926 τοῦ
816 3875 1241 3942 ἀναγγείλαντος
1268 3874 1338 3928 τὰ
1365 3875 1504 3946 ἔργα
1535 3876 1630 3929 τοῦ
1668 3876 1804 3930 Θεοῦ
1837 3877 1974 3948 πρὸς

378 3967 457 4026 τὸ,
507 3987 524 4017 ι
563 3967 671 4021 Καὶ
702 3966 773 4019 τὰ
806 3968 1089 4038 ποιήματα
1122 3965 1289 4020 αὑτοῦ
1327 3969 1589 4036 συνῆκαν·
1633 3987 1652 4019 ι
1682 3969 1973 4039 εἰρημένον

378 4061 436 4110 ἐν
460 4058 738 4129 ἑξηκοστῷ
774 4058 942 4129 τρίτῳ
979 4057 1196 4128 ψαλμῷ-
1229 4057 1324 4112 καὶ
1355 4057 1474 4121 πῶς
1503 4059 1719 4128 εἴρηται
1749 4060 1808 4110 ἐν
1840 4060 1972 4112 ἐκα-

377 4152 552 4223 τοστῷ
583 4151 744 4222 ἕκτῳ·
806 4170 824 4202 ι
864 4153 928 4206 Ol.
979 4150 1399 4214 καταϐαίνοντες
1453 4152 1532 4214 είς
1589 4150 1862 4205 θάλασσαν
1914 4154 1972 4204 ἐν

380 4243 608 4307 πλοίοις,
652 4243 931 4306 ποιοῦντες
978 4241 1242 4313 ἐργασίαν
1271 4243 1329 4294 ἐν
1368 4241 1524 4295 ῦδασι
1559 4241 1797 4305 πολλοῖς,
1821 4242 1974 4295 αὐτοὶ

382 4334 520 4389 εἶδον
558 4337 626 4390 τὰ
656 4336 794 4408 ἔργα
829 4337 1058 4407 Κυρίου,
1085 4337 1180 4388 καὶ
1218 4335 1289 4388 τὰ
1314 4335 1596 4406 θαυμάσια
1616 4336 1783 4390 αὐτοῦ
1817 4338 1875 4390 ἐν
1896 4337 1975 4407 τῷ

386 4427 551 4498 βυθῷ·
598 4448 615 4478 ι
653 4427 841 4496 ὄψεται
877 4428 993 4490 πῶς
1013 4427 1094 4479 δεῖ
1121 4426 1299 4494 λέγειν
1327 4425 1404 4496 τῷ
1424 4427 1562 4497 Θεῷ·
1599 4445 1618 4477 ι
1655 4427 1740 4490 Ὠς
1769 4427 1975 4498 φοϐερὰ

2064 3243 2386 3314 jubilatioue
2407 3249 2599 3294 contra
2620 3238 2865 3294 devictos
2886 3251 3042 3302 voce,
3071 3236 3126 3290 hi
3149 3237 3240 3304 qui
3273 3235 3486 3291 liberati
3521 3245 3652 3289 sunt

2068 3336 2327 3406 jubentur
2373 3331 2484 3386 Deo
2548 3330 2792 3402 victoria:
2841 3328 3052 3384 auctori
3117 3329 3382 3397 psalmum
3447 3327 3654 3394 dicere,

2074 3427 2246 3482 Porro
2277 3423 2505 3493 gloriam
2537 3420 2630 3475 dat
2669 3420 2811 3474 laudi
2845 3419 2984 3488 ejus,
3015 3419 3106 3490 qui
3137 3419 3359 3474 exhibet
3385 3420 3659 3474 actionem

2074 3515 2218 3570 laudi
2260 3523 2727 3569 rousentaueam:
2769 3526 2788 3560 ι
2831 3509 3026 3564 Rectos
3061 3510 3204 3564 enim
3258 3510 3414 3565 decet
3447 3510 3660 3564 collau-

2069 3587 2224 3662 ‘datio
2251 3605 2328 3658 νίς
2353 3623 2370 3657 ι
2408 3605 2612 3658 idcirco
2637 3599 2958 3672 prohibetur
2980 3599 3263 3668 improbus
3282 3616 3402 3654 eam
3427 3601 3650 3672 facere;

2081 3717 2100 3750 ι
2139 3698 2267 3766 quia
2301 3711 2408 3752 non
2437 3704 2522 3749 est
2547 3693 2798 3762 speciosa
2828 3692 2944 3746 laus
2980 3693 3033 3748 iu
3065 3706 3160 3747 ore
3191 3692 3494 3761 peccatoris
3519 3694 3586 3744 θ’.
3625 3711 3645 3744 ι

2153 3789 2318 3844 Vsus.
2360 3786 2414 3842 ⁸5.
2439 3783 2612 3841 Dicite
2630 3780 2765 3838 Deo:
2793 3783 2963 3848 Quam
2995 3784 3283 3848 terribilia,
3313 3792 3420 3858 etc.
3450 3782 3550 3848 Qui
3581 3787 3657 3835 vi-

2079 3882 2223 3936 derit
2258 3877 2623 3934 dillerentiam
2654 3875 2773 3945 ejus
2799 3875 2892 3944 qui
2928 3874 3220 3929 annuntiat
3249 3889 3414 3944 opera
3460 3874 3552 3928 Dei
3593 3875 3662 3928 ad

2078 3973 2230 4038 illud,
2266 3989 2284 4023 ι
2321 3971 2388 4026 Et
2435 3969 2582 4023 facta
2638 3966 2758 4038 ejus
2818 3967 3204 4022 intellexerunt
3266 3983 3283 4022 :
3331 3985 3350 4019 ι
3395 3967 3539 4036 quod
3576 3967 3661 4020 di-

2082 4076 2233 4121 ctum
2264 4073 2348 4119 cst
2385 4062 2439 4117 iu
2474 4061 2685 4132 psalmo
2714 4059 3055 4129 sexagesimo
3097 4057 3262 4113 tertio
3294 4057 3341 4090 ⁸³
3386 4075 3402 4113 :
3437 4068 3491 4113 et
3523 4073 3661 4126 quo-

2077 4158 2236 4214 modo
2266 4156 2467 4210 dictum
2493 4153 2657 4210 estin
2687 4152 2987 4206 centesimo
3020 4157 3175 4206 sexto
3201 4149 3289 4206 ’δι
3343 4167 3363 4202 ι
3419 4150 3521 4217 Qui
3563 4151 3661 4205 de-

2072 4231 2350 4307 scendunt
2369 4248 2422 4301 in
2455 4260 2604 4300 mare
2627 4245 2679 4298 in
2707 4244 2964 4310 navibus,
2995 4243 3260 4299 facientes
3289 4243 3662 4311 operationem

2077 4345 2132 4399 itt
2165 4343 2324 4412 aquis
2348 4340 2556 4406 multis,
2591 4339 2694 4408 ipsi
2727 4338 2980 4393 viderunt
3005 4352 3169 4406 opera
3208 4335 3444 4398 Domini,
3468 4343 3523 4389 ct
3557 4335 3662 4389 mi-

2083 4437 2272 4493 rabilia
2303 4433 2419 4503 eius
2457 4434 2509 4489 in
2554 4431 2851 4502 profundo,
2890 4449 2910 4482 ι
2950 4429 3158 4484 videbit
3192 4427 3466 4499 quomodo
3496 4440 3660 4494 opor-

383 4519 450 4571 τὰ
483 4518 620 4589 ἔργα
653 4535 768 4572 σου·
796 4537 814 4570 ι
840 4519 960 4588 οὐχὶ
985 4519 1063 4583 δὲ,
1097 4537 1115 4569 ι
1153 4517 1365 4588 Φοϐερὰ
1395 4517 1463 4571 τὰ
1493 4518 1775 4589 ποιήματά
1805 4535 1918 4573 σου.
1952 4537 1972 4571 ι

2084 4538 2196 4585 teat
2222 4498 2606 4592 Deovdicereﬁ
2639 4523 2815 4589 Quam
2845 4522 3116 4576 terribilia
3148 4498 3276 4575 sunt
3304 4533 3466 4588 opera
3504 4528 3617 4583 tua,
3639 4534 3658 4570 ι

386 4613 494 4664 Καὶ
540 4612 649 4683 γὰρ
681 4612 750 4664 τὰ
787 4611 925 4684 ἔργα
962 4611 1164 4682 Κυρίου
1209 4610 1422 4664 εῖδοσαν
1480 4612 1527 4664 oi
1555 4611 1978 4676 καταϐαίνοντες

383 4704 464 4767 εἰς
494 4705 769 4757 θάλασσαν
804 4705 860 4756 ἐν
887 4705 1113 4769 πλοίοις,
1139 4705 1440 4774 ἐπιτήδειοι
1477 4705 1620 4758 κατὰ
1649 4705 1807 4758 τοῦτο
1827 4706 1980 4771 ὄντες

387 4797 516 4849 ίδείν
547 4796 616 4849 τὰ
649 4797 857 4868 φοϐερὰ
895 4797 1033 4868 ἔργα
1072 4798 1299 4869 Κυρίου·
1342 4798 1411 4852 τὸ.
1429 4797 1538 4870 γὰρ
1575 4797 1815 4866 ἀνάλογα
1866 4801 1980 4863 τοῖς

385 4894 652 4961 ποιήμασι
707 4891 914 4962 Κυρίου
966 4891 1248 4963 θαυμάσια
1297 4891 1466 4950 αὐτοῦ
1499 4893 1558 4949 ἐν
1586 4892 1666 4963 τῷ
1709 4892 1858 4964 βυοῴ
1880 4893 1980 4950 οὐκ

385 4983 501 5036 ἐστι
528 4984 756 5056 φοϐερά.

373 5106 384 5136 ι
458 5075 634 5129 Πᾶσα
685 5078 724 5145 ἡ
778 5075 854 5146 γῆ
899 5076 1524 5145 προσκυνησάτωσαν,
1580 5095 1632 5132 κ.
1675 5095 1728 5135 τ.
1772 5079 1819 5133 ἐ.
1870 5078 1979 5133 Καὶ

379 5159 537 5238 ’.ταρὰ
571 5166 648 5238 τῷ
703 5169 1010 5238 ’Λποστόλῳ
1039 5167 1148 5239 (49)
1188 5168 1404 5240 πρῶτον
1453 5189 1472 5220 ι
1514 5169 1905 5241 προσεύξομαι,
1954 5189 1972 5222 ι

386 5255 637 5328 δεύτερον
664 5278 681 5311 ι
718 5258 896 5328 ψαλῶ.
936 5279 954 5312 ι
990 5259 1336 5330 Ἐπιστήσεις
1363 5259 1443 5324 δὲ,
1477 5262 1526 5313 εἰ
1556 5261 1742 5331 ἐτερῦν
1762 5263 1876 5314 ἐστι
1895 5261 1978 5325 τὸ,

395 5371 412 5402 ι
452 5351 792 5405 Ψαλάτωσάν
826 5369 928 5414 σοι,
973 5370 990 5401 ι
1030 5351 1124 5403 καὶ
1149 5349 1334 5420 ἕτερον
1365 5352 1448 5416 τὸ,
1480 5371 1496 5402 ι
1524 5353 1579 5405 Ψ
1581 5352 1869 5407 αλάτωσαν
1901 5352 1981 5423 τῷ

388 5442 611 5512 ὀνόματί
649 5459 765 5495 σου·
809 5462 827 5493 ι
851 5443 879 5494 6
902 5441 958 5494 δὲ
993 5441 1287 5512 Σύμμαχος
1314 5441 1564 5508 ἐξέδωκε·
1598 5462 1616 5494 t
1655 5443 1861 5506 Πάντες
1891 5443 1983 5495 ἐπὶ

463 5576 508 5607 ⁸⁸
533 5575 635 5629 lsa.
669 5589 780 5632 ut.
812 5573 929 5627 1-5.

392 5643 436 5674 9⁵
473 5646 602 5700 ibid.
640 5661 748 5706 CVI,
779 5644 870 5712 9.5,
911 5643 1004 5698 21.
1078 5644 1318 5702 9"Hier.
1357 5663 1464 5713 stv,
1500 5647 1586 5700 15.

466 5752 581 5824 (ll)
625 5758 719 5808 Ἕν
754 5752 988 5821 Ἡσαΐᾳ,
1032 5766 1136 5811 etc.
1169 5758 1370 5812 Catena
1403 5757 1669 5813 Cot'det'ii.

467 5828 583 5894 (liii)
627 5829 1071 5894 Ἑπιφαγείωης,
1102 5839 1208 5882 ett‘.
1249 5829 1470 5881 Eadem.

469 5900 580 5964 (to)
627 5898 754 5954 Ἐπεὶ
795 5898 853 5951 τε
883 5897 1152 5964 βέλτιον,
1179 5909 1282 5955 etc.
1323 5898 1542 5954 Eadem.

1008 5575 1052 5605 ⁸⁸
1082 5574 1221 5627 Psal.
1252 5590 1339 5638 ιι,
1367 5577 1420 5630 9.
1497 5575 1542 5607 9°
1567 5575 1724 5632 Cant.
1753 5592 1812 5644 ιι,
1849 5574 1936 5635 10.

2094 5576 2238 5634 Psal.
2275 5591 2450 5644 mut,
2476 5575 2529 5631 1.
2607 5575 2651 5606 θ’
2681 5573 2845 5628 Eccli.
2874 5587 2964 5638 xv,
2987 5569 3039 5625 9.

2078 4633 2418 4690 nequaquam
2473 4631 2626 4682 vero,
2677 4632 2696 4666 ι
2750 4613 3040 4669 Terribilia
3097 4623 3227 4667 sunt
3276 4613 3422 4666 facta
3481 4620 3595 4664 tua.
3639 4627 3660 4661 ι
3705 4593 3718 4610 ’

2079 4710 2294 4767 Etenim
2329 4724 2494 4780 opera
2542 4707 2754 4765 Domini
2782 4707 3058 4770 viderunt,
3089 4705 3181 4774 qui
3217 4703 3561 4758 descemlunt
3607 4701 3660 4757 itt

2080 4818 2235 4858 mare
2263 4808 2315 4856 tn
2347 4801 2605 4869 navibus,
2652 4803 2763 4874 apti
2791 4799 3087 4856 secundum
3139 4798 3241 4851 hoe
3275 4795 3465 4849 videre
3499 4794 3662 4848 terri-

2081 4893 2210 4949 bilia
2244 4908 2411 4963 opera
2463 4892 2678 4948 Domini
2730 4907 2906 4948 :nam
2958 4889 3188 4959 analoga
3247 4887 3408 4941 factis
3457 4882 3668 4940 Domini

2088 4982 2358 5037 mirabilia
2387 4980 2505 5050 ejus
2537 4981 2592 5037 in
2625 4982 2895 5050 profundo
2926 4996 3032 5036 non
3060 4987 3188 5035 sunt
3233 4976 3525 5032 terribilia.

2161 5073 2326 5128 Vens.
2365 5074 2420 5131 tl.
2466 5073 2652 5128 Omnis
2681 5083 2829 5128 terra
2857 5073 3039 5126 adoret
3072 5080 3144 5136 te,
3171 5079 3281 5124 etc.
3309 5068 3484 5122 Etiam
3525 5063 3668 5133 apud

2085 5165 2412 5232 Apostolum
2453 5165 2499 5198 ³⁸⁵
2553 5165 2732 5234 primo
2781 5163 2901 5218 loco
2950 5160 3171 5231 ponitur
3226 5175 3246 5209 ι
3280 5157 3470 5220 orabo,
3509 5173 3530 5204 ι
3583 5167 3672 5206 se-

2089 5257 2270 5312 cundo
2324 5274 2344 5308 ι
2402 5256 2651 5328 psallam.
2701 5253 3005 5324 tJatstabis
3057 5261 3264 5314 autem,
3304 5259 3484 5301 utrum
3523 5243 3669 5297 aliud

2089 5355 2180 5421 sit,
2226 5371 2246 5404 ι
2281 5351 2481 5407 Psallat
2510 5350 2626 5415 tibi,
2670 5368 2688 5402 ι
2716 5357 2770 5403 et
2807 5347 2972 5410 aliud,
3025 5364 3045 5396 ι
3082 5343 3354 5398 Psalntum
3384 5341 3526 5391 dicat
3568 5354 3668 5389 uu-

2037 5470 2046 5478 -
2093 5445 2224 5498 mini
2253 5454 2386 5508 tuo;
2423 5461 2442 5494 ι
2481 5440 2841 5512 Symmachus
2887 5451 3018 5491 vero
3072 5433 3343 5502 exposuit,
3397 5447 3416 5479 ι
3467 5428 3672 5483 Omnes

3145 5567 3190 5600 9³
3211 5565 3355 5622 Psal.
3386 5579 3543 5632 thtt,
3583 5565 3669 5628 10,

2158 5753 2270 5822 (Π)
2313 5751 2488 5822 Ἀλλὰ
2512 5749 2631 5813 καί,
2659 5757 2775 5822 ctc_._
2799 5744 3020 5822 Eadem.

2157 5818 2270 5890 (ιδ)
2311 5823 2362 5873 '0
2397 5820 2560 5882 ἰδών,
2587 5828 2694 5890 (δυ’,
2739 5818 2959 5870 Eadem.

2159 5886 2278 5957 illi)
2300 5893 2408 5948 Καὶ
2442 5891 2600 5959 παρὰ
2638 5889 2716 5956 τῷ
2763 5892 2930 5944 ‘Anw
2946 5886 3116 5950 τόλῳ,
3159 5894 3261 5941 etc.
3299 5886 3528 5942 Eadem.
