4110 6456
488 447 626 504 1505
1914 444 2006 500 EX
2047 443 2111 500 Ol

2148 436 2351 499 IGENE
3635 434 3771 491 Ihm

480 570 596 623 fere
629 574 713 622 est
743 582 805 623 ac
833 567 1003 632 istud,
1054 584 1072 618 ι
1106 566 1256 621 Nihil
1304 566 1437 621 mihi
1486 565 1741 621 conscius
1782 579 1928 629 sum,
1969 564 2103 627 sed,

2175 582 2194 615 ι
2231 560 2396 618 Οὐδὲν
2425 556 2650 630 ἐμαυτῷ
2674 555 2912 619 σύνοιδα,
2947 554 3064 608 ἀλλ’
3083 553 3184 607 οὐκ
3218 553 3275 607 ἐν
3296 551 3471 623 τούτῳ
3492 552 3774 607 δεδικαίω.

454 676 587 714 .non
621 660 673 713 in
707 659 1170 729 hocjustilieatus
1215 675 1335 714 sum
1382 660 1425 723 ¹,
1458 677 1476 711 ι
1534 659 1681 713 sicut
1729 657 1928 712 I'aulus
1981 657 2071 712 ille

2180 673 2298 726 μαι,
2338 672 2354 704 t
2384 650 2526 706 καθὰ
2566 648 2777 711 Παῦλος
2805 650 2834 701 ὁ
2858 647 3032 718 μέγας
3058 645 3211 717 φησί·
3248 644 3326 715 τῷ
3359 645 3624 699 δύνασθαι
3680 647 3777 700 τὸν

481 768 710 823 magnus
740 753 816 805 ait
844 770 857 806 :
890 752 1015 821 quia
1054 753 1198 807 Deus
1238 753 1423 807 videre
1448 760 1628 819 potest
1672 766 1796 821 qure
1839 766 1938 805 nos
1970 749 2072 803 mi-

2174 748 2307 800 Θεὸν
2332 747 2465 816 όρᾷν
2505 744 2649 815 ἆπερ
2674 743 2835 813 ἡμεῖς
2872 739 2971 809 οὐχ
3008 737 3249 809 ὁρῶμεν.
3281 737 3507 807 Ὅμοιον
3554 737 3647 790 καὶ
3686 738 3771 802 τὸ,

480 846 624 898 nime
654 843 925 901 videmus.
960 844 1151 900 Simile
1179 855 1264 901 est
1300 855 1355 900 et
1405 845 1537 899 illul
1570 864 1583 900 :
1638 864 1657 897 ι
1704 844 1906 899 Delicta
1948 843 2071 912 quis

2181 859 2199 891 ι
2243 836 2673 911 Παραπτώματα
2702 833 2787 898 τίς
2823 833 3084 905 συνήσει;
3116 829 3225 884 ἀπὸ
3252 830 3362 883 τῶν
3393 829 3641 901 κρυφίων
3672 848 3787 901 μουι

480 937 745 1008 intelliget
772 937 796 990 ?
835 938 904 992 ab
926 939 1159 993 occultis
1179 938 1315 993 meis
1345 939 1544 993 munda
1570 952 1656 992 me
1683 938 1723 993 ³.
1762 955 1781 985 ι

1030 939 1159 993 nltis
1179 938 1315 993 meis
1345 939 1544 993 munda
1570 952 1656 992 me
1683 938 1723 993 ³.
1762 955 1781 985 ι
2175 929 2476 1001 καθάρισον
2503 945 2589 999 με.
2632 945 2650 979 ι

550 1031 828 1100 Ejusdem.
858 1030 973 1085 Non
1003 1031 1163 1096 dixit,
1195 1049 1213 1082 ι
1244 1030 1302 1085 Si
1333 1032 1550 1101 aspexi,
1580 1051 1598 1084 ι
1628 1031 1747 1094 sed,
1781 1049 1798 1080 ι
1840 1028 1896 1082 Si
1927 1027 2071 1095 aspi-

2253 1023 2364 1078 Τοῦ
2393 1020 2601 1076 αὑτοῦ.
2637 1020 2755 1073 Οὐκ
2791 1011 2949 1072 εἶπεν
2966 1017 3100 1089 (67),
3131 1038 3150 1070 ι
3186 1016 3573 1089 Είὲθεώρησα,
3608 1033 3627 1068 ι
3656 1013 3782 1069 ἀλλ”

476 1126 715 1179 ciebam.
750 1144 767 1176 ι
804 1124 1047 1179 Primum
1073 1124 1219 1179 enim
1252 1140 1567 1185 perversam
1598 1122 2071 1178 ratiocinationem

2182 1135 2200 1169 t
2235 1116 2300 1168 Ei
2325 1112 2617 1185 ἐθεώρουν.
2652 1131 2670 1164 ι
2697 1112 2772 1166 Τὸ
2795 1111 2896 1182 μὲν
2918 1111 3029 1181 γὰρ
3053 1110 3270 1182 πρῶτον
3289 1109 3655 1180 ὀλιγοχρόνιον
3687 1127 3777 1179 ση-

477 1216 663 1273 brevis
699 1232 822 1272 esse
854 1218 1120 1287 temporis
1143 1217 1406 1282 ostendit,
1437 1217 1735 1272 secundum
1786 1212 2067 1283 longioris.

2180 1206 2360 1277 μαίνει
2388 1205 2480 1259 τὸν
2497 1203 2734 1277 πονηρὸν
2769 1203 3053 1275 λογισμόν·
3075 1203 3136 1256 τὸ
3162 1204 3219 1257 δὲ
3238 1202 3492 1273 δεύτερον
3510 1200 3776 1271 πολυχρο-

2174 1298 2333 1353 νιώτε
2342 1316 2457 1370 ρον.

548 1399 706 1469 75],
731 1400 892 1456 Vens.
919 1400 1009 1456 20.
1048 1400 1367 1455 Benedictus
1413 1400 1575 1463 Deus,
1613 1400 1703 1466 qui
1742 1414 1847 1450 non
1875 1396 2071 1449 amovit

2248 1389 2594 1460 Εὐλογητὸς
2626 1391 2660 1445 d
2687 1386 2933 1456 Θεὸς,ὃς
2955 1389 3067 1443 οὐκ
3095 1387 3410 1453 ἀπέστησε
3439 1387 3555 1455 τὴν
3584 1399 3774 1454 προσ-ο

476 1495 772 1546 orationem
810 1509 1008 1559 meam,
1042 1504 1088 1547 et
1122 1493 1542 1547 misericordiam
1570 1507 1723 1545 suam
1748 1507 1778 1542 α
1818 1506 1921 1552 me,
1963 1499 2067 1541 etc.

2174 1482 2368 1551 ευχήν
2401 1500 2543 1552 μου,
2569 1482 2665 1536 καὶ
2694 1481 2763 1536 τὸ
2788 1482 2962 1547 ἕλεος
2999 1479 3187 1534 αὐτοῦ
3230 1478 3331 1533 ἀπ’
3360 1477 3528 1547 ἐμοῦ,
3561 1495 3616 1529 κ.
3641 1494 3692 1529 τ.
3722 1478 3770 1531 ὲ.

478 1581 561 1632 Ah
604 1581 694 1634 illo
720 1583 813 1650 qui
839 1585 1099 1637 mundum
1137 1598 1363 1637 coruon
1400 1582 1581 1648 habet,
1619 1598 1751 1646 pttra
1787 1591 2073 1634 amovi-tur

2177 1573 2283 1627 Τοῦ
2321 1574 2395 1645 μὴ
2424 1574 2670 1646 καθαρὰν
2699 1574 2811 1645 (68)
2841 1573 3057 1644 ἔχοντος
3083 1571 3181 1642 τὴν
3206 1571 3432 1642 καρδίαν
3475 1571 3774 1639 ἀφίσταται

475 1671 677 1725 oratio.
710 1671 767 1725 Si
818 1682 998 1727 autem
1042 1672 1240 1739 oratio,
1287 1672 1541 1727 videlicet
1579 1680 1633 1726 et
1674 1672 2067 1725 misericordia.

2176 1669 2209 1737 ἡ
2239 1667 2455 1738 καθαρὰ
2494 1668 2772 1739 προσευχή
2798 1683 2812 1697 ⁸
2842 1668 2887 1720 εί
2920 1666 2975 1719 δὲ
3003 1666 3037 1736 ἡ
3068 1663 3364 1736 προσευχὴ,
3396 1664 3488 1717 καὶ
3531 1664 3593 1716 τὸ
3626 1663 3775 1726 ἔλεος

480 1759 615 1816 Nam
643 1777 740 1833 per
784 1765 1091 1821 orationem
1128 1764 1569 1821 misericordiam
1598 1778 1627 1817 a
1662 1762 1773 1817 Deo
1815 1763 2069 1833 petimus.

2170 1760 2417 1831 δηλονότι
2436 1777 2450 1791 ·
2482 1761 2571 1814 διὰ
2602 1762 2713 1833 γὰρ
2740 1761 2843 1831 τῆς
2866 1759 3175 1833 προσευχῆς
3213 1759 3303 1813 τὸν
3336 1758 3482 1813 ἔλεον
3514 1757 3775 1828 αἰτοῦμεν

2178 1851 2331 1923 παρὰ
2358 1852 2514 1907 Θεοῦ.

1013 2038 1335 2094 PSALMUS
1374 2036 1563 2093 LXVI.
2110 2047 2153 2101 Β

2110 2047 2153 2101 B
2751 2031 3067 2098 ’ΨΛΛΜΟΣ
3094 2042 3232 2111 sq".

551 2132 715 2188 Vens.
746 2132 803 2187 Ξ.
847 2131 985 2186 Deus
1022 2132 1338 2185 misereatur
1372 2131 1563 2195 nostri,
1596 2138 1703 2185 etc.
1730 2129 2074 2185 Praenuntiat

2266 2129 2328 2189 '0
2362 2134 2509 2202 Θεὸς
2542 2136 2908 2202 οἰκτειρήσω
2955 2131 3132 2202 ἡμᾶς,
3174 2151 3229 2187 κ.
3276 2150 3325 2186 τ.
3372 2132 3418 2185 ἑ.
3458 2128 3779 2203 Προκηρότ-

480 2227 576 2283 Dei
613 2226 767 2282 Verbi
802 2226 1093 2281 adventum
1137 2234 1193 2279 et
1237 2224 1481 2294 gentium
1506 2224 1749 2279 omnium
1790 2223 2021 2279 salutem
2055 2241 2069 2279 :

2182 2245 2263 2281 τει
2285 2228 2393 2296 (69)
2414 2227 2508 2281 τοῦ
2524 2226 2661 2281 Θεοῦ
2685 2226 2859 2295 Λόγου
2879 2226 2979 2296 τὴν
3008 2226 3332 2295 ἐπιφάνειαν
3358 2225 3451 2277 καὶ
3474 2224 3582 2277 τῶν
3606 2222 3777 2276 ἐθνῶν

478 2332 653 2387 quare
691 2336 710 2369 ι
754 2317 806 2371 ἰιι
840 2318 1001 2371 linem
1042 2335 1060 2368 ι
1100 2317 1396 2387 inscriptus
1431 2326 1535 2373 est.
1574 2318 1639 2371 Et
1666 2333 1791 2373 cum
1827 2332 1934 2372 non
1963 2319 2076 2374 sint

2182 2324 2439 2377 ἁπάντων
2470 2322 2569 2393 τὴν
2613 2323 2887 2393 σωτηρίαν
2910 2339 2922 2351 ·
2953 2320 3076 2375 ὅθεν
3115 2339 3133 2372 t
3173 2322 3252 2384 εἰς
3309 2320 3371 2373 τὸ
3411 2320 3561 2383 τέλος
3604 2338 3621 2369 ι
3657 2320 3774 2371 ἐπι-

483 2411 719 2465 Itttmana
763 2411 854 2464 illa
898 2426 1018 2480 qua:
1072 2421 1223 2481 gesta
1263 2421 1415 2477 sunt,
1456 2428 1563 2466 non
1597 2411 1648 2464 in
1688 2413 1955 2467 cncomiis
1992 2414 2074 2468 vel

2182 2414 2510 2485 γέγραπται.
2534 2413 2645 2467 Καὶ
2668 2413 2791 2466 ἐπεὶ
2817 2411 2891 2483 μὴ
2915 2409 3233 2482 ἀνθρώπινα
3254 2411 3323 2464 τὰ
3340 2409 3775 2481 κατορθωθέντα,

483 2503 752 2566 laudibus,
793 2503 885 2559 sed
939 2522 957 2554 ι
1012 2503 1065 2557 itt
1103 2503 1321 2574 hymnis
1374 2522 1393 2555 ι
1433 2503 1757 2559 inscribitur
1798 2504 1885 2559 hic
1932 2505 2075 2574 psal-

2181 2508 2283 2561 οὑκ
2311 2508 2368 2559 ὲν
2398 2506 2693 2577 ἐγκωμίοις
2721 2507 2753 2577 ἢ
2788 2508 3049 2570 ἐπαίνοις,
3092 2505 3208 2559 ἀλλ’
3241 2524 3259 2555 ‹
3293 2507 3350 2556 ὲν
3380 2504 3571 2575 ὕμνοις
3605 2523 3622 2554 ι
3655 2505 3773 2555 emo

482 2611 624 2651 mus.
681 2596 818 2651 Cum
863 2596 1045 2665 itaque
1097 2595 1316 2650 divinus
1354 2596 1587 2666 hymnus
1639 2596 1731 2661 sit,
1784 2606 2073 2665 propterea

2183 2602 2494 2672 γέγραπται
2534 2602 2563 2654 ὁ
2606 2600 2838 2672 ψαλμός.
2878 2601 3033 2663 Θεῖος
3069 2596 3162 2653 οὖν
3203 2600 3231 2651 ό
3275 2598 3442 2669 ὕμνος
3470 2596 3780 2666 τυγχάνων,

481 2688 627 2756 quod
685 2687 987 2742 Salvatoris
1020 2692 1188 2740 etiam
1239 2688 1486 2742 actiones
1525 2702 1591 2741 ac
1639 2689 1931 2743 ntaxitnam
1978 2704 2073 2743 ea-

2181 2692 2260 2763 τῷ
2284 2693 2341 2747 δὲ
2374 2692 2468 2746 καὶ
2513 2691 2741 2764 πράξεις
2779 2691 2973 2762 δηλοῦν
3001 2690 3095 2743 τοῦ
3131 2688 3384 2760 Σωτῆρος
3426 2689 3519 2741 καὶ
3542 2687 3782 2755 θεωρίαν

485 2780 733 2835 rumdem
766 2778 1286 2847 contemplationem
1320 2780 1564 2843 exhibet,
1598 2796 1828 2833 nmnero
1854 2796 2076 2849 sexage-

2184 2783 2365 2838 αὑτῶν
2401 2782 2701 2855 μεγίστην,
2741 2782 2798 2834 ὲν
2841 2780 2927 2846 Et,"
2966 2780 3226 2833 τέτακται
3270 2777 3488 2849 ἀριθμῷ
3513 2818 3527 2842 ,
3584 2775 3783 2845 τελείῳ

483 2874 624 2927 simo
677 2881 832 2927 sexto
873 2872 1171 2927 collocatus
1203 2884 1328 2937 est,
1363 2882 1549 2943 utpote
1595 2872 1836 2942 perfecto
1885 2875 2073 2928 tamin

1765 2882 1836 2927 διο
1885 2882 1992 2928 tam
2022 2875 2073 2928 in
2182 2874 2506 2947 τυγχάνοντι
2536 2874 2632 2927 καὶ
2656 2876 2714 2926 ἐν
2743 2874 2935 2945 μονάσι
2969 2877 3064 2925 καὶ
3093 2874 3151 2925 ὲν
3181 2871 3388 2925 δεκάσι.

484 2964 788 3019 unitatibus
812 2979 974 3033 quant
1006 2965 1059 3018 in
1089 2964 1405 3020 tlecadibus.

554 3056 720 3112 Vsus.
749 3056 803 3113 ὅ.
833 3057 914 3110 Ad
936 3057 1348 3126 cognoscendam
1377 3056 1431 3110 in
1455 3066 1596 3110 terra
1624 3056 1761 3111 uiam
1781 3066 1946 3115 luant.
1966 3065 2071 3111 etc.

2262 3052 2372 3107 Τοῦ
2398 3051 2620 3123 γνῶναι
2643 3050 2714 3104 ἐν
2740 3047 2817 3116 τῇ
2847 3046 2922 3120 τῇ
2951 3047 3065 3117 τὴν
3092 3046 3238 3101 ὀδόν
3265 3062 3402 3112 σου,
3430 3063 3484 3099 κ.
3518 3061 3567 3099 τ.
3603 3046 3648 3096 ὲ.
3692 3045 3783 3096 Ἐν

484 3149 540 3204 ln
590 3158 737 3203 terra
792 3158 1079 3205 versantes
1133 3149 1489 3220 cognovimus
1539 3149 1680 3202 viam
1749 3149 2073 3204 dicentem:

2183 3149 2249 3217 τῇ
2281 3148 2351 3217 γῇ
2384 3145 2496 3216 (70)
2526 3144 2678 3207 ὄντες
2724 3143 2970 3212 ἔγνωμεν
3018 3140 3117 3211 τὴν
3163 3138 3282 3192 ὁδὸν
3332 3137 3430 3208 τῆν
3475 3136 3776 3191 εἰποῦσαν·

489 3259 511 3294 ι
549 3242 659 3312 Ego
686 3257 807 3297 sum
836 3243 920 3297 via
946 3243 988 3297 ⁸.
1019 3262 1037 3294 ι

2189 3259 2209 3291 t
2253 3237 2395 3309 Ἐγώ
2421 3240 2536 3310 εἰμι
2566 3239 2598 3308 ἡ
2624 3238 2762 3299 ὁδός.
2803 3256 2821 3289 ι

556 3337 720 3392 Vens.
754 3338 807 3392 5.
855 3337 919 3391 Et
950 3347 1126 3408 gentes
1158 3338 1213 3391 in
1261 3348 1404 3391 terra
1456 3337 1678 3407 dirigas,
1731 3345 1840 3393 etc.
1878 3334 2077 3405 Dirigit

2258 3333 2365 3388 Kal
2400 3334 2544 3399 ἔθνη
2590 3331 2660 3384 ἐν
2690 3329 2764 3398 τῇ
2806 3326 2882 3399 τῇ
2926 3327 3271 3399 ὁδηγήσεις,
3304 3344 3359 3380 κ.
3388 3343 3438 3381 τ.
3480 3325 3524 3377 ὲ.
3569 3323 3783 3395 Ὁδηγετ

485 3443 585 3484 nos
615 3444 710 3499 per
733 3429 978 3484 actiones
1000 3440 1054 3484 ct
1079 3445 1206 3483 vera
1240 3431 1518 3499 dogmata.
2103 3434 2108 3467 ⁴

2178 3426 2329 3496 ἡμᾶς
2344 3425 2396 3496 (7
2411 3422 2557 3493 Ι)διὰ
2570 3423 2667 3493 τῆς
2682 3421 2995 3491 πρακτικῆς
3011 3420 3228 3475 καὶτῶν
3242 3417 3457 3490 ἀληθῶν
3472 3416 3778 3487 δογμάτων.

558 3519 722 3575 Vrsas.
751 3520 803 3579 7.
842 3519 1007 3575 Terra
1031 3522 1174 3574 dedit
1196 3521 1426 3589 fructum
1455 3538 1635 3585 suum,
1667 3532 1769 3579 etc.
1801 3521 1968 3578 Terra
2001 3524 2078 3579 illi

2255 3516 2348 3586 Γῆ
2378 3518 2561 3571 ἔδωκε
2590 3516 2698 3569 τὸν
2724 3514 2959 3583 καρπὸν
2991 3514 3203 3580 αὐτῆς,
3240 3530 3295 3565 κ.
3327 3530 3378 3565 τ.
3411 3512 3457 3563 ὲ.
3494 3510 3646 3563 Ὅσοι
3669 3508 3786 3577 γήῖ-

483 3623 611 3668 sunl
643 3614 956 3683 quicunque
988 3613 1138 3683 prius
1166 3613 1395 3677 terreni,
1430 3623 1616 3681 postea
1644 3614 1770 3667 facti
1803 3626 1931 3669 sunt
1962 3630 2078 3670 eua-

2180 3628 2264 3664 νοι
2298 3608 2409 3681 (ἹΞ)
2444 3608 2598 3672 ὄντες
2631 3606 2880 3675 ἐγένοντο
2908 3606 3259 3672 ἐπουράνιοι,
3286 3603 3530 3675 δηλονότι
3562 3602 3651 3655 διὰ
3685 3620 3782 3673 με-

486 3705 676 3769 lcstes,
703 3705 960 3759 nimirum
1003 3720 1099 3772 per
1140 3704 1541 3773 pa‘nitentiam.
1582 3723 1603 3755 ι
1640 3705 1869 3760 Fructus
1896 3718 2076 3762 autent

2184 3702 2425 3765 τανοίας.
2467 3720 2487 3751 ‹
2542 3700 2602 3754 '0
2630 3699 2686 3753 δὲ
2722 3698 2936 3770 καρπὸς
2971 3697 3068 3751 τοῦ
3114 3697 3423 3768 πνεύματός
3462 3698 3580 3749 ἐστι
3617 3695 3782 3767 χαρὰ,

486 3800 716 3869 spiritus
744 3807 825 3851 est
857 3797 1135 3867 gaudium,
1179 3795 1442 3860 cltaritas,
1484 3812 1615 3866 pax,
1651 3797 1933 3866 patientia,
1979 3817 1997 3851 ι
2026 3809 2082 3855 et

2183 3796 2400 3867 ἀγάπη,
2436 3795 2626 3867 εἰρήνη
2649 3834 2663 3856 ,
2700 3792 3076 3864 μακροθυμία,
3117 3810 3134 3843 t
3171 3791 3267 3844 καὶ
3297 3791 3365 3844 τὰ
3390 3790 3536 3860 ἑξῆς.
3572 3792 3785 3860 Ὥσπερ

483 3898 681 3944 ctetera
714 3887 755 3941 ⁸.
791 3885 1261 3953 Quemadmodum
1298 3896 1487 3952 gentes
1528 3886 1615 3939 his
1648 3886 1714 3938 ad
1762 3885 1852 3940 Dei
1894 3886 2081 3941 laudes

2183 3890 2266 3955 δὶς
2291 3891 2359 3945 τὰ
2380 3889 2508 3960 ἔθνη
2534 3888 2671 3960 πρὸς
2700 3886 2971 3958 ὑμνῳδίαν
2998 3886 3293 3957 διήγειρεν,
3319 3883 3461 3937 οῦτω
3484 3885 3566 3948 δὶς
3601 3885 3786 3946 αὐτοῖς

486 3979 771 4043 excitavit,
810 3978 889 4031 sic
935 3978 1016 4032 bis
1054 3977 1159 4033 illis
1198 3977 1637 4032 benedictionem
1684 3989 1938 4046 precatus
1971 3988 2077 4035 est.

2185 3984 2287 4055 τὴν
2320 3983 2571 4053 εὐλογίαν
2615 3980 2896 4052 ἐξῄτησεν.
2925 3980 2991 4035 Οἱ
3037 3977 3388 4045 εὐλογοῦντες
3428 3978 3484 4030 δὲ
3532 3977 3623 4030 τὸν
3652 3977 3786 4029 Θεὸν

489 4072 591 4138 Qui
627 4069 946 4125 benedicnttt
985 4068 1178 4138 Deum,
1213 4068 1327 4123 sola
1354 4070 1402 4124 ei
1435 4071 1597 4124 verba
1629 4069 1884 4133 oﬂ‘erunt,
1915 4085 2081 4140 opere

2188 4076 2382 4147 λόγους
2411 4075 2558 4147 αὐτῷ
2587 4074 2955 4147 προσφέρουσι
2987 4071 3202 4143 μόνους,
3236 4070 3383 4141 ἔργῳ
3410 4071 3468 4124 δὲ
3500 4072 3663 4125 αὐτὸν
3698 4071 3789 4123 εὑ-

490 4174 668 4217 autem
698 4161 765 4215 dc
798 4160 891 4215 illo
926 4161 1120 4214 mereri
1152 4170 1450 4230 nequeunt.
1483 4160 1628 4215 Dens
1669 4176 1797 4214 vero
1832 4177 1957 4217 cum
1989 4164 2082 4217 he-

2192 4168 2491 4239 εργετῆσαι
2524 4168 2586 4221 οὐ
2632 4166 2923 4221 δύνανταιο
2968 4165 2996 4217 ὁ
3041 4164 3096 4216 δὲ
3138 4162 3271 4225 Θεὸς
3309 4162 3544 4231 εὐλογῶν
3582 4164 3790 4232 βεϐαιοῖ

490 4255 719 4319 nedicit,
750 4269 916 4323 opere
959 4269 1248 4309 sermones
1288 4254 1489 4318 ﬁrmat,
1516 4265 1569 4307 ct
1603 4256 1667 4310 iis
1695 4270 1830 4324 quos
1859 4255 2080 4311 benedi-

2188 4262 2317 4324 τοὺς
2347 4260 2541 4329 λόγους
2566 4258 2645 4329 τῷ
2677 4257 2824 4329 ἔργῳ
2843 4296 2857 4320 ,
2885 4255 2980 4309 καὶ
3006 4252 3363 4307 παντοδαπῶν
3392 4254 3621 4323 καρπῶν
3647 4255 3785 4322 ἁγα-

490 4346 587 4411 cit,
622 4344 886 4399 boaornm
922 4345 1165 4413 cujusvis
1197 4346 1417 4415 generis
1460 4345 1734 4401 lruetunm
1759 4357 2079 4415 proventum

2191 4352 2301 4407 θῶν
2323 4352 2555 4424 παρέχει
2578 4354 2690 4414 τοῖς
2719 4350 3130 4420 εὐλογουμένοις
3164 4348 3368 4421 φοράν·
3400 4346 3519 4400 εἶτα
3547 4347 3788 4401 διδάσκει

489 4437 715 4508 praebet.
759 4437 959 4492 Deinde
986 4439 1143 4492 docet
1169 4439 1443 4507 quomodo
1480 4439 1717 4495 divinam
1748 4440 2081 4495 benedictio-

1766 4440 2081 4495 tenedictio-
2192 4445 2310 4509 πῶς
2342 4444 2565 4499 δυνατὸν
2593 4444 2694 4514 τῆς
2722 4442 2872 4507 θείας
2906 4442 3157 4511 εὐλογίας
3189 4445 3389 4513 τυχεῖν.

491 4545 615 4586 nem
643 4530 902 4599 consequi
933 4529 1187 4599 possibile
1217 4531 1317 4625 sit:

1010 4714 1334 4773 PSALMUS
1378 4715 1586 4771 LXVII.
2123 4726 2167 4782 ι)

2123 4726 2167 4782 ι)
2781 4718 3076 4773 ΨΑΛΜΟΣ
3103 4715 3218 4771 ΞΖ¹.

567 4808 732 4864 Vens.
765 4807 821 4863 2.
858 4802 1421 4879 ExsurgntDeus,ctc.
1468 4811 1681 4880 Moysvs
1719 4811 1795 4864 ait
1821 4812 1842 4841 ⁸
1872 4830 1885 4865 :
1921 4829 1939 4862 ι
1977 4813 2087 4867 Εκ-

2274 4814 2620 4883 Ἀνίιοντήτω
2647 4816 2680 4867 ό
2709 4814 2875 4879 Θεὸς,
2898 4830 2952 4867 κ.
2972 4830 3023 4864 τ.
3043 4813 3089 4864 ὲ.
3128 4813 3185 4864 Ὁ
3206 4812 3448 4882 Μωῦσῆς
3469 4828 3636 4883 φησιν
3656 4811 3788 4882 (77;)-

495 4917 679 4972 surgc,
710 4902 969 4968 Domine,
1014 4904 1352 4973 dissipentur
1388 4905 1598 4960 inimici
1635 4905 1748 4969 tui,
1782 4915 1838 4960 et
1878 4906 2091 4976 fugiant

2194 4930 2211 4960 ι
2261 4909 2633 4980 Ἐξεγέρθητι,
2678 4906 2851 4978 Κύριε
2871 4947 2884 4970 ,
2915 4904 3500 4977 διασκορπισθήτωσαν
3526 4908 3575 4959 οἱ
3607 4906 3792 4976 ἐχθροί

495 4996 589 5064 qui
618 4996 852 5050 oderunt
881 5004 953 5051 te.
990 5015 1008 5047 ι

2192 5020 2310 5067 σου,
2345 5004 2441 5055 καὶ
2464 5002 2788 5071 φυγέτωσαν
2819 5001 2869 5053 οἱ
2903 4998 3188 5071 μισοῦντές
3220 5016 3299 5051 σε.
3343 5018 3359 5050 ι

569 5086 636 5139 Et
694 5086 900 5157 fugiunt
948 5088 1040 5157 qui
1083 5088 1303 5143 oderunt
1354 5104 1471 5143 eum
1520 5105 1551 5142 a
1592 5089 1731 5157 furia
1780 5089 1925 5159 ejus,
1981 5098 2087 5145 ctc.

2262 5094 2373 5148 Καὶ
2402 5095 2766 5164 φυγέτωσαν
2794 5096 2848 5147 οἱ
2888 5092 3215 5162 μισοῦντες
3242 5091 3429 5145 αὑτὸν
3458 5092 3577 5145 ἀπὸ
3604 5107 3790 5159 προσ-

493 5181 632 5234 Ollio
674 5181 870 5234 habent
908 5182 1229 5236 Creatorem
1254 5183 1347 5253 qui
1399 5184 1464 5238 de
1500 5182 1869 5247 Providentia,
1905 5184 1987 5237 vel
2025 5186 2091 5239 de

2189 5186 2356 5241 ώπου
2405 5184 2596 5240 αὑτοῦ
2621 5226 2637 5252 ,
2683 5202 2739 5239 κ.
2767 5202 2819 5239 τ.
2853 5185 2897 5237 ὲ.
2934 5183 3169 5237 Μισοῦσι
3211 5184 3302 5237 τὸν
3344 5184 3606 5238 κτίσαντα
3652 5182 3763 5252 (TI)

496 5274 777 5341 veteribus
812 5272 1116 5341 Scripturis
1143 5275 1285 5328 male
1314 5274 1633 5343 loquuntur,
1652 5286 1705 5329 et
1730 5276 1936 5329 faciunt
1966 5291 2089 5344 qua:

2195 5282 2244 5333 οἱ
2279 5264 2705 5347 κακολογοῦντες
2751 5277 2852 5348 τὴν
2877 5275 3163 5347 Πρόνοιαν,
3196 5275 3227 5344 ἢ
3263 5274 3361 5338 τὰς
3392 5274 3627 5337 παλαιὰς
3651 5275 3792 5345 Γρα-

491 5366 749 5419 charitati
783 5366 1169 5420 adversantur.
1204 5383 1223 5415 ε
1262 5366 1403 5420 Deus
1431 5367 1573 5420 enim
1607 5368 1849 5421 Charitas
1868 5376 1952 5422 est
1982 5366 2026 5421 ⁷.
2061 5386 2079 5420 ι

2196 5371 2327 5441 φὰς,
2351 5369 2487 5425 ἀλλὰ
2518 5371 2612 5424 καὶ
2637 5370 2705 5424 τὰ
2746 5368 2917 5441 ἐχθρὰ
2952 5371 3017 5440 τῇ
3050 5369 3239 5439 ἀγάπῃ
3272 5368 3622 5438 πράττοντες.
3662 5386 3680 5417 t
3734 5366 3792 5418 '0

492 5502 495 5505 ⁴
563 5503 582 5531 ¹
613 5500 629 5554 l
656 5500 784 5556 Cor.
820 5516 893 5568 tv,
926 5502 979 5555 ό.
1062 5501 1081 5533 ³
1108 5499 1250 5556 Psal.
1288 5518 1434 5569 xvnt,
1470 5503 1557 5558 15.
1637 5503 1655 5533 ⁸
1683 5501 1838 5559 Joan.
1874 5520 1985 5569 xw,
2016 5502 2068 5560 6.

2016 5502 2068 5560 6.
2149 5503 2170 5535 ⁵
2201 5505 2377 5562 Galat.
2409 5504 2574 5565 v.22.
2654 5504 2673 5535 θ
2696 5502 2856 5558 Nunt.
2894 5519 2947 5567 κ,
2972 5502 3060 5557 55.
3138 5503 3200 5555 ⁷1
3234 5499 3390 5556 .loan.
3421 5516 3493 5564 tv,
3528 5499 3614 5554 16.

599 5618 687 5691 67)
722 5622 844 5673 Οὐκ
882 5615 1071 5691 εἶπεν,
1100 5630 1208 5674 ctc.
1254 5619 1483 5674 Srheda:
1513 5620 1727 5678 Cranii.

1611 5621 1727 5678 inii.
2276 5623 2390 5689 (1‘1!)
2418 5625 2588 5676 Ὅσοι
2618 5620 2835 5691 rmvet,
2865 5631 2969 5673 etc.
2999 5620 3234 5673 Emdent.

572 5688 686 5823 (‘58;
720 5691 829 5744 Τωῦ
854 5690 942 5760 μὴ
984 5691 1274 5759 καθαμίιθ,
1306 5702 1411 5744 ctc.
1438 5691 1619 5745 Codex
1656 5692 2029 5751 tioislinianus

574 5760 664 5823 (69
719 5762 1139 5823 Ιιμοκημύττει,
1177 5775 1283 5815 ctc.
1313 5762 1517 5814 Catena
1543 5762 1809 5819 (Iot‘dclii.

2273 5688 2752 5775 (Ἱ5)’()Μωῦσῆς
2786 5708 3001 5761 φησιν,
3034 5703 3145 5746 etc.
3194 5691 3377 5746 Codex
3430 5688 3800 5745 Coisliniattus

2206 5781 2432 5823 prtinus.

719 5762 1139 5834 UpOX’lutﬂtht,
1177 5775 1283 5815 ctc.
1313 5762 1809 5834 liatcuatlul‘dctii.

808 5762 1139 5834 amur-tiara,
1177 5775 1283 5815 ctc.
1313 5762 1809 5834 liatcnatlot‘duii,
2205 5760 2431 5834 primus.

734 5832 837 5904 ‘iit:
864 5830 936 5897 τῇ
960 5830 1069 5904 γῇ,
1098 5844 1199 5904 ctc.
1235 5832 1461 5886 Schedzc
1494 5832 1700 5889 Cl'tlbll.

2205 5828 2217 5834 ’
2280 5832 2394 5904 (τι)
2430 5833 2693 5890 March“:
2754 5834 2859 5890 τεν
2917 5834 3228 5901 κτίσαντα,
3280 5842 3386 5888 etc.
3437 5832 3802 5889 Coislitdanus

584 5898 975 5981 (τιλξοδιηεῑ
1010 5902 1181 5972 ἡμᾶς,
1221 5912 1326 5985 etc.
1360 5905 1593 5961 limitum.
2208 5898 2497 5963 secundus.
