4110 6462
401 351 423 404 I
437 350 540 406 505

1342 344 1649 401 SELECTA
1678 344 1742 399 IN
1774 342 2113 398 PSALMOS.
2154 375 2222 382 κ-
2262 342 2456 399 PSAL.
2500 342 2706 399 LXVII.

3543 352 3680 407 1306

396 474 506 544 γὰρ
542 470 673 535 Θεὸς
714 472 901 540 ἀγάπη
941 471 1103 523 ἐστίν.
1138 489 1155 519 ι
1195 471 1262 523 Ἣ
1317 469 1606 540 μισοῦντας
1645 468 1778 521 Θεὸν
1821 484 1973 519 κατα-

2093 466 2188 518 Vel
2227 467 2316 521 Dei
2362 483 2551 522 osores
2588 468 2857 536 fugientes
2892 486 2919 521 :t
2956 470 3093 522 facie
3130 471 3248 537 ejur‘.
3279 482 3436 527 vocat
3466 490 3557 527 eos
3583 479 3676 543 qui

395 564 697 631 φεύγοντας
724 563 831 615 ἀπὸ
851 562 1145 633 προσώπου
1172 562 1335 616 αὐτοῦ
1362 562 1509 630 λέγει
1538 563 1662 624 τοὺς
1693 562 1819 632 περὶ
1844 579 1983 633 πρα-

396 657 588 727 κτικὴν
617 656 815 708 κακίαν
847 656 1085 726 ἔχοντας.
1115 657 1175 707 Εἰ
1200 655 1310 725 γὰρ
1336 658 1364 707 ὁ
1382 655 1613 723 ἀγαπῶν
1643 655 1804 706 αὑτὸν
1828 658 1984 724 τηρεῖ

393 748 491 810 τὰς
525 746 745 809 ἐντολὰς
773 747 958 810 αὑτοῦ,
987 748 1014 799 ὁ
1047 748 1121 818 μὴ
1148 751 1335 818 τηρῶν
1354 747 1525 809 αὐτὰς
1556 748 1657 799 οὐκ
1682 746 1870 816 ἀγαπᾷ
1895 745 1984 796 αὐ-

392 840 504 894 τόν.
537 832 695 892 (ὶῦτοι
727 839 782 892 δέ
806 840 943 893 εἰσιν
972 840 1021 892 oi
1054 840 1339 911 μισοῦντες
1373 840 1464 894 τὸν
1496 839 1630 893 Θεὸν
1653 879 1667 903 ,
1702 842 1750 892 οἱ
1792 838 1860 893 τὰ
1888 840 1985 910 μεέ

397 948 530 999 μιση
538 932 673 999 μένα
703 929 852 1001 αὐτῷ
881 931 1234 1001 πράττοντες.

472 1025 572 1088 Ὧς
618 1022 883 1077 ἐκλείπει
951 1024 1213 1089 καπνὸς,
1266 1042 1321 1078 κ.
1358 1043 1409 1079 τ.
1459 1026 1506 1077 ὲ.
1548 1025 1680 1085 Ταῖς
1724 1025 1980 1094 παραϐο-

390 1114 511 1179 λαῖς
545 1116 655 1187 (75)
699 1117 1184 1188 ἐμφαντικωτέραν
1241 1118 1352 1170 τῶν
1401 1117 1660 1171 ἐναντίων
1700 1117 1814 1187 ,τὴν
1868 1118 1978 1170 ἀπ-

390 1205 588 1260 ώλειαν
614 1208 954 1280 ἐργάσασθαι
986 1208 1324 1280 βουλόμενος,
1354 1211 1725 1281 ἐμνημόνευσε
1751 1212 1845 1265 καὶ
1878 1229 1978 1266 κα·-

391 1299 525 1351 πνοῦ
553 1300 647 1353 καὶ
682 1300 852 1373 κηροῦ
876 1318 890 1331 ’
920 1301 1060 1372 αῦτη
1089 1305 1196 1375 γὰρ
1231 1305 1261 1373 ἠ
1292 1301 1466 1374 κηροῦ
1499 1302 1661 1371 φύσις
1685 1305 1817 1375 πυρὶ
1845 1305 1980 1376 πλη-

390 1392 667 1455 σιάζοντος
726 1394 989 1463 τήκεσθαι
1048 1396 1142 1448 καὶ
1211 1394 1562 1449 ἀπόλλυσθαι.
1626 1396 1813 1460 Οὕτως
1862 1392 1976 1461 οῦν,

392 1486 577 1555 φησὶν,
609 1484 854 1549 ἅπαντας
884 1488 1081 1551 αὐτοὺς
1105 1487 1423 1556 ἀναλώσεις,
1446 1488 1637 1561 ὥσπερ
1662 1489 1723 1542 τὸ
1756 1486 1866 1563 πῦρ
1890 1490 1979 1544 τὸν

392 1576 577 1647 κηρόν.

466 1670 574 1722 Τοῦ
604 1671 807 1724 αὐτοῦ.
839 1672 913 1724 Ού
947 1670 1057 1741 πῦρ
1087 1671 1163 1735 ὡς
1191 1671 1413 1741 ἄγγελοι
1444 1672 1577 1744 (76),
1608 1673 1729 1727 οὐδὲ
1764 1673 1882 1743 φῶς
1903 1674 1980 1739 ὡς

386 1759 435 1811 οἱ
461 1758 677 1824 δίκαιοι,
707 1760 820 1814 ἀλλ’
851 1761 925 1826 ὡς
951 1761 1156 1826 καπνός
1179 1764 1318 1817 εἰσιν
1344 1766 1395 1817 oi
1435 1760 1739 1835 μισοῦντες,
1771 1766 1980 1830 καπνὸς

383 1852 412 1902 ὁ
437 1850 698 1922 βλαϐερὸς
722 1852 984 1924 δμμασιν.
1022 1872 1037 1904 ι
1089 1855 1176 1918 Ὠς
1203 1856 1431 1926 τήκεται
1469 1856 1638 1927 κηρὸς
1671 1856 1780 1911 ἀπὸ
1807 1874 1977 1929 προσ⁶

381 1941 532 1995 ὡπου
570 1944 761 2016 τωρὸς,
800 1966 818 1996 ι
850 1945 945 1999 καὶ
976 1947 1043 2000 τὰ
1067 1947 1212 2018 ἑξῆς.
1250 1948 1460 2018 Ὥσπερ
1498 1952 1645 2013 σῖτος
1681 1951 1779 2022 μὲν
1814 1952 1863 2004 oi
1906 1951 1977 2004 δί-

383 2049 529 2085 καιοι
553 2074 567 2095 ,
616 2035 818 2106 ἄχυρον
844 2036 899 2090 δὲ
944 2039 994 2090 οἱ
1027 2037 1233 2091 ἄδικον
1266 2039 1409 2093 οὕτω
1437 2040 1559 2111 μέλι
1592 2041 1690 2111 μὲν
1715 2043 1764 2094 οἱ
1800 2043 1974 2111 σοφοὶ,

382 2126 551 2196 κηρὸς
583 2127 638 2180 δὲ
662 2129 709 2180 οἱ
743 2127 1056 2200 ἑτερόδοξοι,
1080 2129 1141 2195 ὃς
1172 2132 1269 2185 καὶ
1297 2134 1522 2204 τήκεται
1557 2135 1663 2187 ὑπὸ
1692 2134 1786 2188 τοῦ
1816 2137 1874 2190 ἐν
1899 2135 1977 2207 τῷ

379 2217 573 2288 δικαίῳ
599 2219 769 2289 πυρὸς
798 2220 1189 2292 καθαιροῦντος
1210 2223 1272 2276 τὸ
1300 2223 1554 2294 σύστημα
1582 2225 1691 2279 τῶν
1719 2226 1977 2281 ἐναντίων

378 2308 455 2378 τῷ
488 2308 678 2378 ἀληΟεῖ
707 2309 868 2380 λόγῳ.
901 2311 973 2364 Τὸ
1002 2312 1056 2363 δὲ
1084 2311 1195 2383 πῦρ
1224 2312 1387 2366 τοῦτο
1416 2316 1444 2367 ὁ
1468 2314 1600 2377 Θεὸς
1632 2317 1776 2368 ἐστι’
1820 2317 1882 2369 τὸ
1919 2318 1976 2371 δὲ

378 2400 511 2452 αὐτὸ
538 2400 828 2470 πρόσωπον
856 2402 949 2456 τοῦ
977 2403 1112 2457 Θεοῦ
1144 2404 1298 2475 τήκει
1340 2405 1441 2475 μὲν
1477 2406 1837 2477 ἁμαρτωλοὺς
1856 2448 1871 2473 ,
1898 2409 1978 2463 διο

379 2492 565 2555 καίους
598 2493 655 2546 δὲ
691 2494 991 2565 εὐφραίνει.

453 2585 564 2639 Τοῦ
594 2587 799 2640 αὐτοῦ.
833 2586 1034 2641 Τοῦτον
1060 2588 1151 2641 τὸν
1188 2589 1395 2644 καπνὸν
1429 2590 1542 2662 (77)
1585 2591 1879 2647 ἀποδιώκει
1916 2597 1977 2650 τὸ

378 2675 492 2748 πῦρ
519 2678 548 2730 ὃ
568 2674 733 2750 ἦλθεν
760 2680 789 2731 ὁ
818 2679 1024 2751 Κύριος
1055 2680 1236 2751 βαλεῖν
1273 2682 1367 2736 ἐπὶ
1395 2683 1496 2754 τὴν
1528 2684 1652 2756 γῆν.

448 2768 557 2821 Καὶ
586 2773 638 2822 ot
671 2769 887 2823 δίκαιοι
910 2771 1443 2839 εὐφρανθήτωσαν,
1463 2772 1977 2841 ἀγαλλιάσθωσαν

376 2860 632 2913 ἐνώπιον
662 2861 769 2915 τοῦ
804 2861 953 2915 Θεοῦ
979 2902 993 2925 ,
1024 2864 1454 2932 τερφθήτωσαν
1492 2863 1563 2916 ἐν
1598 2866 1973 2935 εὐφροσύνῃ,

378 2969 431 3005 κ.
458 2969 509 3005 τ.
538 2953 583 3005 ἐ.
630 2953 693 3004 ἸΙ
724 2953 832 3006 τῶν
862 2954 1086 3008 δικαίων
1127 2955 1239 3026 (78)
1274 2955 1504 3007 ἐνώπιον
1526 2954 1622 3007 τοῦ
1648 2956 1784 3010 Θεοῦ
1808 2958 1975 3026 ἀγαλ-

376 3045 553 3108 λίασις
577 3086 590 3110 ,
617 3045 764 3116 χαρά
790 3063 876 3108 τις
902 3041 1038 3099 οὖσα
1060 3084 1075 3111 ,
1110 3047 1324 3117 καρπός
1354 3049 1470 3101 ἐστι
1493 3048 1587 3102 τοῦ
1623 3048 1933 3118 πνεύματος
1955 3064 1970 3079 ·

2091 557 2142 610 in
2181 560 2332 626 praxi
2362 559 2543 628 inique
2575 575 2634 612 so,
2669 571 2882 629 gerunt.
2917 561 2973 614 Si
3006 563 3149 615 enim
3178 565 3266 632 qui
3296 564 3443 617 illum
3481 567 3678 633 diligit,

2089 650 2339 701 mandata
2376 648 2493 716 ejus
2528 648 2689 718 752
2721 657 2924 713 servat,
2971 652 3155 720 utique
3181 652 3271 720 qni
3302 668 3404 705 non
3442 654 3529 707 illa
3561 672 3680 709 set-

2086 748 2196 803 v;tt,
2235 755 2341 793 non
2376 740 2553 810 diligit
2577 757 2724 793 eum.
2763 741 2823 794 lli
2869 757 3031 810 porro
3065 755 3193 799 sunt
3226 745 3317 799 Dei
3340 760 3548 814 osores,
3582 751 3678 819 qui

2085 847 2204 901 qua:
2235 832 2348 902 ipse
2370 833 2496 888 odio
2523 834 2703 900 habet,
2739 834 2963 890 faciunt.

2159 1003 2319 1059 Vens.
2351 1007 2404 1060 5.
2448 1005 2598 1060 Sicut
2646 1008 2823 1070 deﬁcit
2865 1010 3078 1078 (tutius,
3109 1027 3214 1069 etc.
3256 1017 3389 1072 Cum
3434 1021 3672 1077 hostium

2086 1097 2364 1151 interitum
2421 1114 2517 1165 per
2568 1103 3006 1168 comparationes
3059 1108 3228 1176 magis
3279 1110 3481 1166 diserte
3508 1115 3675 1168 vellet

2083 1190 2392 1258 explicare,
2429 1189 2563 1245 futui
2609 1200 2664 1244 et
2707 1208 2847 1249 cene
2896 1199 3227 1253 mentionem
3276 1201 3449 1257 fecit:
3495 1207 3673 1273 siquio

2082 1282 2204 1334 dem
2249 1282 2337 1336 illa
2381 1300 2522 1338 certe
2563 1294 2646 1339 est
2680 1297 2867 1342 natura
2892 1332 2907 1354 ,
2954 1300 3011 1344 ut
3045 1294 3165 1362 igne
3202 1300 3676 1367 appropinquante

2083 1371 2441 1439 eolliquescat
2485 1384 2537 1427 et
2588 1388 2798 1444 pereat.
2854 1381 2947 1435 Sic
2992 1384 3195 1450 igitur,
3230 1386 3437 1455 inquit,
3480 1404 3675 1447 omnes

2082 1476 2392 1531 consumes,
2423 1466 2563 1521 sicut
2594 1468 2733 1539 ignis
2760 1486 2967 1525 ceram.

2156 1646 2431 1716 Ejusdem.
2465 1646 2577 1704 Non
2611 1650 2759 1720 ignis
2791 1650 2933 1705 sicut
2964 1653 3172 1722 angeli,
3209 1672 3384 1725 neque
3415 1656 3500 1711 lux
3533 1660 3677 1715 sicut

2077 1737 2238 1805 justi,
2271 1740 2362 1794 sed
2398 1740 2541 1795 sicut
2589 1742 2768 1798 fumus
2798 1746 2973 1799 oculis
3004 1748 3216 1811 noxius,
3243 1756 3368 1803 sunt
3408 1752 3498 1819 qui
3537 1753 3673 1806 ode-

2010 1818 2052 1878 Β
2084 1843 2205 1885 runt
2232 1849 2377 1887 eum.
2415 1851 2433 1885 ι
2489 1833 2642 1889 Sicut
2675 1833 2792 1889 fluit
2819 1851 2945 1891 cera
2976 1853 3006 1891 a
3053 1838 3189 1893 facie
3221 1841 3385 1909 ignis.
3425 1861 3443 1893 ι
3480 1853 3533 1896 et
3561 1857 3674 1897 ca:-

2083 1934 2221 1979 tera.
2247 1925 2715 1992 Quemadmodum
2759 1927 3089 1983 frumentum
3125 1932 3345 1999 quidem
3373 1932 3671 2001 suntjusti,

2083 2019 2233 2087 palea
2257 2030 2441 2074 autem
2470 2021 2691 2090 ittjusti;
2721 2022 2799 2075 sic
2830 2021 2933 2077 mel
2966 2023 3185 2091 quidem
3219 2034 3348 2079 sunt
3372 2026 3670 2096 sapientes,

2080 2127 2204 2166 cera
2232 2128 2361 2168 vero
2405 2116 2746 2177 lteterodoxi.
2774 2132 2893 2186 qua:
2921 2132 3045 2171 cera
3072 2117 3278 2187 liqueﬁt
3305 2120 3375 2173 alt
3400 2136 3466 2173 eo
3496 2121 3589 2187 qui
3615 2121 3670 2174 in

2074 2202 2222 2273 justo
2260 2208 2418 2259 ardet
2450 2206 2592 2276 igne,
2637 2209 2839 2277 quique
2882 2222 3071 2261 eorum
3102 2209 3193 2277 qui
3228 2224 3371 2263 verae
3408 2210 3673 2266 doctrina:

2079 2295 2440 2349 adversantur
2480 2305 2717 2365 sysletna
2768 2297 2988 2351 evertit.
3038 2296 3137 2352 llic
3194 2299 3332 2367 ignis
3368 2300 3512 2355 Deus
3557 2312 3667 2366 est,

2081 2387 2195 2457 ipsa
2232 2397 2411 2441 autem
2451 2386 2621 2444 facies
2648 2389 2739 2444 Dei
2774 2390 3048 2446 consumit
3082 2391 3299 2460 quidem
3333 2401 3669 2463 peccatores,

2074 2479 2250 2548 jnstos
2273 2496 2403 2534 vero
2431 2480 2621 2536 laetitia
2660 2482 2853 2538 allicit.

2153 2571 2428 2642 Ejusdem.
2455 2572 2613 2629 llunc
2645 2575 2846 2629 fumum
2888 2575 3109 2646 expellit
3136 2576 3278 2647 ignis
3302 2592 3463 2649 quem
3490 2578 3675 2636 Domi-

2082 2681 2183 2720 nus
2210 2666 2358 2720 venit
2388 2666 2601 2720 mittere
2628 2668 2680 2721 itt
2707 2679 2932 2726 terram.

2154 2761 2317 2816 Vens.
2341 2762 2390 2816 4.
2438 2761 2501 2815 Ει
2521 2764 2659 2832 justi
2685 2766 2983 2829 cpuleutur,
3008 2777 3054 2819 et
3075 2766 3339 2822 exsultent
3378 2767 3430 2819 in
3456 2782 3681 2835 compr-

2080 2866 2165 2910 clu
2196 2856 2312 2920 Dei,
2333 2866 2381 2911 et
2413 2858 2739 2912 delectentur
2786 2860 2841 2911 in
2886 2859 3110 2923 lu'titia,
3146 2869 3258 2915 etc.
3307 2859 3587 2913 .lustorum
3621 2862 3672 2912 in

2079 2957 2371 3017 conspectu
2414 2948 2506 3002 Dei
2560 2949 2889 3008 exsultatio,
2922 2965 3043 3015 qum
3093 2950 3349 3020 gaudium
3399 2951 3672 3018 quoddam

2078 3048 2184 3104 est,
2228 3039 2439 3094 fructus
2464 3048 2548 3093 est
2582 3040 2807 3106 spiritus
2840 3055 2854 3092 :
2901 3040 3113 3093 fruetus
3152 3040 3299 3093 enim
3328 3039 3551 3108 Spiritus
3584 3049 3675 3093 est

377 3139 587 3209 καρπὸς
621 3138 730 3208 γάρ
768 3139 885 3191 ἐστι
912 3138 1008 3191 τοῦ
1061 3139 1372 3208 πνεύματος
1410 3142 1589 3212 χαρὰ,
1620 3141 1833 3211 εἰρήνη.
1871 3142 1973 3193 Εὐ-

2079 3132 2358 3200 gaudinm,
2396 3146 2523 3200 pax.
2569 3130 2779 3185 Lmtitia
2824 3140 3005 3184 autem
3047 3146 3153 3200 qua
3183 3145 3277 3202 per
3307 3130 3545 3185 animam
3580 3148 3673 3186 sa-

374 3231 617 3302 (ppocrtivq
650 3231 705 3284 δὲ
725 3271 739 3295 ,
775 3232 808 3302 ἡ
842 3230 1131 3301 διαχέουσα
1168 3231 1266 3303 τῆς
1294 3231 1473 3303 ψυχῆς
1495 3232 1556 3285 τὸ
1588 3231 1850 3304 φρονοῦν,
1878 3233 1971 3285 εὐ-

373 3323 590 3377 πάθεια.

448 3416 662 3486 ’ᾼσατε
698 3414 779 3480 τῷ
825 3415 948 3481 Θεῷ
970 3453 984 3479 ,
1022 3415 1259 3484 deucere
1311 3416 1394 3482 τῷ
1452 3418 1696 3487 ὀνόματι
1743 3418 1932 3473 αὐτοῦ
1952 3459 1968 3483 ,

373 3506 773 3573 ὀδοποιήσατε
810 3505 891 3571 τῷ
923 3506 1294 3573 ἐπιϐεϐηκότι
1320 3507 1422 3561 ἐπὶ
1453 3508 1725 3577 δυσμῶν,
1754 3509 1972 3578 Κύριος

368 3599 563 3668 ὄνομα
582 3599 747 3665 αὐτῷ
769 3642 783 3665 ,
816 3616 871 3653 κ.
900 3616 952 3653 τ.
989 3600 1036 3653 ἐ.
1076 3599 1284 3653 sane:
1313 3600 1393 3671 τῷ
1430 3602 1523 3655 τοῦ
1551 3599 1684 3657 Θεοῦ
1719 3604 1829 3676 (79)
1851 3606 1970 3659 ὀνό-

376 3704 505 3759 ματι
541 3689 569 3741 ὁ
609 3688 696 3743 διὰ
726 3689 788 3741 τὸ
830 3688 1000 3759 ὄνομα
1028 3687 1222 3742 αὐτοῦ.
1255 3691 1319 3743 Εἰ
1350 3691 1446 3745 κει)⁵
1474 3692 1575 3762 τῆς
1612 3694 1889 3767 ἡμετέρας
1913 3696 1973 3750 δέ

372 3780 649 3851 πτωχείας
681 3780 882 3852 ἐπέϐη,
928 3780 1023 3834 κα).
1069 3781 1168 3852 τὴν
1196 3781 1403 3835 οἰκείαν
1429 3786 1754 3839 συνεσκίασε
1789 3787 1967 3855 δόξαν,

370 3869 447 3935 ὡς
495 3874 560 3924 ἐκ
606 3870 826 3942 δυσμῶν
859 3870 1165 3924 ἀνατέλλων
1187 3911 1201 3935 ,
1246 3872 1364 3925 ἀλλ’
1408 3871 1502 3927 οὖν
1545 3875 1757 3947 Κύριος
1799 3878 1973 3950 ὄνομα

373 3962 544 4034 αύτῷ.
586 3964 695 4017 Καὶ
720 3962 830 4031 γὰρ
872 3962 1159 4034 ἄνθρωπος
1196 3964 1457 4033 γεγονὼς,
1492 3967 1590 4020 οὐκ
1632 3968 1873 4023 ἀπέϐαλε
1908 3969 1971 4024 τὸ

373 4046 511 4105 εἶναι
546 4051 751 4123 Κύριος
779 4053 806 4104 ὁ
838 4051 991 4115 Θεός.

451 4146 936 4215 Ττιριιχθήσονται
973 4149 1091 4203 ἀπὸ
1132 4150 1458 4219 προσώπου
1495 4154 1683 4208 αὐτοῦ
1722 4157 1828 4211 τοῦ
1858 4176 1969 4214 πα-

372 4240 510 4307 τρὸς
537 4239 656 4292 τῶν
689 4239 967 4309 ὀρφανῶν
1000 4240 1097 4294 καί
1125 4242 1329 4310 κριτοῦ
1358 4242 1479 4297 τῶν
1508 4245 1730 4314 χηρῶν,
1764 4264 1816 4303 κ.
1842 4239 1892 4302 τ.
1918 4251 1964 4304 ἐ.

387 4331 651 4402 Ὀρφανὸς
670 4333 817 4386 ἐστιν
843 4332 952 4403 (80)
976 4336 1006 4388 ὁ
1036 4333 1320 4405 στερηθεὶς
1343 4335 1429 4389 διὰ
1454 4337 1656 4390 κακίαν
1688 4338 1781 4392 τοῦ
1806 4341 1969 4394 ἐπου-

378 4425 561 4496 ρανίου
596 4425 827 4497 Πατρὸς,
847 4426 914 4497 ἢν
942 4425 1103 4490 αὐτὸς
1130 4425 1272 4479 ἐκὼν
1293 4428 1661 4482 ἐπεσπάσατο.
1703 4449 1721 4480 ι
1758 4432 1813 4484 Ὁ
1836 4431 1969 4497 Θεὸς

2079 3222 2281 3293 pietttia
2317 3222 2666 3288 diﬂ‘unditur,
2703 3220 2940 3278 felicitas
2967 3233 3072 3279 est.

2147 3402 2311 3457 Vens.
2344 3403 2396 3458 5.
2427 3402 2648 3456 Cantnte
2679 3402 2805 3464 Deo,
2840 3403 3051 3472 psalt'ite
3082 3405 3283 3460 nomini
3306 3405 3442 3474 r’jtts,
3463 3406 3563 3460 iter
3585 3404 3671 3476 fa-

2075 3497 2175 3550 cile
2212 3498 2261 3549 ei
2300 3499 2389 3565 qui
2424 3498 2655 3549 ascendit
2689 3513 2847 3561 super
2875 3512 3142 3562 occasum,
3171 3498 3429 3552 Dominus
3482 3515 3671 3553 nomen

2073 3588 2178 3653 illi,
2214 3599 2318 3643 etc.
2350 3588 2536 3643 Psallit
2567 3603 2764 3642 nomen
2804 3587 2921 3649 Dei,
2945 3588 3037 3657 qui
3079 3600 3298 3659 propter
3326 3607 3523 3646 nomen
3553 3591 3673 3659 ejus

2074 3680 2275 3749 pSallit.
2296 3680 2557 3747 Quamvis
2583 3695 2747 3750 super
2786 3691 3159 3750 paupertatem
3206 3696 3449 3737 nostram
3474 3701 3671 3739 ascen-

2074 3772 2216 3827 derit
2266 3782 2317 3826 et
2372 3774 2649 3841 propriam
2698 3772 2925 3842 gloriam
2980 3775 3488 3841 suboltscuraverit,
3541 3793 3674 3833 cum

2073 3864 2321 3919 ascendit
2357 3879 2520 3934 super
2558 3879 2840 3930 occasum,
2878 3865 3236 3921 nihilominus
3288 3868 3546 3923 Dominus
3582 3884 3674 3923 no-

2074 3971 2197 4010 men
2228 3955 2329 4009 illi.
2352 3954 2485 4010 Nam
2517 3955 2680 4011 homo
2704 3958 2903 4022 factus,
2935 3970 3041 4010 non
3078 3958 3289 4013 destitit
3329 3974 3449 4014 esse
3490 3962 3673 4015 Domi-

2073 4061 2178 4100 nus
2214 4045 2383 4101 Deus.

2144 4139 2306 4193 Vens.
2328 4137 2383 4202 5,
2419 4136 2472 4191 6.
2504 4137 2883 4192 Turbabuutur
2903 4155 2935 4191 α
2957 4138 3093 4207 facie
3114 4138 3250 4208 ejus,
3282 4141 3450 4209 patris
3477 4141 3672 4209 orpha-

2072 4247 2261 4285 norum
2290 4240 2338 4285 et
2376 4230 2583 4300 judicia
2629 4231 2938 4294 viduarum,
2989 4239 3097 4284 etc.
3142 4231 3431 4300 Orpltattus
3455 4243 3538 4287 est
3572 4237 3666 4305 qui

2072 4342 2297 4402 propter
2327 4330 2592 4385 malitiam
2621 4344 2785 4399 quam
2828 4328 2931 4383 sibi
2965 4339 3161 4397 sponte
3194 4331 3420 4395 ascivit,
3452 4332 3665 4386 coalein

2072 4424 2232 4479 Patre
2257 4425 2521 4494 privatur.
2553 4442 2572 4475 ι
2622 4424 2763 4477 Dens
2809 4421 2861 4475 in
2906 4420 3026 4479 loco
3056 4432 3251 4477 sancto
3291 4438 3408 4479 suo.
3442 4444 3460 4475 ι
3491 4424 3669 4480 Locus

376 4517 432 4568 ὲν
474 4516 625 4587 τύπῳ
678 4516 818 4587 ἁγίῳ
860 4517 1045 4571 αὐτοῦ.
1088 4537 1106 4570 ι
1141 4519 1317 4582 Τόπος
1359 4519 1496 4573 Θεοῦ
1527 4520 1674 4593 ψυχὴ
1716 4522 1965 4596 καθαρά·

2080 4519 2170 4573 Dei
2206 4535 2337 4588 pura
2369 4528 2448 4574 est
2485 4518 2689 4571 anima.
2728 4519 3071 4589 Quapropter
3100 4514 3267 4571 infert
3303 4533 3373 4601 τι
3410 4518 3548 4572 Deus
3571 4519 3665 4588 qui

373 4606 452 4658 διὸ
481 4606 571 4659 καὶ
614 4606 899 4678 ἐπιφέρειν
935 4625 954 4658 ι
991 4607 1049 4661 '0
1077 4607 1210 4671 Θεὸς
1248 4610 1547 4674 κατοικίζει
1602 4614 1969 4683 μονοτώπους

375 4699 432 4751 ἐν
474 4697 627 4769 οἴκῳ.
662 4718 679 4749 t
712 4699 1096 4770 Μονοτρόπους
1130 4700 1263 4769 φησὶ
1313 4702 1440 4765 τοὺς
1487 4702 1638 4773 αύτῷ
1690 4706 1784 4759 καὶ
1820 4705 1969 4777 μόνῳ

374 4790 674 4852 ἀναθέντας
724 4790 824 4863 τὴν
872 4792 1008 4845 ἰδίαν
1054 4791 1199 4861 ζωὴν
1225 4830 1242 4857 ,
1286 4792 1469 4863 πάσης
1512 4795 1830 4866 διχοψυχίας
1874 4798 1970 4852 καὶ

376 4883 649 4954 κοσμικῆς
681 4884 977 4955 ἐπιθυμίας
1008 4886 1178 4957 αὐτὴν
1207 4886 1695 4957 ἀλλοτριώσαντας.
1734 4889 1970 4954 Τούτους

374 4977 438 5047 δὴ
468 4973 562 5030 οὖν
592 4979 687 5031 καὶ
719 4979 777 5031 ἐν
808 4978 885 5049 τῷ
907 4978 1041 5048 οἴκῳ
1070 4978 1258 5045 αὑτοῦ,
1284 4980 1530 5033 τουτέστι
1562 4984 1627 5051 τῇ
1660 4983 1971 5054 ἐπουρανίῳ

358 5056 530 5122 inﬂet
563 5070 970 5135 κατοικίζεσθαι
1007 5072 1417 5141 ἐπαγγέλλεται.
1450 5068 1573 5127 Οἵδε
1606 5074 1664 5127 δὲ
1709 5075 1741 5145 ὴ
1777 5075 1966 5146 Γραφὴ

378 5164 470 5215 καὶ
512 5162 579 5215 τὰ
621 5163 1029 5234 ἐπιτηδεύματα
1072 5165 1235 5220 τόπον
1287 5166 1493 5220 καλεῖν.
1553 5167 1642 5221 Ἐν
1681 5168 1831 5238 τόπῳ
1871 5165 1965 5223 οὖν

377 5254 537 5325 ἁγίῳ,
568 5255 731 5307 οἱονεὶ
765 5256 823 5309 ἐν
855 5257 967 5318 τοῖς
1000 5255 1360 5327 ἐξῃρημένοις
1390 5259 1485 5311 κα)¹
1517 5260 1834 5326 ἀγνοτὰτοις
1864 5260 1966 5313 αὑ-

375 5344 468 5397 τοῦ
507 5344 948 5416 ἐπιτηδεύμασιν.
990 5366 1007 5397 ι
1058 5347 1297 5415 Ἐξὰγων
1339 5350 1749 5420 πεπεδημένους
1780 5352 1835 5402 ἐν
1870 5352 1966 5404 ἀν-

375 5433 533 5506 δρεία
557 5452 569 5464 ·
607 5436 809 5504 ὁμοίως
840 5436 964 5498 τοὺς
997 5438 1563 5508 παραπικραίνοντας,
1596 5442 1721 5503 τοὺς
1780 5458 1965 5494 κατοι-

454 5604 565 5670 (73)
610 5605 743 5669 Ταῖς
780 5606 1171 5672 παραϐολαῖς,
1198 5617 1303 5660 etc.
1336 5608 1540 5662 Catena
1566 5609 1832 5665 Cordct'ii.

453 5677 564 5744 (7o)
604 5678 686 5729 Οὐ
722 5675 840 5743 πῦρ
891 5677 971 5742 ὡς
1001 5676 1261 5747 ἄγγελοι,
1294 5689 1400 5733 elc.
1448 5681 1627 5734 Codex
1675 5683 1966 5738 Coislinia-

385 5762 485 5800 ltus
519 5749 818 5799 secundus.

460 5818 567 5884 (77)
610 5817 827 5872 Τοῦτον
856 5819 961 5873 τὸν
1006 5819 1262 5885 καπνόν,
1295 5828 1399 5876 etc.
1438 5820 1806 5881 Coislinianus
1856 5824 1965 5893 prio

2078 4611 2388 4667 inhabitare
2418 4611 2551 4667 facit
2584 4611 2745 4666 tlnins
2774 4612 2945 4667 moris
2976 4611 3030 4665 itt
3065 4615 3247 4667 domo.
3283 4630 3305 4665 ι
3340 4610 3510 4667 Unius
3546 4629 3666 4667 mo-

2078 4706 2155 4760 ris
2186 4706 2435 4761 homines
2472 4715 2632 4761 vocat
2678 4706 2797 4760 illos
2846 4708 2937 4776 qui
2974 4708 3137 4762 vitam
3194 4722 3349 4763 suam
3406 4708 3473 4763 ab
3517 4710 3665 4763 omni

2079 4800 2352 4854 anxietate
2375 4810 2430 4853 et
2454 4799 2726 4853 mundana
2754 4802 3197 4872 concupiscentia
3228 4800 3452 4857 liberant
3483 4803 3530 4856 ei
3564 4804 3664 4855 soli

2078 4896 2491 4943 consecrarunt.
2524 4887 2633 4944 Hos
2662 4907 2791 4961 ergo
2820 4892 2871 4945 itt
2898 4893 3064 4947 domo
3095 4908 3217 4955 sua,
3254 4894 3355 4947 hoc
3380 4903 3464 4947 est
3501 4895 3665 4947 conte.

2076 4981 2145 5037 Sti
2170 4982 2393 5037 civitate
2435 4998 2493 5038 se
2534 4984 2925 5038 collocaturum
2964 4986 3251 5054 promittit.
3286 4985 3446 5040 Novit
3485 4996 3665 5039 autem

2075 5076 2355 5142 Scriptum
2389 5077 2555 5130 etiam
2585 5078 2763 5131 studia
2802 5077 2975 5133 locum
3012 5094 3228 5133 vocare.
3254 5077 3310 5132 In
3345 5092 3536 5133 sancto
3567 5079 3669 5147 igi-

2076 5176 2167 5220 tur
2191 5168 2329 5231 loco,
2363 5178 2620 5238 tanquam
2658 5171 2709 5223 itt
2737 5171 2957 5227 selectis
2978 5182 3032 5226 et
3048 5173 3373 5227 castissimis
3405 5171 3522 5238 ejus
3549 5182 3665 5226 stn—

2075 5258 2198 5313 (liis.
2226 5278 2243 5309 ι
2269 5260 2371 5326 Qui
2397 5260 2581 5315 educit
2610 5263 2820 5318 vinctos
2845 5264 2896 5318 itt
2921 5263 3258 5331 fortitudine,
3285 5264 3539 5319 similiter
3567 5278 3664 5317 cos

2075 5352 2166 5421 qui
2198 5362 2545 5420 exasperant,
2577 5355 2667 5422 qui
2714 5356 2962 5410 habitant
2992 5357 3043 5410 in
3090 5356 3376 5425 sepulcris.
3412 5373 3432 5407 ι
3469 5356 3662 5422 Quem-

2077 5441 2367 5497 admodum
2402 5444 2610 5500 vinctos
2643 5445 2825 5502 educit
2858 5448 2909 5501 in
2952 5447 3111 5518 753
3138 5447 3471 5513 fortitudine,
3496 5448 3572 5502 sic
3607 5457 3657 5503 et

2078 5629 2216 5667 mus.

2148 5683 2260 5754 (78)
2294 5685 2355 5736 'lI
2386 5683 2504 5736 τῶν
2532 5685 2797 5751 δικαίων,
2818 5698 2922 5742 etc.
2956 5688 3330 5745 Coislinianus
3360 5698 3655 5754 secundus.

2151 5754 2264 5819 (79)
2305 5754 2528 5807 "Ulla
2558 5756 2637 5818 τῷ
2666 5758 2769 5810 τοῦ
2798 5760 2968 5819 Θεοῦ,
2994 5770 3101 5815 etc.
3140 5763 3297 5813 Iden“.

2151 5827 2263 5895 (80)
2298 5826 2579 5890 Ὀρῳανός
2612 5829 2803 5892 ἐστιν,
2845 5841 2948 5885 etc.
2980 5829 3189 5888 Sclteda
3231 5828 3436 5886 Grabii.
