4110 6462
413 457 548 510 1315
1355 457 1662 514 SELECTA
1704 459 1771 513 IN
1811 460 2147 517 PSALMUS.
2190 494 2255 502 —
2295 463 2495 520 PSAIH
2528 462 2761 518 LXVIII.
3554 471 3694 525 1514

409 576 801 648 είσακούσησθέ
832 595 953 648 μου,
987 575 1048 630 ιὰ
1071 578 1252 645 ἀγαθὰ
1276 579 1374 649 τῆς
1401 580 1505 650 γῆς
1535 580 1798 647 φάγεσθε.
1823 601 1839 634 ι
1878 583 1968 652 'Ilg

2071 619 2078 640 ι
2107 583 2401 637 comedetis
2433 586 2495 638 ¹⁷.
2531 604 2549 635 ›
2592 585 2797 654 Raptus
2823 596 2904 640 est
2934 585 3132 641 Paulus
3163 603 3334 658 usque
3355 591 3421 645 ad
3473 593 3690 646 tertium

406 669 560 738 πάγη
597 668 653 721 δὲ
705 671 733 722 6
764 669 975 732 Παῦλος
1018 669 1122 733 ’ἐως
1154 670 1338 740 τρίτου
1373 671 1606 743 οὐρανοῦ
1633 712 1648 737 ,
1681 673 1781 743 ἤδη
1808 675 1968 727 ἑαυτὸ

2105 673 2322 738 cmlum,
2361 689 2480 728 cum
2507 674 2616 742 jatn
2654 691 2712 729 se
2745 675 2852 729 Deo
2895 685 3062 732 totum
3105 682 3437 736 tradidisset.

405 761 748 824 ἐπιδεδωκὼς
780 761 858 830 τῷ
886 761 1004 831 Θεῷ

488 853 549 906 '0
581 853 745 918 Θεὸς,
781 854 861 907 σὺ
894 855 1081 926 ἔγνως
1115 857 1229 925 τὴν
1259 857 1618 924 ἀφροσύνην
1649 875 1786 921 μου,
1817 859 1913 910 καί
1940 863 2000 912 al

405 943 803 1013 πλημμέλειαι
823 963 941 1014 μου
971 946 1088 999 ἀπὸ
1121 945 1238 998 σοῦ
1269 947 1378 998 οὐκ
1406 944 1771 1012 ἑκρύὄησαν,
1802 963 1854 998 κ.
1878 963 1928 999 τ.
1947 949 1994 1000 ὲ.

405 1035 480 1087 Οὐ
510 1035 727 1087 πάντων
755 1035 829 1106 (7)
861 1036 962 1107 τὴν
998 1034 1312 1106 ἀφροσύνην
1365 1033 1623 1102 γινώσκει
1670 1035 1824 1098 Θεὸς,
1862 1035 1998 1089 ἀλλὰ

403 1125 497 1179 τοῦ
530 1127 821 1196 γενομένου
849 1128 1079 1198 ἄφρονος
1105 1127 1192 1180 διὰ
1222 1127 1349 1190 τοὺς
1375 1127 1636 1198 ἄφρονας,
1661 1127 1755 1179 καὶ
1781 1126 1871 1179 τοῦ
1902 1145 1995 1195 γε-

405 1219 630 1288 νομένου
662 1219 864 1288 ἀνόμου
891 1218 977 1271 διὰ
1003 1221 1128 1284 τοὺς
1158 1219 1414 1289 ἀνόμους,
1448 1219 1542 1272 καὶ
1565 1218 1658 1271 τοῦ
1700 1221 1991 1290 γενομένου

401 1309 660 1374 ἀσθενοῦς
686 1311 773 1364 διὰ
798 1311 923 1376 τοὺς
956 1312 1220 1375 ἀσθενεῖς.

486 1401 596 1455 Τοῦ
630 1401 838 1456 αὐτοῦ.
895 1403 1111 1474 Ἐπειδὴ
1155 1403 1598 1474 ψευδομάρτυρες
1638 1402 1712 1473 (8)
1756 1402 1990 1474 ἔστησαν

399 1496 513 1546 κατ’
546 1495 700 1564 ἐμοῦ,
726 1495 788 1548 σὺ
813 1489 981 1558 οἶδας,
1012 1496 1040 1547 6
1072 1496 1225 1560 Θεὸς,
1252 1497 1304 1548 εί
1323 1497 1444 1550 τινά
1468 1513 1556 1566 μοι
1587 1497 1988 1568 πεπλημμέλη-

395 1603 521 1639 ται·
554 1586 613 1639 οὐ
654 1586 763 1658 γὰρ
810 1587 876 1640 ἂν
917 1586 1230 1658 ὲκρύϐησάν
1265 1604 1366 1640 σοι.
1400 1589 1510 1640 Καὶ
1554 1587 1728 1651 ἄλλως
1771 1588 1988 1643 δὲοὍτι

390 1677 489 1741 τὰς
519 1679 792 1749 ἡμετέρας
823 1677 1110 1742 ἀνεδέξατο
1140 1678 1440 1750 ἁμαρτίας,
1468 1678 1563 1730 καὶ
1597 1678 1822 1746 γέγονεν
1847 1680 1986 1749 ὑπὲρ

389 1768 545 1838 ἡμῶν
575 1770 788 1840 κατάρα
809 1809 823 1834 ,
852 1769 948 1824 καὶ
979 1769 1178 1832 ταύτας
1202 1809 1215 1829 ,
1250 1770 1383 1840 φησὶ
1404 1808 1417 1832 ,
1445 1769 1544 1832 τὰς
1579 1769 1983 1840 πλημμελείας,

2177 857 2342 910 Vens.
2387 857 2439 909 ϐ.
2488 856 2628 910 Deus
2656 899 2671 922 ,
2717 867 2772 910 lu
2811 860 2916 912 scis
2966 859 3320 924 insipientium
3375 878 3539 915 meum
3570 903 3584 927 ,
3639 873 3687 917 et

2099 948 2289 1003 delicta
2346 965 2461 1002 mea
2514 966 2546 1002 α
2597 959 2646 1002 le
2693 966 2797 1002 non
2852 962 2972 1003 sunt
3024 955 3351 1018 abscondita,
3414 965 3520 1009 etc.
3570 955 3685 1009 Non

2098 1041 2339 1094 omnium
2373 1041 2736 1110 insipientiam
2770 1046 3048 1114 cognoscit
3089 1047 3248 1107 Deus,
3300 1049 3393 1101 sed
3438 1050 3555 1116 ejus
3589 1054 3679 1120 qui

2099 1131 2564 1200 iusipicnsl'actns
2586 1144 2669 1187 est
2717 1147 2937 1203 propter
2981 1137 3317 1207 insipientes,
3362 1151 3417 1195 ct
3446 1143 3558 1210 ejus
3590 1147 3682 1214 qui

2095 1225 2250 1279 exlex
2291 1225 2468 1280 lactus
2513 1234 2595 1280 est
2629 1238 2847 1296 propter
2883 1230 3120 1296 cxleges,
3153 1241 3206 1285 et
3241 1232 3356 1300 ejus
3394 1239 3484 1304 qui
3527 1237 3682 1290 iulir-

2097 1330 2218 1369 mus
2255 1315 2431 1369 factus
2454 1326 2536 1370 est
2560 1325 2782 1384 prepter
2819 1317 3084 1371 inlirmos.

2166 1407 2446 1476 Ejusdem.
2492 1407 2756 1474 Quoniam
2794 1407 2912 1463 fulsi
2969 1418 3133 1464 testes
3185 1422 3454 1466 steterunt
3485 1425 3677 1468 contra

2095 1514 2206 1564 me,
2242 1509 2297 1553 tu
2345 1500 2509 1564 nosti,
2555 1500 2718 1567 Deus,
2757 1518 2826 1554 an
2878 1501 3076 1556 delicta
3122 1519 3240 1557 mea
3289 1504 3470 1574 aliqua
3517 1508 3624 1560 sint
3661 1524 3676 1560 :

2091 1605 2266 1660 neque
2294 1591 2439 1646 enim
2489 1592 2583 1646 tibi
2629 1593 2953 1647 abscondita
2990 1603 3136 1650 sunt.
3194 1595 3261 1650 Et
3313 1597 3472 1651 aliter
3501 1598 3676 1664 :Qno-

2090 1682 2236 1735 niam
2275 1693 2496 1751 peccata
2544 1693 2727 1738 nostra
2779 1683 2895 1752 ipse
2949 1687 3210 1756 suscepit,
3270 1699 3325 1742 et
3366 1687 3540 1744 factus
3599 1703 3680 1745 cst

2089 1787 2186 1842 pro
2213 1774 2371 1828 nobis
2398 1773 2768 1838 maledictum,
2822 1776 2987 1829 etiam
3043 1775 3180 1842 lucc,
3232 1778 3428 1849 inquit,
3478 1781 3674 1835 delicta

386 1862 452 1924 ἃς
476 1862 616 1932 ὑπὲρ
641 1861 945 1934 ἀνθρώπων
972 1861 1332 1931 ἀνεδεξάμην,
1366 1863 1430 1914 σὺ
1465 1861 1660 1928 ἔγνως.

2087 1877 2207 1930 qua:
2235 1878 2333 1932 pro
2362 1864 2677 1918 hominibus
2706 1865 2944 1932 suscepi,
2977 1873 3030 1919 tu
3061 1867 3227 1919 nosti.

458 1956 585 2006 ’Ότι
629 1957 661 2008 ό
706 1954 885 2023 ζῆλος
918 1955 1023 2008 τοῦ
1054 1955 1224 2008 οἴκου
1255 1968 1370 2007 σου
1405 1953 1702 2022 κατέφαγε
1727 1972 1824 2024 με,
1877 1955 1968 2008 καὶ

2150 1954 2315 2008 Vnus.
2380 1955 2468 2011 10.
2512 1954 2780 2020 Quoniam
2832 1957 2978 2010 zelus
3038 1959 3228 2012 domus
3288 1969 3394 2013 tua:
3441 1963 3672 2017 comedit

381 2049 435 2100 οὶ
469 2046 798 2116 ὀνειδισμοὶ
847 2046 966 2099 τῶν
999 2046 1405 2108 ὀνειδιζόντων
1437 2062 1509 2100 σε
1536 2047 1842 2102 ἐπέπεσον
1882 2049 1974 2100 ἐπ’

378 2137 504 2207 ἐμὲ,
533 2157 588 2192 κ.
616 2157 667 2191 τ.
697 2141 742 2191 ἐ.
773 2134 940 2204 Οὗτος
969 2141 998 2191 ὁ
1029 2139 1210 2209 στίχος
1243 2140 1316 2211 (9)
1352 2139 1586 2192 τέθειται
1618 2141 1676 2193 ὲν
1718 2144 1829 2204 τοῖς
1873 2142 1975 2194 Εὐ-

379 2235 653 2304 αγγελίοις
681 2236 775 2288 ἐπὶ
817 2239 929 2298 τοῖς
961 2235 1304 2306 ἐκϐληθεῖσιν
1336 2238 1399 2289 ἐκ
1419 2235 1512 2288 τοῦ
1549 2235 1694 2307 ἱεροῦ
1724 2236 1972 2290 κολλυϐι-

380 2333 532 2394 σταῖς
553 2330 646 2383 καὶ
668 2328 1041 2400 τραπεζίταις.
1072 2331 1166 2392 Τὸ,
1201 2349 1218 2380 ι
1257 2330 1548 2400 Κατέφαγέ
1582 2347 1646 2400 με
1668 2371 1681 2392 ,
1728 2350 1744 2380 ι
1774 2331 1802 2382 6
1826 2331 1972 2402 Σύμ-

381 2437 572 2492 μαχος,
619 2440 636 2471 ι
671 2420 1074 2482 κατανάλωσεν,
1112 2440 1130 2470 ›
1165 2419 1446 2486 ἐξέδωκεν.

451 2514 561 2568 Τοῦ
587 2515 794 2568 αὑτοῦ.
829 2514 988 2568 Εἴποι
1020 2514 1066 2566 δ’
1100 2513 1165 2567 ἂν
1192 2515 1367 2568 ταῦτα
1399 2514 1512 2585 (10)
1547 2516 1642 2567 καὶ
1686 2515 1794 2578 πᾶς
1831 2515 1970 2584 ὑπὲρ

370 2607 466 2660 τοῦ
493 2607 840 2678 Δημιουργοῦ
875 2605 1050 2674 λέγων
1083 2605 1221 2677 πρὸς
1265 2606 1392 2668 τοὺς
1423 2605 1869 2677 προσκόπτοντας
1903 2608 1967 2676 τῇ

372 2699 638 2770 Προνοίᾳ,
682 2699 714 2769 ἡ
765 2697 900 2770 πρὸς
934 2700 1058 2763 τοὺς
1107 2697 1544 2766 κακολογοῦντας
1574 2697 1667 2751 τὸν
1707 2698 1968 2752 κτίσαντα

371 2788 732 2862 ὲτεροδόξους.
765 2791 876 2843 Καὶ
907 2791 1140 2862 μάλιστα
1170 2792 1313 2863 ὑπὲρ
1341 2790 1436 2844 τοῦ
1471 2790 1607 2843 Θεοῦ
1633 2789 1967 2860 ὀνειδιζόμε-

369 2901 459 2946 νος
482 2882 627 2950 λέγοι
652 2883 716 2936 ἄν
737 2899 748 2912 ·
793 2901 812 2932 ι
847 2883 910 2935 Ol
945 2882 1263 2952 ὀνειδισμοὶ,
1301 2903 1318 2934 ι
1349 2884 1444 2936 καὶ
1477 2882 1544 2936 τὰ
1571 2882 1718 2952 ἑξῆς.

436 2974 546 3026 Καὶ
588 2971 991 3039 συνεκάλυψα
1021 2972 1091 3024 ἐν
1128 2973 1380 3039 νηστείᾳ
1412 2972 1528 3040 τὴν
1565 2971 1778 3040 ψυχήν
1818 2989 1959 3041 μου,

369 3065 467 3118 καί
513 3063 767 3134 ἐγενήθη
813 3065 899 3128 εὶς
933 3061 1314 3130 ὀνειδισμοὺς
1350 3063 1475 3132 ἐμοὶ
1499 3103 1514 3127 ,
1544 3081 1596 3114 κ.
1626 3080 1676 3118 τ.
1709 3064 1756 3114 ἐ.
1792 3062 1962 3115 Τοῦτο

364 3157 413 3209 οἱ
443 3156 680 3228 μαθηταὶ
705 3155 814 3226 (11)
845 3153 1215 3224 ἐμνήσθησαν,
1235 3154 1308 3217 ὡς
1341 3157 1398 3207 ἐν
1427 3153 1504 3224 τῷ
1529 3153 1670 3206 κατὰ
1707 3154 1960 3223 Ἰωάννην

361 3249 671 3320 γέγραπται
693 3266 705 3277 ο
751 3267 767 3298 ι
807 3247 916 3300 Καὶ
941 3245 1287 3314 συνεκάλυψα
1322 3250 1380 3300 ὲν
1405 3246 1626 3316 νηστείᾳ
1651 3246 1748 3316 τὴν
1778 3245 1957 3316 ψυχήν

368 3358 466 3410 μου
489 3381 503 3405 ,
535 3341 629 3393 καὶ
675 3336 905 3408 ἐγενήθη
941 3339 1021 3399 εἰς
1052 3335 1391 3407 ὀνειδισμοὺς
1422 3337 1580 3407 ἐμοὶ,
1621 3337 1714 3388 καὶ
1753 3335 1955 3407 ἐθέμην

361 3433 422 3484 τὸ
455 3431 661 3501 ἓνδυμά
691 3447 791 3501 μου
830 3429 1054 3493 σάκκον,
1097 3429 1190 3481 καὶ
1220 3429 1487 3501 ἐγενόμην
1531 3429 1714 3491 αὐτοῖς
1743 3429 1822 3488 εἰς
1851 3445 1956 3482 πα-

363 3523 615 3596 ραϐολήν.
652 3545 670 3578 ι

432 3619 543 3672 Τοῦ
575 3616 780 3671 αὐτοῦ.
815 3616 1096 3687 Κάλυμμα
1139 3616 1240 3685 τῆς
1283 3615 1460 3686 ψυχῆς
1493 3614 1603 3686 (12)
1650 3616 1682 3684 ἡ
1731 3613 1954 3683 νηστεία

354 3704 674 3775 κρύπτουσα
701 3705 768 3758 τὰ
801 3705 948 3774 πάθη
982 3704 1155 3774 αὐτῆς
1179 3747 1192 3770 ,
1223 3705 1502 3758 τουτέστιν
1531 3703 1827 3774 ἐπιθυμίαν
1871 3705 1954 3756 αἰ-

357 3797 526 3869 σχρὰν
553 3839 567 3865 ,
600 3798 694 3851 καὶ
734 3797 905 3868 θυμὸν
953 3796 1166 3863 ἄλογον.
1216 3798 1272 3849 Ὀ
1313 3798 1494 3850 τοίνυν
1551 3796 1625 3867 μὴ
1677 3795 1953 3865 νηστεύων

353 3890 702 3960 γεγύμνωται
730 3891 874 3960 ὰσχη
883 3891 1080 3960 μονῶν.

427 3982 539 4036 Τοῦ
564 3983 770 4036 αὑτοῦ.
810 3983 998 4044 Οὐδὲν,
1036 3983 1192 4053 φησὶ,
1225 3981 1378 4048 ξένον
1415 3964 1526 4050 (l5)
1558 3981 1803 4050 γέγονεν,
1833 3982 1946 4034 ἀλλ’

350 4075 399 4128 oi
433 4077 490 4129 ὲν
519 4079 584 4147 τῇ
610 4075 824 4147 Παλαιᾷ
856 4075 1215 4137 ὀνειδίσαντες
1246 4074 1340 4127 καὶ
1373 4072 1696 4144 ὑϐρίσαντες
1732 4090 1810 4139 σε,
1845 4073 1946 4125 Θεὲ

353 4169 554 4239 Πάτερ,
587 4163 733 4222 οῦτοι
757 4169 850 4221 κα)¹
877 4165 1020 4221 κατὰ
1047 4167 1142 4220 τοῦ
1172 4165 1304 4219 Υίοῦ
1333 4182 1426 4217 σου
1452 4163 1586 4236 ἐμοῦ
1615 4160 1798 4236 ἦλθον.

417 4352 525 4406 Kal
549 4354 638 4418 είς
658 4353 762 4421 ἐμὲ
778 4353 1057 4421 ἔψαλλον
1072 4355 1124 4405 οὶ
1146 4352 1425 4415 πίνοντες
1445 4349 1552 4403 τὸν
1568 4345 1755 4414 οἶνον,
1776 4351 1938 4402 κ.τ.ὲ.

347 4437 516 4508 Οὗτος
547 4446 576 4497 6
605 4441 746 4508 οἶνος
773 4445 883 4512 (14)
914 4445 1084 4515 θυμός
1113 4445 1228 4496 ἐστι
1253 4442 1362 4495 τῶν
1390 4441 1720 4512 δρακόντων.

418 4538 628 4591 Σῶσόν
639 4555 715 4606 με
741 4536 859 4591 ἀπὸ
879 4536 1100 4604 πηλοῦ,
1123 4535 1324 4604 ἵναμὴ
1343 4533 1584 4604 ἐμπαί)ηῶ
1606 4551 1618 4564 ·
1645 4535 1943 4603 ῥυσθείην

2082 2062 2184 2112 me,
2205 2056 2251 2099 et
2287 2047 2566 2116 approbria
2595 2047 3031 2115 exprobrantium
3061 2051 3156 2104 tibi
3180 2052 3481 2106 ceciderunt
3511 2071 3674 2123 super

2078 2155 2178 2202 me,
2213 2148 2320 2192 etc.
2360 2138 2458 2193 llic
2478 2155 2670 2194 versus
2700 2140 2907 2210 positus
2930 2150 3016 2196 cst
3051 2142 3104 2196 in
3139 2143 3454 2215 Evangeliis
3486 2147 3550 2210 ",
3578 2149 3668 2202 ubi

2078 2244 2259 2283 sermo
2297 2241 2380 2284 est
2413 2232 2478 2283 de
2526 2229 2713 2298 ejectis
2747 2247 2776 2285 c
2816 2233 3017 2300 templo
3062 2237 3344 2305 trapezitis
3401 2249 3453 2292 et
3507 2256 3669 2294 nuut-

2080 2323 2345 2377 mnlariis.
2387 2324 2542 2389 Illud,
2580 2343 2596 2374 ι
2627 2325 2862 2379 comedit
2896 2341 3001 2392 me,
3029 2345 3047 2378 ι
3093 2327 3455 2398 Symmachus
3483 2335 3666 2398 vertit,

2085 2433 2102 2465 ι
2129 2416 2464 2484 consumpsit
2492 2432 2596 2470 nte.
2630 2436 2648 2467 ι

2151 2505 2426 2574 Ejusdem.
2470 2505 2660 2562 Omnis
2697 2507 2860 2561 etiam
2888 2509 2977 2577 qui
3006 2526 3104 2579 pro
3148 2511 3445 2569 Conditorc
3492 2516 3669 2588 loqui-

2075 2605 2161 2651 tur
2187 2597 2303 2653 lucc
2337 2598 2518 2653 dicere
2555 2599 2726 2665 possit
2755 2600 2819 2652 ad
2855 2601 3218 2657 betcrodoxos
3246 2606 3335 2673 qui
3368 2605 3668 2663 Providen-

2076 2690 2167 2742 tiae
2195 2689 2508 2754 detrahunt,
2571 2690 2654 2745 vel
2704 2692 2770 2744 ad
2817 2708 2911 2746 cos
2956 2692 3046 2761 qui
3099 2694 3238 2748 male
3294 2697 3360 2751 de
3410 2699 3666 2754 Creatore

2071 2778 2387 2849 loquuntur.
2414 2781 2480 2834 Et
2513 2783 2753 2836 maxime
2784 2798 2905 2835 cum
2944 2798 3042 2850 pro
3066 2782 3176 2838 Deo
3206 2789 3514 2857 opprobriis
3544 2792 3665 2845 alli-

2071 2868 2234 2935 citur,
2262 2870 2441 2924 dicere
2467 2872 2637 2938 possit
2669 2890 2681 2924 :
2717 2891 2733 2923 ι
2757 2870 3082 2941 Opprobria,
3115 2894 3133 2926 ι
3169 2887 3276 2930 etc.

2142 2962 2306 3016 Vnus.
2352 2963 2439 3016 11.
2488 2963 2554 3016 Et
2589 2965 2770 3031 operui
2792 2965 2844 3016 in
2865 2966 3076 3034 jejunio
3105 2967 3340 3020 animant
3375 2986 3564 3038 meam,
3609 2985 3660 3029 et

2065 3051 2266 3117 factum
2311 3066 2387 3106 est
2415 3055 2467 3105 in
2499 3055 2836 3122 opprobrium
2869 3056 3022 3120 milii,
3056 3066 3163 3110 ctc.
3201 3057 3374 3124 lIujns
3404 3062 3503 3116 loci
3540 3079 3658 3118 me-

2067 3143 2341 3198 minerunt
2402 3147 2670 3215 discipuli,
2727 3149 3185 3215 quemadmodum
3249 3153 3302 3204 in
3361 3154 3654 3224 Evangelia

2064 3236 2360 3290 secundum
2393 3233 2659 3290 Joannem
2715 3239 2981 3308 scriptum
3023 3249 3148 3293 est:
3189 3259 3207 3292 ι
3241 3241 3302 3296 Et
3360 3247 3552 3314 operui
3601 3250 3655 3304 in

2054 3326 2260 3397 jejunio
2291 3329 2529 3384 animant
2561 3343 2834 3398 meam,et
2865 3333 3067 3390 factum
3101 3346 3186 3392 est
3221 3338 3271 3390 in
3299 3339 3650 3407 opprobrium

2061 3422 2214 3489 mihi,
2235 3431 2288 3476 et
2319 3423 2470 3491 posui
2501 3424 2884 3480 resdtnentum
2907 3443 3083 3482 meum
3115 3429 3377 3496 cilicium,
3404 3433 3654 3488 etlactns

2059 3531 2178 3569 sum
2210 3515 2313 3570 illis
2345 3517 2396 3570 in
2431 3515 2768 3584 parabolam.
2796 3536 2813 3568 ι

2130 3607 2408 3676 Ejusdem.
2439 3607 2847 3679 Operimentutn
2881 3611 3076 3666 anima:
3102 3610 3364 3683 jejunium
3403 3627 3482 3670 est
3509 3619 3651 3687 quod

2054 3697 2176 3766 ejus
2223 3699 2465 3755 occultat
2523 3699 2795 3766 allectus,
2856 3703 2959 3758 IIOC
3015 3714 3098 3759 est
3155 3709 3649 3776 concupiscentiam

2059 3800 2296 3862 turpem,
2348 3802 2403 3847 et
2455 3792 2696 3848 furorem
2750 3795 2977 3849 rationis
3012 3808 3315 3866 expertem.
3367 3797 3466 3864 Qui
3520 3815 3651 3871 ergo

2057 3900 2161 3940 non
2182 3884 2411 3955 jejunat,
2452 3886 2707 3940 indecore
2741 3889 2974 3942 nudatus
3010 3898 3114 3944 est.

2125 3975 2403 4046 Ejusdem.
2435 3976 2601 4041 Nihil,
2633 3978 2838 4046 inquit,
2878 3979 3001 4032 novi
3044 3982 3277 4046 accidit,
3328 3984 3421 4036 scd
3459 3986 3553 4053 qui
3590 3988 3641 4040 in

2053 4067 2234 4122 Veteri
2288 4068 2641 4124 Testamento
2685 4070 2996 4138 opprobriis
3051 4083 3123 4136 te,
3166 4071 3307 4127 Dens
3351 4073 3536 4142 Pater,
3592 4089 3646 4132 ct

2050 4159 2397 4215 contumeliis
2428 4159 2754 4222 adiciebant,
2776 4161 2935 4216 iidem
2965 4169 3020 4214 et
3051 4172 3239 4216 contra
3265 4164 3461 4220 Filium
3493 4180 3640 4221 tunni

2050 4267 2137 4305 me
2160 4261 2449 4306 venerunt.

2125 4345 2288 4400 Vens.
2330 4345 2418 4399 13.
2447 4344 2513 4398 Ει
2539 4346 2698 4399 inme
2718 4344 3013 4413 psallebant
3047 4349 3138 4417 qui
3170 4349 3410 4403 bibebant
3435 4354 3636 4420 vinum,

2047 4445 2153 4492 etc.
2182 4437 2296 4493 Hoc
2326 4439 2511 4490 vinum
2538 4437 2610 4492 l‘el
2637 4448 2721 4492 est
2751 4439 3072 4492 draconum.

2118 4529 2282 4585 Vens.
2330 4529 2416 4584 15.
2445 4529 2608 4600 757
2639 4529 2799 4597 Eripe
2824 4546 2904 4583 me
2927 4535 2991 4584 de
3028 4531 3141 4585 luto
3175 4543 3229 4585 ut
3269 4550 3370 4587 non
3397 4535 3638 4604 inﬁgar:

345 4629 412 4682 ἐκ
460 4627 580 4682 τῶν
605 4631 951 4698 μισούντων
977 4645 1074 4696 με,
1120 4627 1217 4680 καὶ
1265 4627 1336 4679 ἐκ
1383 4626 1490 4678 τοῦ
1535 4625 1770 4691 ,βάθους
1817 4625 1937 4680 τῶν

2071 4623 2207 4676 ibera
2232 4639 2310 4676 me
2345 4623 2409 4675 ab
2450 4623 2514 4675 iis
2552 4622 2642 4691 qui
2664 4620 2889 4674 oderunt
2920 4638 2999 4676 me
3023 4631 3073 4676 et
3095 4624 3160 4677 de
3176 4625 3440 4693 profundo
3462 4645 3631 4698 aqua-

345 4721 598 4783 ὑδάτων,
627 4738 680 4774 κ.
711 4739 760 4774 τ.
789 4723 834 4773 ὲ.
868 4721 1078 4783 Σκοπὸς
1106 4721 1204 4791 οὐχ
1253 4721 1280 4772 6
1324 4717 1500 4787 τυγὼν
1546 4717 1657 4787 (15)
1705 4717 1936 4788 ἀλληγο-

346 4814 512 4886 ρῆσαι
539 4815 606 4868 τὰ
639 4815 1002 4886 γεγραμμένα
1031 4814 1124 4867 ἐπὶ
1147 4813 1240 4866 τοῦ
1279 4812 1532 4882 Σωτῆρος
1578 4809 1736 4881 ἡμῶν
1774 4827 1935 4878 γεγο-

341 4905 489 4958 νότα.
517 4902 682 4975 Οἶμαι
716 4905 773 4959 δὲ
821 4905 993 4958 ταῦτα
1035 4906 1211 4958 πάντα
1252 4903 1343 4956 ἐπὶ
1370 4905 1436 4973 τῇ
1477 4904 1534 4956 ἐν
1569 4901 1695 4972 ᾅδου
1738 4902 1936 4973 πορείᾳ

340 4994 407 5047 λα
415 4996 581 5064 μὸάνε
590 4993 732 5047 σθαι.

415 5088 528 5142 Τοῦ
571 5087 776 5143 αὑτοῦ.
825 5085 996 5149 Βάθος
1026 5085 1234 5138 ὑδάτων
1267 5083 1378 5154 (16)
1411 5083 1559 5137 ἐστὶν
1587 5086 1666 5146 είς
1695 5082 1723 5135 ὃ
1758 5083 1934 5152 γίνον-

360 5199 362 5202 ν
417 5228 458 5258 ¹¹¹
488 5225 611 5282 Isai.
646 5243 686 5293 I,
722 5227 811 5282 l9.
890 5226 932 5256 ’⁸
955 5224 1113 5281 Joan.
1160 5242 1221 5291 ιι,
1255 5225 1343 5281 17.

416 5368 494 5440 (7)
516 5373 599 5425 Οὐ
661 5369 925 5438 πάντων,
978 5381 1084 5429 etc.
1140 5372 1368 5428 Sclteda:
1416 5372 1602 5428 Grabii
1657 5382 1710 5428 et
1755 5373 1926 5428 codex

345 5440 719 5495 Coislinianus
743 5443 972 5508 primus.

408 5513 485 5580 (8)
530 5511 761 5579 Ἐπειδὴ
796 5511 1304 5582 ψευδομάρτυρες,
1357 5521 1466 5568 etc.
1499 5512 1682 5580 Codex
1735 5512 1931 5566 Coisli-

343 5584 538 5636 nianns
568 5585 858 5637 secundus.

404 5654 482 5724 (9)
503 5649 692 5717 Οὗτος
731 5656 762 5706 ό
801 5653 1032 5721 στίχος,
1064 5663 1174 5709 etc.
1208 5653 1393 5709 Codex
1421 5653 1792 5708 Coislinianus
1816 5653 1929 5724 pri-

334 5739 476 5785 mus,
510 5735 564 5776 et
593 5726 806 5776 sene-Ite
833 5724 1045 5778 Grabii.

402 5794 513 5862 (10)
539 5794 716 5848 Εἴποι
757 5793 805 5845 δ’
852 5793 927 5846 ἂν
956 5795 1162 5857 ταῦτα,
1197 5802 1306 5848 ctc.
1341 5793 1520 5848 Codex
1554 5791 1924 5849 Coislinianus

334 5865 629 5918 secundus.

401 5934 514 6004 (11)
557 5934 735 5990 Τοῦτο
772 5938 825 5986 οἱ
867 5935 1147 6002 μαθηταί,
1175 5945 1280 5987 etc.
1312 5932 1476 5985 ldctn.

653 6031 923 6090 ΡΑτιιοι..
971 6031 1083 6089 Gn.
1120 6029 1256 6090 XII.

2045 4731 2184 4776 rum,
2228 4723 2334 4768 etc.
2372 4712 2661 4782 Allegoriis
2706 4727 2978 4781 exponere
3021 4729 3142 4783 quae
3185 4715 3460 4773 Salvatori
3509 4733 3634 4773 cve-

2047 4813 2264 4868 nerunt,
2316 4819 2419 4857 non
2471 4803 2695 4874 vulgare
2757 4812 2838 4857 est
2896 4807 3212 4861 consilium.
3254 4807 3391 4862 Puto
3451 4822 3632 4864 autem

2047 4897 2163 4951 lucc
2193 4896 2374 4951 omnia
2411 4897 2581 4966 accipi
2622 4897 2688 4952 de
2749 4899 3013 4954 descensu
3063 4899 3181 4969 ejus
3231 4903 3284 4956 in
3333 4903 3628 4959 infernum.

2115 5079 2390 5150 Ejusdem.
2429 5081 2764 5138 Profundum
2794 5098 3060 5154 aquarum
3097 5085 3226 5141 illud
3262 5098 3368 5155 est,
3408 5090 3461 5144 in
3487 5091 3629 5159 quod

2109 5370 2222 5443 (I2)
2255 5369 2551 5443 Κὰἷῑυμμιι
2581 5368 2692 5438 τῆς
2719 5369 2952 5439 ψυχῆς,
2987 5379 3094 5426 etc.
3149 5370 3376 5426 Sclicdte
3407 5371 3620 5436 Grabii,

2036 5451 2090 5496 et
2121 5441 2291 5495 codex
2323 5441 2694 5495 Coislinianus
2727 5445 3016 5494 secundus.

2105 5511 2220 5582 (13)
2259 5510 2472 5576 Οὐδὲν,
2503 5511 2678 5580 φησι,
2714 5509 2912 5581 ξένον,
2945 5519 3048 5564 ctc.
3097 5511 3282 5566 Codex
3325 5511 3618 5566 Coislinia-

2034 5597 2137 5636 nus
2161 5585 2456 5637 secundus.

2107 5653 2219 5721 (14)
2255 5646 2445 5718 Οὗτος
2471 5655 2503 5706 ὀ
2527 5652 2712 5718 οἶνος,
2740 5660 2848 5706 etc.
2887 5649 3069 5705 Codex
3099 5650 3475 5706 Coislinianus
3505 5653 3621 5720 pri--

2036 5738 2175 5781 mus.
2208 5732 2264 5776 et
2300 5725 2515 5776 schedae
2540 5721 2752 5777 Grabii.

2036 5863 2067 5913 Γ
2107 5793 2219 5874 (15)
2255 5792 2492 5859 Σκοπὸς
2514 5795 2627 5862 οὺχ
2657 5795 2689 5846 ὀ
2713 5791 2929 5862 τυχὼν,
2960 5802 3066 5848 etc.
3099 5791 3244 5847 Idem
3283 5793 3449 5850 codex
3467 5793 3619 5847 Cois-

2055 5880 2289 5913 IlllnllllS.

2055 5880 2289 5919 IlllalllIS.

3245 6025 3323 6084 1.8
