4106 6406
510 434 646 490 ifilli

1931 425 2020 478 EX
2065 423 2367 477 ORIGENE

3655 432 3801 487 ιδεο

506 571 626 610 esse
678 554 848 610 Deum
885 557 1160 621 precatur.
1192 546 1294 622 Qu}
1324 545 1458 601 dicit
1491 564 1502 600 :
1541 562 1558 596 ι
1583 543 1694 615 Ego
1721 544 1774 598 in
1806 544 1966 598 Patre
1989 544 2086 610 ³⁷,ι

2202 559 2340 611 γων’
2379 563 2396 594 ι
2435 542 2575 612 Ἐγὼ
2611 544 2668 595 ἐν
2707 543 2783 614 τῷ
2820 545 3014 615 Πατρὶ,
3040 563 3057 595 ι
3099 545 3233 617 φησὶ
3277 545 3371 600 καὶ
3403 526 3490 600 τύ·
3527 565 3544 598 ι
3580 547 3703 602 Ἐπὶ
3739 552 3801 604 σὲ

509 653 586 706 ait
608 651 771 706 etiam
798 667 810 701 :
847 665 864 698 ι
894 644 951 698 ιιι
976 654 1027 699 te
1055 641 1335 712 projectus
1365 655 1484 696 sum
1508 655 1573 694 ex
1595 648 1776 704 utero,
1809 638 1876 692 de
1904 647 2094 693 ventre

508 742 700 796 matris
753 753 884 794 meae
919 746 974 791 tu
1023 751 1084 790 es
1114 741 1392 804 protector
1425 747 1610 786 meus:
1648 751 1666 784 ι
1706 730 1836 784 illttd
1871 729 2091 800 quidem

505 850 570 888 eo
596 833 740 903 quod
775 848 802 886 a
829 830 1118 884 nativitate
1149 828 1322 882 sensit
1351 825 1517 880 Deum
1547 833 1600 878 et
1626 824 1678 877 in
1717 822 1808 878 illo
1837 821 2081 884 conlidit;

508 922 660 977 islutl-
685 935 812 975 vero
844 929 1066 989 propter
1105 917 1333 972 insidias
1373 929 1508 984 quas
1544 916 1597 968 in
1629 912 1951 977 adoratione
1977 910 2092 964 Ma—

507 1029 695 1084 gorqu
743 1010 988 1066 llerodes
1031 1008 1234 1063 struxit
1279 1006 1500 1060 Christo
1531 1003 1624 1073 qui
1655 1003 1789 1057 nihil
1817 1003 1941 1056 mali
1971 1017 2093 1071 pas-

505 1124 596 1162 sus
644 1117 749 1172 est,
779 1115 1102 1177 protegente
1130 1104 1279 1157 illmn
1315 1101 1444 1167 Deo,
1485 1098 1703 1169 quando
1743 1113 1771 1150 a
1802 1096 2008 1150 bimatu
2041 1104 2095 1150 et

419 1225 440 1245 ·-
506 1197 649 1254 inira
696 1196 1044 1252 necabantur
1077 1194 1230 1265 pueri
1271 1193 1325 1246 in
1382 1191 1578 1245 ﬁnibus
1604 1188 1937 1243 Bctltlcltem.
1964 1187 2096 1255 Quis

505 1307 637 1347 vcro
673 1291 838 1344 etiam
860 1308 878 1340 ι
905 1287 1092 1354 adjicit
1122 1301 1286 1355 super
1313 1298 1533 1338 omnem
1560 1281 1772 1335 laudem
1803 1299 1822 1332 ι
1853 1279 1946 1334 Dei
1977 1294 2096 1349 qua:

507 1387 558 1438 in
597 1383 717 1453 lege
747 1390 799 1437 et
827 1377 1110 1450 prapltetis
1138 1385 1242 1442 est,
1279 1374 1380 1429 nisi
1411 1373 1617 1426 Filius?
1648 1371 1741 1425 llic
1765 1385 1894 1424 vero
1934 1369 2098 1423 mise-

508 1490 596 1531 ros
630 1471 940 1543 pranlicat‘ts
987 1469 1236 1533 Scribas,
1275 1483 1378 1520 non
1425 1467 1679 1537 cognovit
1729 1463 2092 1518 litteraturam

504 1583 714 1623 eorum.
756 1566 966 1622 Etenim
1019 1561 1167 1618 novit
1217 1559 1556 1614 occidentem
1605 1558 1842 1612 litteram
1898 1557 2095 1611 docere

505 1676 625 1729 quae
667 1669 796 1714 sunt
829 1657 1156 1713 viviﬁcantis
1202 1655 1460 1725 Spiritus.
1497 1653 1572 1708 Ex
1626 1653 1854 1706 mortuis
1912 1662 2093 1706 autem

507 1752 784 1808 redivivus
813 1760 1100 1821 postquam
1132 1748 1477 1803 annuntiavit
1507 1745 1790 1802 brachium
1824 1743 1915 1798 Dei
1945 1744 2092 1798 omni

502 1843 865 1916 generationi,
898 1842 974 1896 ait
1004 1840 1154 1896 Patri
1186 1856 1199 1892 :
1238 1859 1256 1893 ι
1288 1839 1365 1895 Ex
1418 1837 1631 1910 abyssis
1684 1849 1845 1892 terra:
1897 1837 2092 1891 iterum

510 1937 775 1994 reduxisti
807 1951 916 1994 me.
950 1956 970 1990 ι

575 2031 738 2087 Vens.
776 2032 833 2086 ‘2.
870 2029 938 2084 In
973 2039 1044 2095 te,
1078 2029 1326 2094 Domine,
1372 2027 1616 2097 speravi:
1642 2040 1747 2079 non
1794 2023 2094 2092 confundat-

500 2127 556 2178 in
585 2138 866 2188 a'ternum,
900 2132 1012 2177 etc.
1036 2119 1096 2176 Si
1129 2121 1185 2176 in
1213 2118 1660 2176 tribulationibus
1695 2117 2091 2180 sustineamus,

504 2231 610 2270 non
637 2213 1037 2268 eonfundemur
1074 2211 1129 2266 in
1175 2211 1363 2266 futuro
1388 2207 1625 2273 saeculo;
1657 2222 1780 2261 nam
1818 2224 1838 2258 ι
1868 2205 2097 2260 tribula-

505 2308 582 2369 tio
611 2305 937 2376 patientiam
971 2311 1248 2374 operatur,
1284 2301 1550 2373 patientia
1581 2309 1766 2354 autem
1811 2299 2096 2368 probatio-

506 2412 651 2460 nem,
681 2396 930 2466 probatio
969 2408 1100 2448 vero
1134 2407 1309 2464 spem,
1343 2407 1469 2462 spes
1508 2401 1686 2446 autem
1722 2406 1827 2445 non
1862 2388 2095 2445 confun-

501 2489 572 2544 dit
601 2488 664 2542 ".
703 2509 721 2541 ι

575 2579 741 2633 Vens.
770 2581 824 2634 Ιι.
857 2579 993 2633 Deus
1020 2593 1190 2644 meus,
1224 2577 1368 2644 eripe
1392 2593 1473 2630 me
1502 2579 1566 2629 de
1589 2591 1751 2628 manu
1777 2574 2092 2645 peccatoris,

501 2674 566 2727 de
603 2689 762 2726 manu
813 2685 1002 2726 contra
1053 2673 1217 2741 legem
1253 2672 1460 2741 agentis
1493 2679 1539 2724 et
1577 2669 1770 2738 iniqui,
1791 2677 1901 2723 etc.
1931 2667 2094 2722 Sata-

509 2781 633 2819 nam
690 2766 823 2820 dicit
867 2775 1237 2835 peccatorem,
1270 2773 1466 2818 contra
1519 2761 1692 2831 legem
1723 2769 2000 2831 agentem,
2042 2770 2097 2814 et

512 2859 790 2927 iniquum:
831 2868 1176 2926 peceatorem
1201 2859 1270 2912 ob
1309 2856 1608 2927 pessimum
1643 2855 1928 2918 habitum;
1961 2869 2096 2909 con-

509 2961 592 3006 tra
641 2953 814 3022 legem
875 2959 1167 3022 agentem,
1217 2959 1509 3021 propterea
1575 2949 1723 3018 quod
1788 2947 2092 3004 naturalem

505 3047 677 3116 legem
709 3044 1180 3113 transgrediatur;
1218 3043 1464 3113 iniquum
1495 3057 1648 3110 vero,
1678 3042 1821 3111 quod
1854 3041 2090 3112 scipsum

501 3139 716 3192 lraudet
745 3136 1056 3207 cognitione
1086 3136 1204 3192 Dei.

576 3229 739 3285 Vens.
767 3230 819 3284 6.
845 3227 911 3283 In
933 3238 983 3283 te
1012 3229 1360 3297 conﬁrmatus
1382 3247 1498 3285 sum
1529 3245 1597 3283 ex
1621 3241 1767 3282 utero
1791 3241 1808 3280 :
1839 3227 1902 3281 de
1919 3236 2094 3282 ventre

500 3329 687 3380 matris
719 3341 846 3380 mea:
887 3336 943 3379 tu
967 3342 1020 3380 es
1052 3335 1320 3394 protector
1350 3341 1518 3391 mens,
1555 3334 1661 3378 etc.
1697 3321 1802 3390 Qui
1844 3322 1994 3377 solus
2025 3321 2092 3374 ab

502 3428 659 3472 utero
690 3418 744 3471 in
777 3419 886 3472 Deo
916 3417 1233 3472 conﬁrmari
1286 3417 1440 3471 novit
1469 3415 1652 3480 Jcsus,
1686 3416 1801 3468 inec
1827 3415 1923 3467 ait.
1957 3413 2092 3468 Pro-

503 3517 676 3562 tector
711 3522 842 3561 vero
893 3506 1010 3575 ejus
1043 3506 1164 3572 l'uit,
1199 3507 1422 3577 quando
1451 3505 1615 3576 Magi,
1648 3507 1704 3560 in
1739 3507 1950 3560 somnis
1977 3521 2095 3560 mo-

503 3603 624 3666 niti,
645 3619 741 3672 per
770 3602 931 3656 aliam
967 3603 1112 3656 viam
1150 3600 1358 3656 reversi
1381 3609 1509 3656 sunt
1535 3601 1588 3654 in
1614 3600 1894 3670 regionem
1920 3612 2093 3665 suam,

501 3706 556 3748 et
593 3693 818 3763 Joscplt,
877 3704 1102 3762 accepto
1157 3708 1327 3763 puero
1371 3706 1494 3747 cum
1528 3701 1705 3746 matre
1736 3690 1872 3759 ejus,
1914 3691 2099 3760 jussus

505 3796 588 3841 est
621 3788 673 3840 in
715 3785 1011 3857 Egyptum
1043 3787 1218 3851 abire,
1256 3800 1324 3842 ne
1375 3784 1537 3839 simul
1569 3798 1692 3839 enm
1743 3782 1866 3838 aliis
1915 3783 2097 3852 pueris

510 3879 916 3935 interficeretur
937 3878 1113 3935 Jcsus.

579 4061 739 4118 Vens.
775 4062 825 4116 7.
867 4060 1143 4132 Tanquam
1187 4059 1488 4130 prodigium
1545 4059 1722 4128 factus
1771 4075 1885 4112 cum
1956 4057 2094 4111 mul-

504 4156 596 4223 tis,
626 4167 734 4211 etc.
763 4155 832 4211 lis
864 4157 956 4226 qui
979 4157 1032 4209 in
1069 4154 1177 4208 lata
1207 4164 1262 4210 et
1289 4153 1528 4224 spatiosa
1559 4162 1612 4208 et
1642 4151 1840 4206 multos
1864 4151 2099 4206 ducente

508 4249 562 4302 in
593 4247 956 4317 perditionem
1009 4247 1340 4317 gradiuntur
1369 4246 1477 4300 via.
1512 4244 1665 4299 Multi
1718 4245 1866 4300 enim
1908 4259 2005 4314 per
2042 4244 2100 4297 il-

506 4341 611 4395 lam
647 4349 956 4398 transeunt.
986 4339 1270 4410 Tanquam
1305 4339 1614 4411 prodigium
1651 4337 1827 4393 lactus
1877 4349 1960 4395 est
2002 4337 2096 4394 Je-

505 4445 617 4494 sus,
649 4431 743 4486 sed
773 4446 881 4485 non
923 4432 1112 4500 paucis
1154 4430 1248 4500 qui
1296 4429 1582 4485 inveniunt
1609 4439 1818 4483 arctam
1847 4437 1901 4483 et
1928 4443 2096 4498 angu—

503 4532 643 4576 stam
674 4522 818 4575 viam
846 4537 965 4592 quae
990 4523 1142 4577 ducit
1171 4523 1236 4576 ad
1272 4525 1461 4576 vitam.

2199 641 2504 713 ἐπερρίφην
2553 643 2618 694 ἐκ
2665 642 2933 713 γαστρός
2965 643 3028 695 ὲκ
3076 642 3286 706 κοιλίας
3343 641 3553 713 μητρός
3593 660 3696 713 μου
3731 643 3798 695 σύ

2201 749 2300 802 μου
2325 727 2376 784 εἴ
2411 734 2754 804 σκεπαστής’
2786 753 2804 785 ι
2843 733 2905 786 τὸ
2954 734 3072 803 μὲν,
3101 735 3181 797 εἰς
3229 732 3347 803 ἀμα
3387 733 3601 802 γενέσει
3639 735 3801 805 μόνος

2200 825 2608 897 συνῃσθημένος
2636 826 2792 890 Θεοῦ,
2829 827 2924 880 καὶ
2949 827 3382 898 ἐπερεισάμενος
3404 827 3555 899 αὑτῷ
3574 845 3588 858 ·
3621 828 3684 880 τὸ
3716 829 3800 892 δὲ,

2197 919 2286 972 διὰ
2331 921 2430 991 τὴν
2476 920 2571 972 ἐπὶ
2617 923 2683 990 τῇ
2721 921 3085 990 προσκυνήσει
3120 919 3230 973 τῶν
3281 923 3470 992 μάγων
3504 921 3803 992 ἐπιϐουλὴν

2198 1015 2278 1076 εἰς
2306 1014 2562 1084 Χριστὸν,
2609 1010 2853 1084 Ἡρώδου
2889 1013 3054 1083 μηδὲν
3088 1015 3328 1069 παθόντα
3350 1013 3427 1087 τῷ
3459 1014 3802 1069 ἐσκεπάσθαι

2201 1105 2306 1158 ὑπὸ
2338 1105 2472 1158 Θεοῦ
2502 1106 2592 1159 ὅτε
2620 1104 2691 1158 τὰ
2718 1106 2826 1158 ἀπὸ
2852 1105 3062 1170 διετοῦς
3093 1107 3186 1160 καὶ
3216 1107 3515 1178 κατωτέρω
3542 1108 3803 1179 ἀνῃρεῖτο

2200 1198 2386 1251 παιδία
2418 1200 2477 1252 ὲν
2523 1198 2693 1270 ὁρίοις
2728 1199 2997 1271 Βηθλεέμ.
3048 1201 3145 1264 Τίς
3177 1200 3234 1253 δὲ
3267 1199 3362 1254 καὶ
3420 1219 3438 1252 ι
3461 1202 3492 1253 ὁ
3536 1200 3800 1271 προσθεὶς

2199 1291 2291 1343 ἐπὶ
2333 1293 2512 1344 πᾶσαν
2552 1291 2650 1362 τὴν
2685 1290 2893 1344 αἴγεσιν
2921 1313 2938 1344 ι
2971 1291 3067 1344 τοῦ
3113 1291 3249 1344 Θεοῦ
3293 1291 3394 1363 τὴν
3424 1293 3482 1346 ὲν
3514 1292 3667 1363 νόμῳ
3701 1293 3802 1344 καὶ

2199 1383 2564 1455 προφήταιςῆ
2612 1385 2640 1436 ὁ
2691 1384 2850 1449 Υἱόςς
2892 1377 3061 1447 Οὗτος
3094 1384 3173 1451 δὲ,
3204 1381 3508 1446 ταλανίζων
3534 1401 3803 1455 γραμμα-

2197 1477 2329 1540 τεῖς,
2363 1476 2464 1529 οὑκ
2506 1475 2648 1545 ἔγνω
2703 1475 2802 1540 τὰς
2845 1476 3232 1548 γραμματείας
3280 1475 3477 1530 αὑτῶν.
3529 1476 3639 1530 Καὶ
3689 1476 3802 1546 γὰρ

2197 1563 2306 1620 οἶδε
2349 1568 2413 1620 τὸ
2452 1569 2772 1622 ἀποκτείνον
2813 1569 3050 1640 γράμμα
3091 1567 3365 1622 διδάσκειν
3402 1568 3472 1622 τὰ
3517 1566 3615 1621 τοῦ
3663 1567 3802 1632 ζωο-

2201 1658 2482 1722 ποιοῦντος
2505 1659 2841 1731 Πνεύματος.
2879 1652 3049 1722 Οὗτος
3087 1658 3164 1723 δὲ,
3195 1661 3260 1712 ἐκ
3287 1657 3499 1730 νεκρῶν
3534 1658 3798 1721 ἀναστὰς,

2199 1745 2354 1816 οὗτος
2405 1752 2502 1806 καὶ
2540 1752 2885 1822 ἀπαγγείλας
2928 1751 3190 1823 βραχίονα
3223 1751 3318 1804 τοῦ
3361 1750 3496 1804 Θεοῦ
3533 1753 3599 1821 τῇ
3636 1751 3803 1820 γενεᾷ

2199 1844 2371 1916 πάσῃ,
2409 1847 2543 1917 φησι
2577 1847 2656 1917 τῷ
2703 1845 2908 1917 Πατρίο
2947 1865 2966 1896 ι
2999 1845 3094 1898 Ἐκ
3124 1844 3233 1899 τῶν
3278 1843 3534 1898 ἀϐύσσων
3561 1843 3662 1914 τῆς
3693 1844 3805 1912 γῆς

2203 1937 2364 1992 πάλιν
2395 1939 2673 2010 ἀνήγαγες
2707 1955 2794 2008 με.
2823 1958 2842 1990 ›

2287 2029 2412 2083 Ἐπὶ
2458 2030 2579 2095 σοὶ,
2628 2032 2827 2099 Κύρπε,
2877 2029 3132 2099 ἤλπισα,
3163 2031 3250 2100 μὴ
3289 2029 3805 2100 καταισχυνθεῖην

2203 2125 2289 2188 εἰς
2322 2123 2428 2176 τὸν
2461 2121 2668 2187 αἰῶνα,
2703 2140 2757 2176 κ.
2797 2140 2847 2176 τ.
2889 2124 2935 2174 ὲ.
2993 2123 3119 2176 Ἐὰν
3155 2124 3212 2175 ὲν
3245 2124 3366 2185 ταῖς
3400 2121 3646 2190 θλίψεσιν
3687 2122 3804 2192 (38)

2205 2215 2586 2286 ὑπομένωμεν,
2635 2216 2736 2269 οὑκ
2771 2213 3249 2285 αἰσχυνθησόμεθα
3294 2214 3353 2267 ἐν
3397 2212 3476 2284 τῷ
3523 2213 3678 2266 αἰῶνι
3723 2215 3806 2284 τῷ

2207 2309 2451 2381 μέλλοντι
2473 2327 2486 2339 ο
2525 2328 2543 2360 ι
2582 2309 2644 2362 Ἦ
2674 2309 2784 2380 γὰρ
2817 2308 2995 2377 θλίψις
3045 2307 3327 2379 ὑπομονὴν
3355 2307 3757 2378 κατεργάζεται
3787 2324 3800 2336 ·

2203 2405 2310 2475 ἡδὲ
2337 2403 2583 2474 ὑπομονὴ
2608 2403 2837 2472 δοκιμήν
2857 2417 2870 2431 ’
2903 2405 2936 2472 ἡ
2961 2399 3017 2453 δὲ
3037 2398 3235 2470 δοκιμὴ
3262 2397 3453 2452 ἐλπίδα
3471 2415 3485 2428 ·
3512 2400 3546 2468 ἡ
3573 2398 3628 2450 δὲ
3647 2398 3805 2460 ἐλπὶς

2203 2498 2264 2549 οὑ
2290 2495 2663 2567 καταισχύνει.
2693 2514 2721 2562 ι,

2285 2589 2350 2643 '0
2377 2591 2521 2656 Θεός
2545 2606 2686 2659 μου,
2704 2586 2897 2654 ῥῦσαί
2921 2603 2998 2654 με
3024 2586 3093 2639 ἐκ
3110 2585 3308 2655 χειρὸς
3330 2581 3706 2653 ἁμαρτια.2οὗ,
3733 2581 3806 2634 ἐκ

2204 2682 2405 2752 χειρὸς
2458 2680 2951 2750 παρανομοῦντος
2998 2680 3094 2733 καὶ
3139 2677 3516 2742 ἀδικοῦντος,
3561 2692 3616 2728 κ.
3663 2692 3715 2727 τ.
3752 2676 3804 2728 ὲ.

2205 2775 2311 2828 Τὸν
2344 2776 2588 2828 Σατανᾶν
2633 2772 2781 2841 λέγει
2821 2773 2930 2843 (59)
2965 2769 3311 2844 ἁμαρτωλὸν,
3353 2769 3446 2821 καὶ
3478 2766 3810 2838 παράνομον

2206 2865 2297 2917 καὶ
2327 2863 2537 2917 ἄδικον·
2576 2861 2903 2934 ἁμαρτωλὸν
2940 2862 3037 2932 μὲν
3070 2860 3158 2914 διὰ
3204 2860 3302 2930 τὴν
3335 2857 3617 2929 χειρίστην
3649 2855 3766 2922 ἕξιν
3789 2871 3808 2886 ⁸

2206 2956 2522 3028 παράνομον
2555 2955 2613 3008 δὲ
2661 2953 2749 3007 διὰ
2793 2954 2854 3007 τὸ
2889 2954 3206 3025 παραϐῆναι
3236 2951 3327 3004 τὸν
3371 2948 3600 3019 φυσικὸν
3634 2948 3808 3018 νόμον

2205 3047 2369 3102 αὑτοῦ
2391 3065 2404 3078 ο
2439 3048 2622 3103 ἀδικον
2655 3047 2711 3100 δὲ
2751 3045 2838 3099 διὰ
2872 3047 2933 3100 τὸ
2967 3046 3130 3100 αὑτὸν
3161 3045 3485 3115 ἀποστερεῖν
3513 3041 3615 3112 τῆς
3657 3039 3804 3109 γνώ-

2209 3159 2346 3205 σεως
2371 3140 2464 3194 τοῦ
2498 3139 2655 3193 Θεοῦ.

2290 3233 2418 3286 Ἐπὶ
2448 3233 2523 3286 σὲ
2545 3232 2992 3301 ἐπεστηρίχθην
3018 3229 3134 3284 ἀπὸ
3161 3228 3444 3299 γαστρός·
3474 3225 3542 3280 ἐκ
3568 3225 3807 3290 κοιλίας

2196 3328 2423 3397 μητρός
2454 3344 2574 3395 μου
2609 3327 2689 3380 σύ
2735 3342 2852 3394 μου
2887 3325 2944 3378 εἷ
2969 3322 3347 3390 σκεπαστὴς,
3379 3339 3432 3373 κ.
3464 3337 3515 3373 τ.
3549 3319 3597 3372 ὲ.
3643 3318 3702 3370 '0
3726 3321 3805 3370 εξ-

2201 3417 2305 3480 δὼς
2356 3417 2466 3488 (40)
2526 3417 2636 3470 ἀπὸ
2677 3417 2916 3487 γαστρὸς
2973 3416 3133 3485 μόνος
3184 3411 3632 3484 ἐπιστηρίζεσθαι
3681 3410 3804 3480 Θεῷ

2213 3510 2420 3578 Ἰησοῦς
2450 3509 2625 3564 ταῦτά
2655 3527 2805 3580 φησι.
2839 3509 3162 3578 Σκεπαστὴς
3187 3507 3242 3560 δὲ
3277 3506 3442 3559 αὑτοῦ
3468 3506 3684 3574 ἐγένετο
3712 3505 3802 3556 ὅτε

2201 3605 2248 3656 οἱ
2285 3603 2452 3674 μάγοι
2483 3605 2616 3674 ὲχρη
2629 3602 2970 3672 ματίσθησαν
2995 3601 3060 3654 δι’
3089 3601 3256 3670 ἄλλης
3289 3598 3411 3652 ὁδοῦ
3439 3597 3800 3669 ἀναχωρῆσαι

2202 3696 2280 3759 εἰς
2314 3694 2410 3766 τὴν
2462 3693 2646 3765 χώραν
2691 3691 2892 3758 αὑτῶν,
2942 3692 3037 3745 καὶ
3099 3690 3320 3760 Ἰωσὴφ,
3372 3686 3706 3759 παραλαὸὼν
3739 3685 3802 3739 τὸ

2201 3787 2416 3841 παιδίον
2440 3786 2555 3858 ἅμα
2577 3788 2644 3856 τῇ
2671 3785 2840 3858 μητρὶ
2861 3783 3048 3849 αὑτοῦ,
3080 3785 3159 3848 εἰς
3183 3782 3458 3851 Αἴγυπτον
3485 3778 3807 3841 κελευσθεὶς

2202 3880 2465 3951 ἀπῆλθεν,
2502 3881 2589 3934 ἵνα
2628 3881 2701 3951 μὴ
2734 3879 2992 3952 ἀναιρεθῇ
3040 3877 3176 3950 μετὰ
3226 3876 3334 3930 τῶν
3381 3873 3590 3928 παίδων
3632 3873 3661 3925 ὁ
3699 3874 3808 3943 ’1η-

2204 3973 2350 4037 σοῦς.

2282 4064 2443 4119 Ὠσεὶ
2491 4066 2668 4134 τέρας
2725 4063 3024 4136 ἐγενήθην
3083 4063 3209 4128 τοῖς
3247 4061 3522 4128 πολλοῖς,
3565 4077 3620 4114 κ.
3665 4077 3717 4112 τ.
3751 4059 3803 4113 ἑ.

2201 4155 2326 4220 Τοῖς
2355 4155 2456 4226 τὴν
2490 4155 2751 4209 πλατεῖαν
2778 4155 2890 4225 (41)
2927 4155 3022 4208 καὶ
3063 4152 3374 4226 εὐρύχωρον
3414 4149 3661 4203 ὁδεύουσι
3710 4149 3809 4202 καὶ

2201 4247 2515 4316 ἐπάγουσαν
2557 4247 2650 4300 ἐπὶ
2692 4246 2790 4318 τὴν
2838 4245 3114 4300 ἀπώλειαν
3162 4243 3410 4308 πολλούς·
3450 4243 3637 4296 πολλο)⁸
3689 4241 3804 4314 γὰρ

2199 4341 2250 4392 οἱ
2309 4340 2650 4411 διερχόμενοι
2702 4339 2772 4393 δι’
2829 4339 3020 4409 αὐτῆς
3087 4338 3219 4390 ὡσεὶ
3268 4337 3432 4408 τέρας
3485 4333 3719 4405 ἐγενήθη
3775 4335 3806 4385 ὁ

2215 4431 2450 4501 Ἰησοῦς·
2489 4431 2604 4484 ἀλλ’
2635 4431 2696 4485 οὑ
2725 4432 2842 4494 τοῖς
2889 4429 3088 4498 ὀλίγοις
3129 4429 3446 4499 εὑρίσκουσι
3478 4425 3577 4498 τὴν
3608 4424 3804 4494 στενὴν

2203 4524 2297 4576 καὶ
2319 4522 2686 4595 τεθλιμμένην
2712 4522 3033 4590 ἀπάγουσαν
3057 4523 3135 4583 εἰς
3163 4521 3332 4590 ζωήν.

581 4615 740 4670 Vens.
782 4615 835 4669 8.
858 4613 1146 4684 Repleatnr
1172 4631 1228 4669 os
1259 4630 1434 4668 meum
1454 4614 1634 4677 laude,
1661 4623 1719 4667 ut
1747 4624 1952 4667 cantem
1976 4613 2093 4683 glo-

2274 4613 2650 4682 Πληρωθήτω
2675 4611 2742 4666 τὸ
2773 4613 2969 4682 στόμα
2990 4629 3110 4680 μου
3143 4608 3451 4674 αίνέσεως,
3490 4607 3653 4672 ὅπως
3689 4607 3802 4674 ὐμ-

506 4706 638 4760 riam
673 4718 841 4773 tuam,
869 4715 979 4760 tota
1011 4708 1096 4762 die
1120 4704 1540 4775 magnitudinem
1584 4713 1755 4772 tuam,
1790 4714 1898 4760 etc.
1930 4704 2096 4776 760

507 4798 618 4853 Nisi
672 4814 826 4854 mens
884 4801 1159 4869 repleatur
1208 4805 1383 4871 gratia
1428 4799 1544 4865 Dei,
1584 4808 1808 4852 cantare
1861 4798 2094 4869 gloriam

510 4890 599 4945 ltei
639 4906 744 4946 non
800 4898 1000 4961 potest.
1032 4890 1105 4946 Os
1164 4892 1311 4946 enim
1353 4890 1550 4946 animae
1588 4898 1828 4944 mentem
1857 4887 2096 4953 vocavit,

509 4979 737 5049 gloriam
763 4989 942 5035 autem
978 4979 1178 5034 Filium
1212 4979 1329 5035 Dei.

581 5152 746 5207 Vnus.
785 5153 874 5208 Η.
936 5152 1180 5210 Dicentes
1205 5172 1225 5210 :
1251 5155 1392 5210 Deus
1433 5157 1715 5226 dereliquit
1775 5173 1921 5220 eum,
1983 5166 2093 5212 etc.

511 5244 622 5300 llas
663 5260 825 5301 voces
873 5246 1053 5314 posuit
1093 5255 1350 5319 tanquam
1392 5263 1422 5303 a
1457 5249 1795 5307 daamonibus
1829 5251 2094 5321 prolatas.

581 5501 624 5534 ”
655 5499 817 5560 Joan.
851 5519 906 5562 ιι.
934 5501 1024 5557 38.
1106 5502 1151 5535 ⁵⁸
1178 5501 1340 5559 Rom.
1368 5518 1420 5571 ν,
1455 5503 1510 5568 5,
1544 5502 1598 5558 4.

584 5643 694 5713 (58)
721 5643 865 5697 Ἐὰν
895 5641 964 5694 ἐν
998 5640 1128 5713 ταῖς
1165 5641 1475 5710 θλίψεσιν,
1523 5651 1630 5697 etc.
1683 5641 1910 5698 Scheda:
1958 5643 2096 5698 Gra-

514 5712 609 5775 bii,
642 5712 696 5766 et
719 5713 886 5783 codex
919 5712 1287 5783 Coislinjanus
1322 5716 1554 5783 primus.

583 5783 695 5852 (5‘))
759 5781 869 5835 Τὸν
913 5781 1184 5837 arcear-(ir
1213 5781 1397 5852 λέγει.
1447 5796 1553 5840 etc.
1606 5785 1818 5840 Ewdem
1862 5784 2098 5839 scbedzc.

581 5851 698 5922 (ιο)
743 5853 808 5903 Ὀ
842 5852 1032 5920 εἰδώς,
1061 5862 1168 5907 etc.
1199 5851 1382 5910 Codex
1416 5854 1780 5910 Coislinianus
1805 5858 2100 5913 secundus.

2202 4705 2373 4773 νήσω
2397 4706 2512 4775 τὴν
2559 4705 2750 4770 δόξαν
2782 4720 2920 4768 σου,
2949 4703 3104 4770 ὅλην
3142 4701 3258 4769 τὴν
3303 4698 3534 4769 ἡμέραν
3554 4697 3672 4765 τὴν
3692 4712 3800 4765 με-

2204 4797 2646 4868 γαλοπρέπειάν
2679 4812 2816 4861 σου,
2847 4814 2900 4850 κ.
2942 4813 2991 4849 τ.
3027 4795 3074 4846 ὲ.
3122 4793 3249 4848 Ἐὰν
3286 4793 3360 4864 μὴ
3392 4789 3656 4862 πληρωθῇ
3689 4789 3802 4858 (42)

2203 4891 2232 4942 ὁ
2264 4889 2390 4952 νοῦς
2414 4890 2635 4961 χάριτος
2664 4887 2824 4952 Θεοῦ,
2857 4888 3095 4958 ὑμνῆσαι
3129 4885 3228 4957 τὴν
3264 4885 3421 4951 δόξαν
3453 4882 3589 4935 Θεοῦ
3622 4882 3683 4935 ού
3710 4880 3804 4934 δύ-

2208 4999 2384 5036 ναται.
2405 4981 2588 5052 Στόμα
2608 4981 2718 5053 γὰρ
2740 4981 2838 5051 τῆς
2858 4979 3036 5050 ψυχῆς
3064 4978 3155 5032 τὸν
3183 4977 3306 5030 νοῦν
3333 4975 3611 5046 ὠνόμασε,
3640 4972 3805 5038 δόξαν

2207 5074 2263 5126 δὲ
2293 5075 2384 5128 τὸν
2415 5075 2543 5128 Υἱὺν
2575 5074 2668 5128 τοῦ
2703 5072 2860 5127 Θεοῦ.

2277 5169 2596 5238 Λέγοντες-
2637 5169 2692 5220 Ὁ
2734 5167 2878 5232 Θεὸς
2907 5165 3299 5236 ἐγκατέλιπεν
3327 5162 3536 5228 αὑτὸν,
3577 5178 3630 5215 κ.
3666 5176 3720 5212 τ.
3751 5159 3804 5212 ὲ.

2206 5260 2422 5324 Ταύτας
2448 5260 2547 5324 τὰς
2580 5259 2763 5330 φωνὰς
2790 5258 2902 5331 (45)
2935 5258 3179 5313 τέθεικεν
3208 5256 3285 5320 ὡς
3324 5255 3432 5308 ὑπὸ
3469 5253 3578 5306 τῶν
3606 5251 3806 5321 δαιμό-

2208 5367 2313 5403 νων
2345 5350 2665 5422 λεγομένας.

2304 5643 2394 5708 41)
2437 5641 2565 5708 Τοῖς
2585 5641 2700 5709 τὴν
2721 5642 3036 5705 πλατεῖαν,
3067 5649 3175 5695 etc.
3207 5639 3373 5709 Idem.

2304 5644 2394 5708 41)
2437 5644 2565 5708 Τοῖς
2585 5644 2700 5709 τὴν
2721 5644 3036 5705 πλατεῖαν,
3067 5649 3175 5695 etc.
3207 5644 3373 5694 Idem.

2284 5644 2395 5784 (42)
2426 5712 2572 5784 Ἐὰν
2611 5712 2697 5782 μὴ
2741 5709 3052 5780 πληρωθῇ,
3105 5721 3212 5766 etc.
3251 5707 3476 5764 Scltedzc
3511 5707 3698 5764 Grabii
3753 5719 3812 5762 et

2213 5783 2385 5839 codex
2411 5783 2779 5837 Coislinianus
2801 5785 3027 5851 primus.

2287 5854 2398 5924 (45)
2430 5853 2653 5917 Ταύτας
2687 5849 3048 5921 relegam-dc,
3080 5861 3187 5907 etc.
3227 5849 3392 5905 Iidem
3420 5866 3550 5906 mss.
