  <div class='ocr_page' id='page_1' title='image "/cluster/home/n/w/nwhite01/storage/ocr_20150623/12:no.2/coo.31924054873074/774.png"; bbox 0 0 4106 6464; ppageno 0'>
   <div class='ocr_carea' id='block_1_1' title="bbox 375 381 507 436">
    <p class='ocr_par' dir='ltr' id='par_1_1' title="bbox 375 381 507 436">
     <span class='ocr_line' id='line_1_1' title="bbox 375 381 507 436; baseline 0 -1"><span class='ocrx_word' id='word_1_1' title='bbox 375 381 507 436; x_wconf 69' lang='grc'>1521</span> 
     </span>
    </p>
   </div>
   <div class='ocr_carea' id='block_1_2' title="bbox 1291 373 2668 434">
    <p class='ocr_par' dir='ltr' id='par_1_2' title="bbox 1291 373 2668 434">
     <span class='ocr_line' id='line_1_2' title="bbox 1291 373 2668 434; baseline -0.004 0"><span class='ocrx_word' id='word_1_2' title='bbox 1291 377 1601 434; x_wconf 67' lang='lat' dir='ltr'><strong>SELICC&#39;I‘A</strong></span> <span class='ocrx_word' id='word_1_3' title='bbox 1644 375 1706 429; x_wconf 82' lang='lat' dir='ltr'><strong>IN</strong></span> <span class='ocrx_word' id='word_1_4' title='bbox 1747 373 2088 430; x_wconf 57' lang='lat' dir='ltr'><strong>PSAIAIOS.</strong></span> <span class='ocrx_word' id='word_1_5' title='bbox 2133 407 2201 414; x_wconf 90' lang='lat'><strong><em>—-</em></strong></span> <span class='ocrx_word' id='word_1_6' title='bbox 2243 375 2437 430; x_wconf 74' lang='lat' dir='ltr'><strong>I’SAL.</strong></span> <span class='ocrx_word' id='word_1_7' title='bbox 2483 374 2668 430; x_wconf 73' lang='lat' dir='ltr'><strong>LXXI.</strong></span> 
     </span>
    </p>
   </div>
   <div class='ocr_carea' id='block_1_3' title="bbox 3515 373 3648 429">
    <p class='ocr_par' dir='ltr' id='par_1_3' title="bbox 3515 373 3648 429">
     <span class='ocr_line' id='line_1_3' title="bbox 3515 373 3648 429; baseline 0.015 -2"><span class='ocrx_word' id='word_1_8' title='bbox 3515 373 3648 429; x_wconf 68' lang='lat' dir='ltr'><strong>I522</strong></span> 
     </span>
    </p>
   </div>
   <div class='ocr_carea' id='block_1_4' title="bbox 454 495 1946 573">
    <p class='ocr_par' dir='ltr' id='par_1_4' title="bbox 454 498 1946 573">
     <span class='ocr_line' id='line_1_4' title="bbox 454 498 1946 573; baseline -0.003 -18"><span class='ocrx_word' id='word_1_9' title='bbox 454 502 516 554; x_wconf 85' lang='lat'><strong>&#39;0</strong></span> <span class='ocrx_word' id='word_1_10' title='bbox 538 504 701 569; x_wconf 75' lang='grc' dir='ltr'>Θεὸς,</span> <span class='ocrx_word' id='word_1_11' title='bbox 722 503 806 572; x_wconf 71' lang='grc' dir='ltr'>μὴ</span> <span class='ocrx_word' id='word_1_12' title='bbox 836 505 1150 573; x_wconf 72' lang='grc' dir='ltr'>μακρόν-ης</span> <span class='ocrx_word' id='word_1_13' title='bbox 1174 502 1274 556; x_wconf 77' lang='grc' dir='ltr'><strong>ἀπ’</strong></span> <span class='ocrx_word' id='word_1_14' title='bbox 1300 501 1466 570; x_wconf 80' lang='grc' dir='ltr'>ἐμοῦ,</span> <span class='ocrx_word' id='word_1_15' title='bbox 1495 520 1545 554; x_wconf 87' lang='grc' dir='ltr'><strong>κ.</strong></span> <span class='ocrx_word' id='word_1_16' title='bbox 1575 518 1625 552; x_wconf 85' lang='grc' dir='ltr'><strong>τ.</strong></span> <span class='ocrx_word' id='word_1_17' title='bbox 1660 501 1707 552; x_wconf 80' lang='grc' dir='ltr'><strong>ὲ.</strong></span> <span class='ocrx_word' id='word_1_18' title='bbox 1733 499 1851 560; x_wconf 63' lang='lat' dir='ltr'><strong>Tim</strong></span> <span class='ocrx_word' id='word_1_19' title='bbox 1869 498 1946 551; x_wconf 81' lang='lat' dir='ltr'><strong>Mi</strong></span> 
     </span>
    </p>
   </div>
   <div class='ocr_carea' id='block_1_5' title="bbox 2054 495 3647 573">
    <p class='ocr_par' dir='ltr' id='par_1_5' title="bbox 2145 495 3647 566">
     <span class='ocr_line' id='line_1_5' title="bbox 2145 495 3647 566; baseline -0.001 -13"><span class='ocrx_word' id='word_1_20' title='bbox 2145 501 2302 554; x_wconf 83' lang='lat' dir='ltr'><strong>Vens.</strong></span> <span class='ocrx_word' id='word_1_21' title='bbox 2342 500 2425 553; x_wconf 74' lang='lat' dir='ltr'><strong>I2.</strong></span> <span class='ocrx_word' id='word_1_22' title='bbox 2458 498 2617 562; x_wconf 79' lang='lat' dir='ltr'><strong>Deus,</strong></span> <span class='ocrx_word' id='word_1_23' title='bbox 2652 513 2714 550; x_wconf 89' lang='lat' dir='ltr'><strong>ne</strong></span> <span class='ocrx_word' id='word_1_24' title='bbox 2737 495 2994 566; x_wconf 78' lang='lat' dir='ltr'><strong>elongeris</strong></span> <span class='ocrx_word' id='word_1_25' title='bbox 3026 514 3057 549; x_wconf 82' lang='grc' dir='ltr'><strong>α</strong></span> <span class='ocrx_word' id='word_1_26' title='bbox 3087 513 3191 560; x_wconf 88' lang='lat' dir='ltr'><strong>me,</strong></span> <span class='ocrx_word' id='word_1_27' title='bbox 3224 505 3329 551; x_wconf 89' lang='lat' dir='ltr'><strong>etc.</strong></span> <span class='ocrx_word' id='word_1_28' title='bbox 3355 515 3374 548; x_wconf 77' lang='grc' dir='ltr'><strong>ι</strong></span> <span class='ocrx_word' id='word_1_29' title='bbox 3401 496 3475 552; x_wconf 84' lang='lat' dir='ltr'><strong>Nc</strong></span> <span class='ocrx_word' id='word_1_30' title='bbox 3495 498 3647 552; x_wconf 90' lang='lat' dir='ltr'><strong>clon-</strong></span> 
     </span>
    </p>
   </div>
   <div class='ocr_carea' id='block_1_6' title="bbox 373 590 1954 665">
    <p class='ocr_par' dir='ltr' id='par_1_6' title="bbox 373 590 1954 665">
     <span class='ocr_line' id='line_1_6' title="bbox 373 590 1954 665; baseline -0.003 -18"><span class='ocrx_word' id='word_1_31' title='bbox 373 594 804 665; x_wconf 60' lang='grc' dir='ltr'>μακρύνῃςμ-ί),</span> <span class='ocrx_word' id='word_1_32' title='bbox 836 618 852 647; x_wconf 74' lang='grc' dir='ltr'><strong>ι</strong></span> <span class='ocrx_word' id='word_1_33' title='bbox 880 596 998 648; x_wconf 73' lang='grc' dir='ltr'>ἀντὶ</span> <span class='ocrx_word' id='word_1_34' title='bbox 1025 594 1140 658; x_wconf 83' lang='grc' dir='ltr'>τοῦ,</span> <span class='ocrx_word' id='word_1_35' title='bbox 1171 593 1260 664; x_wconf 82' lang='grc' dir='ltr'><strong>Μὴ</strong></span> <span class='ocrx_word' id='word_1_36' title='bbox 1283 595 1501 664; x_wconf 71' lang='grc' dir='ltr'>μακρὰν</span> <span class='ocrx_word' id='word_1_37' title='bbox 1522 592 1654 662; x_wconf 78' lang='grc' dir='ltr'><strong>γένῃ</strong></span> <span class='ocrx_word' id='word_1_38' title='bbox 1681 592 1774 644; x_wconf 82' lang='grc' dir='ltr'>ἀπ’</span> <span class='ocrx_word' id='word_1_39' title='bbox 1799 590 1954 660; x_wconf 81' lang='grc' dir='ltr'>ἐμοῦ.</span> 
     </span>
    </p>
   </div>
   <div class='ocr_carea' id='block_1_7' title="bbox 446 683 1958 758">
    <p class='ocr_par' dir='ltr' id='par_1_7' title="bbox 446 683 1958 758">
     <span class='ocr_line' id='line_1_7' title="bbox 446 683 1958 758; baseline -0.003 -20"><span class='ocrx_word' id='word_1_40' title='bbox 446 686 555 739; x_wconf 75' lang='grc' dir='ltr'>Τοῦ</span> <span class='ocrx_word' id='word_1_41' title='bbox 587 687 796 741; x_wconf 76' lang='grc' dir='ltr'>αὑτοῦ.</span> <span class='ocrx_word' id='word_1_42' title='bbox 829 687 1060 758; x_wconf 78' lang='grc' dir='ltr'>Μακρὰν</span> <span class='ocrx_word' id='word_1_43' title='bbox 1094 685 1202 739; x_wconf 76' lang='grc' dir='ltr'><strong>ἀπὸ</strong></span> <span class='ocrx_word' id='word_1_44' title='bbox 1242 684 1534 755; x_wconf 76' lang='grc' dir='ltr'>ἀνθρώπου</span> <span class='ocrx_word' id='word_1_45' title='bbox 1571 684 1682 756; x_wconf 74' lang='grc'>(15)</span> <span class='ocrx_word' id='word_1_46' title='bbox 1746 683 1958 752; x_wconf 84' lang='grc' dir='ltr'>γίνεται</span> 
     </span>
    </p>
   </div>
   <div class='ocr_carea' id='block_1_8' title="bbox 367 775 1957 849">
    <p class='ocr_par' dir='ltr' id='par_1_8' title="bbox 367 775 1957 849">
     <span class='ocr_line' id='line_1_8' title="bbox 367 775 1957 849; baseline -0.001 -20"><span class='ocrx_word' id='word_1_47' title='bbox 367 778 396 829; x_wconf 78' lang='grc' dir='ltr'><strong>ὁ</strong></span> <span class='ocrx_word' id='word_1_48' title='bbox 421 776 574 840; x_wconf 82' lang='grc' dir='ltr'><strong>Θεὸς,</strong></span> <span class='ocrx_word' id='word_1_49' title='bbox 607 778 667 829; x_wconf 87' lang='grc' dir='ltr'><strong>ού</strong></span> <span class='ocrx_word' id='word_1_50' title='bbox 695 778 836 832; x_wconf 74' lang='grc' dir='ltr'>κατὰ</span> <span class='ocrx_word' id='word_1_51' title='bbox 869 779 966 849; x_wconf 84' lang='grc' dir='ltr'>τὴν</span> <span class='ocrx_word' id='word_1_52' title='bbox 994 779 1202 832; x_wconf 58' lang='grc' dir='ltr'>οὐσίαν</span> <span class='ocrx_word' id='word_1_53' title='bbox 1237 775 1535 849; x_wconf 78' lang='grc' dir='ltr'>(πανταχοῦ</span> <span class='ocrx_word' id='word_1_54' title='bbox 1571 777 1678 848; x_wconf 83' lang='grc' dir='ltr'>γὰρ</span> <span class='ocrx_word' id='word_1_55' title='bbox 1724 775 1957 847; x_wconf 84' lang='grc' dir='ltr'>πάρεστι</span> 
     </span>
    </p>
   </div>
   <div class='ocr_carea' id='block_1_9' title="bbox 367 869 1957 942">
    <p class='ocr_par' dir='ltr' id='par_1_9' title="bbox 367 869 1957 942">
     <span class='ocr_line' id='line_1_9' title="bbox 367 869 1957 942; baseline 0.001 -22"><span class='ocrx_word' id='word_1_56' title='bbox 367 869 463 921; x_wconf 75' lang='grc' dir='ltr'><strong>καὶ</strong></span> <span class='ocrx_word' id='word_1_57' title='bbox 493 869 560 922; x_wconf 68' lang='grc' dir='ltr'><strong>τὰ</strong></span> <span class='ocrx_word' id='word_1_58' title='bbox 594 869 770 923; x_wconf 82' lang='grc' dir='ltr'>πάντα</span> <span class='ocrx_word' id='word_1_59' title='bbox 801 870 1048 942; x_wconf 87' lang='grc' dir='ltr'>πληροῖ·)</span> <span class='ocrx_word' id='word_1_60' title='bbox 1076 871 1210 926; x_wconf 77' lang='grc' dir='ltr'>ἀλλὰ</span> <span class='ocrx_word' id='word_1_61' title='bbox 1241 871 1379 923; x_wconf 79' lang='grc' dir='ltr'>κατᾶ</span> <span class='ocrx_word' id='word_1_62' title='bbox 1426 871 1525 940; x_wconf 82' lang='grc' dir='ltr'>τὴν</span> <span class='ocrx_word' id='word_1_63' title='bbox 1569 870 1669 938; x_wconf 74' lang='grc' dir='ltr'><strong>τῆς</strong></span> <span class='ocrx_word' id='word_1_64' title='bbox 1697 869 1957 939; x_wconf 75' lang='grc' dir='ltr'>προνοίας</span> 
     </span>
    </p>
   </div>
   <div class='ocr_carea' id='block_1_10' title="bbox 369 959 1957 1034">
    <p class='ocr_par' dir='ltr' id='par_1_10' title="bbox 369 959 1957 1034">
     <span class='ocr_line' id='line_1_10' title="bbox 369 959 1957 1034; baseline 0.002 -23"><span class='ocrx_word' id='word_1_65' title='bbox 369 960 462 1012; x_wconf 71' lang='grc' dir='ltr'>καὶ</span> <span class='ocrx_word' id='word_1_66' title='bbox 490 960 586 1031; x_wconf 82' lang='grc' dir='ltr'>τὴν</span> <span class='ocrx_word' id='word_1_67' title='bbox 615 962 714 1032; x_wconf 84' lang='grc' dir='ltr'><strong>τῆς</strong></span> <span class='ocrx_word' id='word_1_68' title='bbox 757 962 1006 1034; x_wconf 73' lang='grc' dir='ltr'><strong>βοηθείας</strong></span> <span class='ocrx_word' id='word_1_69' title='bbox 1035 963 1332 1034; x_wconf 80' lang='grc' dir='ltr'><strong>ἐνέργειαν.</strong></span> <span class='ocrx_word' id='word_1_70' title='bbox 1371 959 1678 1031; x_wconf 81' lang='grc' dir='ltr'>Χωρίζεται</span> <span class='ocrx_word' id='word_1_71' title='bbox 1713 961 1771 1013; x_wconf 83' lang='grc' dir='ltr'>δὲ</span> <span class='ocrx_word' id='word_1_72' title='bbox 1801 961 1957 1031; x_wconf 81' lang='grc' dir='ltr'>ἡμῶν</span> 
     </span>
    </p>
   </div>
   <div class='ocr_carea' id='block_1_11' title="bbox 365 1051 1955 1126">
    <p class='ocr_par' dir='ltr' id='par_1_11' title="bbox 365 1051 1955 1126">
     <span class='ocr_line' id='line_1_11' title="bbox 365 1051 1955 1126; baseline 0.001 -24"><span class='ocrx_word' id='word_1_73' title='bbox 365 1051 453 1103; x_wconf 71' lang='grc' dir='ltr'><strong>διὰ</strong></span> <span class='ocrx_word' id='word_1_74' title='bbox 481 1052 544 1104; x_wconf 74' lang='grc' dir='ltr'>τὺ</span> <span class='ocrx_word' id='word_1_75' title='bbox 571 1052 806 1116; x_wconf 82' lang='grc' dir='ltr'><strong>δυσῶδες</strong></span> <span class='ocrx_word' id='word_1_76' title='bbox 834 1054 942 1107; x_wconf 88' lang='grc' dir='ltr'><strong>τῶν</strong></span> <span class='ocrx_word' id='word_1_77' title='bbox 973 1055 1258 1126; x_wconf 79' lang='grc' dir='ltr'><strong>ἡμετέρων</strong></span> <span class='ocrx_word' id='word_1_78' title='bbox 1303 1052 1742 1124; x_wconf 83' lang='grc' dir='ltr'>ἁμαρτημάτων,</span> <span class='ocrx_word' id='word_1_79' title='bbox 1773 1051 1955 1117; x_wconf 84' lang='grc' dir='ltr'>καθώς</span> 
     </span>
    </p>
   </div>
   <div class='ocr_carea' id='block_1_12' title="bbox 368 1143 1957 1218">
    <p class='ocr_par' dir='ltr' id='par_1_12' title="bbox 368 1143 1957 1218">
     <span class='ocr_line' id='line_1_12' title="bbox 368 1143 1957 1218; baseline 0.003 -24"><span class='ocrx_word' id='word_1_80' title='bbox 368 1160 499 1212; x_wconf 78' lang='grc' dir='ltr'>φησι</span> <span class='ocrx_word' id='word_1_81' title='bbox 529 1145 812 1215; x_wconf 71' lang='grc' dir='ltr'>προφήτης</span> <span class='ocrx_word' id='word_1_82' title='bbox 831 1143 1034 1218; x_wconf 77' lang='grc' dir='ltr'>ἕτεροςο</span> <span class='ocrx_word' id='word_1_83' title='bbox 1067 1165 1084 1198; x_wconf 80' lang='grc' dir='ltr'><strong>ι</strong></span> <span class='ocrx_word' id='word_1_84' title='bbox 1108 1148 1173 1198; x_wconf 79' lang='lat' dir='ltr'><strong>Ai</strong></span> <span class='ocrx_word' id='word_1_85' title='bbox 1204 1147 1466 1217; x_wconf 78' lang='grc' dir='ltr'>ἁμαρτίαι</span> <span class='ocrx_word' id='word_1_86' title='bbox 1501 1144 1654 1216; x_wconf 86' lang='grc' dir='ltr'>ὑμῶν</span> <span class='ocrx_word' id='word_1_87' title='bbox 1685 1144 1957 1198; x_wconf 83' lang='grc' dir='ltr'>διῖστῶσιν</span> 
     </span>
    </p>
   </div>
   <div class='ocr_carea' id='block_1_13' title="bbox 365 1233 1208 1308">
    <p class='ocr_par' dir='ltr' id='par_1_13' title="bbox 365 1233 1208 1308">
     <span class='ocr_line' id='line_1_13' title="bbox 365 1233 1208 1308; baseline 0.004 -23"><span class='ocrx_word' id='word_1_88' title='bbox 365 1233 471 1286; x_wconf 74' lang='grc' dir='ltr'><strong>ἀνὰ</strong></span> <span class='ocrx_word' id='word_1_89' title='bbox 507 1235 670 1304; x_wconf 75' lang='grc' dir='ltr'>μέσον</span> <span class='ocrx_word' id='word_1_90' title='bbox 698 1237 832 1306; x_wconf 77' lang='grc' dir='ltr'>ἐμοῦ</span> <span class='ocrx_word' id='word_1_91' title='bbox 863 1238 957 1290; x_wconf 75' lang='grc' dir='ltr'><strong>καὶ</strong></span> <span class='ocrx_word' id='word_1_92' title='bbox 988 1238 1160 1308; x_wconf 81' lang='grc' dir='ltr'>ὑμῶν.</span> <span class='ocrx_word' id='word_1_93' title='bbox 1192 1258 1208 1288; x_wconf 81' lang='grc' dir='ltr'><strong>ι</strong></span> 
     </span>
    </p>
   </div>
   <div class='ocr_carea' id='block_1_14' title="bbox 437 1327 1957 1398">
    <p class='ocr_par' dir='ltr' id='par_1_14' title="bbox 437 1327 1957 1398">
     <span class='ocr_line' id='line_1_14' title="bbox 437 1327 1957 1398; baseline 0.003 -21"><span class='ocrx_word' id='word_1_94' title='bbox 437 1327 972 1394; x_wconf 76' lang='grc' dir='ltr'>Περιϐαλέσθωσαν</span> <span class='ocrx_word' id='word_1_95' title='bbox 1028 1331 1334 1398; x_wconf 67' lang='grc' dir='ltr'>ίιὶσχύιιοην</span> <span class='ocrx_word' id='word_1_96' title='bbox 1391 1331 1489 1383; x_wconf 78' lang='grc' dir='ltr'>καὶ</span> <span class='ocrx_word' id='word_1_97' title='bbox 1542 1327 1850 1397; x_wconf 74' lang='grc' dir='ltr'>ἐντροπὴν</span> <span class='ocrx_word' id='word_1_98' title='bbox 1904 1333 1957 1382; x_wconf 83' lang='grc' dir='ltr'>οἱ</span> 
     </span>
    </p>
   </div>
   <div class='ocr_carea' id='block_1_15' title="bbox 364 1417 1956 1493">
    <p class='ocr_par' dir='ltr' id='par_1_15' title="bbox 364 1417 1956 1493">
     <span class='ocr_line' id='line_1_15' title="bbox 364 1417 1956 1493; baseline 0.003 -22"><span class='ocrx_word' id='word_1_99' title='bbox 364 1417 680 1486; x_wconf 77' lang='grc' dir='ltr'>ζητοῦντές</span> <span class='ocrx_word' id='word_1_100' title='bbox 701 1439 802 1490; x_wconf 84' lang='grc' dir='ltr'><strong>μοι</strong></span> <span class='ocrx_word' id='word_1_101' title='bbox 832 1421 1005 1486; x_wconf 82' lang='grc' dir='ltr'>κακὰ,</span> <span class='ocrx_word' id='word_1_102' title='bbox 1041 1441 1093 1475; x_wconf 82' lang='grc' dir='ltr'><strong>κ.</strong></span> <span class='ocrx_word' id='word_1_103' title='bbox 1131 1441 1178 1475; x_wconf 87' lang='grc' dir='ltr'><strong>τ.</strong></span> <span class='ocrx_word' id='word_1_104' title='bbox 1218 1424 1264 1475; x_wconf 83' lang='grc' dir='ltr'><strong>ὲ.</strong></span> <span class='ocrx_word' id='word_1_105' title='bbox 1301 1422 1396 1487; x_wconf 86' lang='grc' dir='ltr'>Τὸ,</span> <span class='ocrx_word' id='word_1_106' title='bbox 1431 1441 1448 1473; x_wconf 78' lang='grc' dir='ltr'><strong>ι</strong></span> <span class='ocrx_word' id='word_1_107' title='bbox 1481 1423 1650 1491; x_wconf 78' lang='grc' dir='ltr'>’Λφες</span> <span class='ocrx_word' id='word_1_108' title='bbox 1677 1419 1956 1493; x_wconf 73' lang='grc' dir='ltr'><strong>αύτῷ(46)</strong></span> 
     </span>
    </p>
   </div>
   <div class='ocr_carea' id='block_1_16' title="bbox 365 1511 1956 1586">
    <p class='ocr_par' dir='ltr' id='par_1_16' title="bbox 365 1511 1956 1586">
     <span class='ocr_line' id='line_1_16' title="bbox 365 1511 1956 1586; baseline 0.003 -24"><span class='ocrx_word' id='word_1_109' title='bbox 365 1511 422 1563; x_wconf 81' lang='grc' dir='ltr'><strong>τὸ</strong></span> <span class='ocrx_word' id='word_1_110' title='bbox 457 1513 690 1582; x_wconf 79' lang='grc' dir='ltr'>ἱμάτιον,</span> <span class='ocrx_word' id='word_1_111' title='bbox 719 1534 736 1564; x_wconf 74' lang='grc' dir='ltr'><strong>ι</strong></span> <span class='ocrx_word' id='word_1_112' title='bbox 775 1514 996 1568; x_wconf 81' lang='grc' dir='ltr'>δύναται</span> <span class='ocrx_word' id='word_1_113' title='bbox 1033 1515 1403 1586; x_wconf 75' lang='grc' dir='ltr'>ἀναφέρεσθαι</span> <span class='ocrx_word' id='word_1_114' title='bbox 1433 1515 1526 1568; x_wconf 71' lang='grc' dir='ltr'><strong>ἐπὶ</strong></span> <span class='ocrx_word' id='word_1_115' title='bbox 1561 1516 1660 1586; x_wconf 83' lang='grc' dir='ltr'>τὴν</span> <span class='ocrx_word' id='word_1_116' title='bbox 1695 1514 1956 1586; x_wconf 83' lang='grc' dir='ltr'>αἰσχύνην</span> 
     </span>
    </p>
   </div>
   <div class='ocr_carea' id='block_1_17' title="bbox 363 1603 1597 1680">
    <p class='ocr_par' dir='ltr' id='par_1_17' title="bbox 363 1603 1597 1680">
     <span class='ocr_line' id='line_1_17' title="bbox 363 1603 1597 1680; baseline 0.007 -26"><span class='ocrx_word' id='word_1_117' title='bbox 363 1603 457 1655; x_wconf 74' lang='grc' dir='ltr'>καὶ</span> <span class='ocrx_word' id='word_1_118' title='bbox 489 1606 777 1677; x_wconf 78' lang='grc' dir='ltr'>ἐντροπὴν,</span> <span class='ocrx_word' id='word_1_119' title='bbox 811 1607 876 1671; x_wconf 85' lang='grc' dir='ltr'><strong>ἂς</strong></span> <span class='ocrx_word' id='word_1_120' title='bbox 909 1609 1349 1680; x_wconf 86' lang='grc' dir='ltr'>περιϐάλλεταιὸ</span> <span class='ocrx_word' id='word_1_121' title='bbox 1371 1609 1597 1663; x_wconf 84' lang='grc' dir='ltr'>τοιόσδε.</span> 
     </span>
    </p>
   </div>
   <div class='ocr_carea' id='block_1_18' title="bbox 445 1695 1950 1770">
    <p class='ocr_par' dir='ltr' id='par_1_18' title="bbox 445 1695 1950 1770">
     <span class='ocr_line' id='line_1_18' title="bbox 445 1695 1950 1770; baseline 0.005 -23"><span class='ocrx_word' id='word_1_122' title='bbox 445 1695 593 1764; x_wconf 77' lang='grc' dir='ltr'><strong>Ἐγὼ</strong></span> <span class='ocrx_word' id='word_1_123' title='bbox 623 1695 690 1748; x_wconf 79' lang='grc' dir='ltr'>δὲ</span> <span class='ocrx_word' id='word_1_124' title='bbox 717 1697 814 1751; x_wconf 79' lang='grc' dir='ltr'>διὰ</span> <span class='ocrx_word' id='word_1_125' title='bbox 843 1701 1072 1767; x_wconf 77' lang='grc' dir='ltr'>παντὸς</span> <span class='ocrx_word' id='word_1_126' title='bbox 1111 1701 1320 1764; x_wconf 65' lang='lat' dir='ltr'><strong>emo,</strong></span> <span class='ocrx_word' id='word_1_127' title='bbox 1353 1701 1451 1754; x_wconf 79' lang='grc' dir='ltr'>καὶ</span> <span class='ocrx_word' id='word_1_128' title='bbox 1486 1700 1814 1770; x_wconf 82' lang='grc' dir='ltr'><strong>προσθήσω</strong></span> <span class='ocrx_word' id='word_1_129' title='bbox 1853 1701 1950 1755; x_wconf 77' lang='grc' dir='ltr'><strong>ἐπὶ</strong></span> 
     </span>
    </p>
   </div>
   <div class='ocr_carea' id='block_1_19' title="bbox 2064 589 3507 659">
    <p class='ocr_par' dir='ltr' id='par_1_19' title="bbox 2064 589 3507 659">
     <span class='ocr_line' id='line_1_19' title="bbox 2064 589 3507 659; baseline 0.001 -15"><span class='ocrx_word' id='word_1_130' title='bbox 2064 591 2208 659; x_wconf 81' lang='lat' dir='ltr'><strong>geris</strong></span> <span class='ocrx_word' id='word_1_131' title='bbox 2232 610 2250 644; x_wconf 76' lang='grc' dir='ltr'><strong>ι</strong></span> <span class='ocrx_word' id='word_1_132' title='bbox 2294 593 2434 645; x_wconf 88' lang='lat' dir='ltr'><strong>idem</strong></span> <span class='ocrx_word' id='word_1_133' title='bbox 2466 600 2551 645; x_wconf 89' lang='lat' dir='ltr'><strong>cst</strong></span> <span class='ocrx_word' id='word_1_134' title='bbox 2582 604 2646 642; x_wconf 88' lang='lat' dir='ltr'><strong>ac</strong></span> <span class='ocrx_word' id='word_1_135' title='bbox 2677 590 2722 644; x_wconf 89' lang='lat' dir='ltr'><strong>si</strong></span> <span class='ocrx_word' id='word_1_136' title='bbox 2750 589 2916 656; x_wconf 92' lang='lat' dir='ltr'><strong>dicat,</strong></span> <span class='ocrx_word' id='word_1_137' title='bbox 2937 589 3013 644; x_wconf 86' lang='lat' dir='ltr'><strong>Ne</strong></span> <span class='ocrx_word' id='word_1_138' title='bbox 3041 590 3202 659; x_wconf 85' lang='lat' dir='ltr'><strong>longe</strong></span> <span class='ocrx_word' id='word_1_139' title='bbox 3231 590 3308 644; x_wconf 89' lang='lat' dir='ltr'><strong>sis</strong></span> <span class='ocrx_word' id='word_1_140' title='bbox 3339 605 3367 643; x_wconf 90' lang='lat' dir='ltr'><strong>a</strong></span> <span class='ocrx_word' id='word_1_141' title='bbox 3401 605 3507 645; x_wconf 89' lang='lat' dir='ltr'><strong>me.</strong></span> 
     </span>
    </p>
   </div>
   <div class='ocr_carea' id='block_1_20' title="bbox 2138 682 3652 754">
    <p class='ocr_par' dir='ltr' id='par_1_20' title="bbox 2138 682 3652 754">
     <span class='ocr_line' id='line_1_20' title="bbox 2138 682 3652 754; baseline 0.001 -18"><span class='ocrx_word' id='word_1_142' title='bbox 2138 683 2421 754; x_wconf 79' lang='lat' dir='ltr'><strong>Ejusdem.</strong></span> <span class='ocrx_word' id='word_1_143' title='bbox 2449 683 2634 752; x_wconf 84' lang='lat' dir='ltr'><strong>Longe</strong></span> <span class='ocrx_word' id='word_1_144' title='bbox 2657 686 2724 736; x_wconf 90' lang='lat' dir='ltr'><strong>ab</strong></span> <span class='ocrx_word' id='word_1_145' title='bbox 2762 682 2987 738; x_wconf 84' lang='lat' dir='ltr'><strong>homine</strong></span> <span class='ocrx_word' id='word_1_146' title='bbox 3009 693 3094 738; x_wconf 91' lang='lat' dir='ltr'><strong>est</strong></span> <span class='ocrx_word' id='word_1_147' title='bbox 3123 683 3286 750; x_wconf 88' lang='lat' dir='ltr'><strong>Deus,</strong></span> <span class='ocrx_word' id='word_1_148' title='bbox 3311 699 3418 738; x_wconf 89' lang='lat' dir='ltr'><strong>non</strong></span> <span class='ocrx_word' id='word_1_149' title='bbox 3453 700 3652 740; x_wconf 90' lang='lat' dir='ltr'><strong>secun-</strong></span> 
     </span>
    </p>
   </div>
   <div class='ocr_carea' id='block_1_21' title="bbox 2063 775 3650 848">
    <p class='ocr_par' dir='ltr' id='par_1_21' title="bbox 2063 775 3650 848">
     <span class='ocr_line' id='line_1_21' title="bbox 2063 775 3650 848; baseline -0.001 -16"><span class='ocrx_word' id='word_1_150' title='bbox 2063 777 2188 832; x_wconf 89' lang='lat' dir='ltr'><strong>dmn</strong></span> <span class='ocrx_word' id='word_1_151' title='bbox 2220 776 2581 832; x_wconf 86' lang='lat' dir='ltr'><strong>substantiam</strong></span> <span class='ocrx_word' id='word_1_152' title='bbox 2619 775 2766 848; x_wconf 89' lang='lat' dir='ltr'><strong>(nam</strong></span> <span class='ocrx_word' id='word_1_153' title='bbox 2803 776 3003 845; x_wconf 89' lang='lat' dir='ltr'><strong>ubique</strong></span> <span class='ocrx_word' id='word_1_154' title='bbox 3044 791 3283 845; x_wconf 73' lang='lat' dir='ltr'><strong>prtesens</strong></span> <span class='ocrx_word' id='word_1_155' title='bbox 3325 787 3409 832; x_wconf 86' lang='lat' dir='ltr'><strong>est</strong></span> <span class='ocrx_word' id='word_1_156' title='bbox 3447 788 3500 832; x_wconf 91' lang='lat' dir='ltr'><strong>et</strong></span> <span class='ocrx_word' id='word_1_157' title='bbox 3531 793 3650 832; x_wconf 89' lang='lat' dir='ltr'><strong>om-</strong></span> 
     </span>
    </p>
   </div>
   <div class='ocr_carea' id='block_1_22' title="bbox 2063 869 3650 941">
    <p class='ocr_par' dir='ltr' id='par_1_22' title="bbox 2063 869 3650 941">
     <span class='ocr_line' id='line_1_22' title="bbox 2063 869 3650 941; baseline 0 -17"><span class='ocrx_word' id='word_1_158' title='bbox 2063 870 2154 924; x_wconf 92' lang='lat' dir='ltr'><strong>nia</strong></span> <span class='ocrx_word' id='word_1_159' title='bbox 2185 869 2400 941; x_wconf 87' lang='lat' dir='ltr'><strong>replet),</strong></span> <span class='ocrx_word' id='word_1_160' title='bbox 2434 870 2528 924; x_wconf 84' lang='lat' dir='ltr'><strong>sed</strong></span> <span class='ocrx_word' id='word_1_161' title='bbox 2573 869 2873 924; x_wconf 89' lang='lat' dir='ltr'><strong>secundum</strong></span> <span class='ocrx_word' id='word_1_162' title='bbox 2926 869 3280 938; x_wconf 71' lang='lat' dir='ltr'><strong>providentia:</strong></span> <span class='ocrx_word' id='word_1_163' title='bbox 3305 881 3361 924; x_wconf 92' lang='lat' dir='ltr'><strong>et</strong></span> <span class='ocrx_word' id='word_1_164' title='bbox 3391 869 3650 939; x_wconf 86' lang='lat' dir='ltr'><strong>adjutorii</strong></span> 
     </span>
    </p>
   </div>
   <div class='ocr_carea' id='block_1_23' title="bbox 2068 960 3651 1032">
    <p class='ocr_par' dir='ltr' id='par_1_23' title="bbox 2068 960 3651 1032">
     <span class='ocr_line' id='line_1_23' title="bbox 2068 960 3651 1032; baseline 0.001 -16"><span class='ocrx_word' id='word_1_165' title='bbox 2068 960 2390 1016; x_wconf 80' lang='lat' dir='ltr'><strong>elﬁcaciam.</strong></span> <span class='ocrx_word' id='word_1_166' title='bbox 2422 961 2723 1032; x_wconf 86' lang='lat' dir='ltr'><strong>Separatur</strong></span> <span class='ocrx_word' id='word_1_167' title='bbox 2743 969 2924 1015; x_wconf 89' lang='lat' dir='ltr'><strong>autem</strong></span> <span class='ocrx_word' id='word_1_168' title='bbox 2957 975 2988 1015; x_wconf 91' lang='lat' dir='ltr'><strong>a</strong></span> <span class='ocrx_word' id='word_1_169' title='bbox 3021 961 3182 1016; x_wconf 91' lang='lat' dir='ltr'><strong>nobis</strong></span> <span class='ocrx_word' id='word_1_170' title='bbox 3213 970 3436 1032; x_wconf 80' lang='lat' dir='ltr'><strong>propter</strong></span> <span class='ocrx_word' id='word_1_171' title='bbox 3461 977 3651 1032; x_wconf 88' lang='lat' dir='ltr'><strong>pecca-</strong></span> 
     </span>
    </p>
   </div>
   <div class='ocr_carea' id='block_1_24' title="bbox 2063 1053 3651 1123">
    <p class='ocr_par' dir='ltr' id='par_1_24' title="bbox 2063 1053 3651 1123">
     <span class='ocr_line' id='line_1_24' title="bbox 2063 1053 3651 1123; baseline 0.002 -16"><span class='ocrx_word' id='word_1_172' title='bbox 2063 1064 2237 1108; x_wconf 85' lang='lat' dir='ltr'><strong>torum</strong></span> <span class='ocrx_word' id='word_1_173' title='bbox 2300 1065 2614 1110; x_wconf 81' lang='lat' dir='ltr'><strong>nostrorum</strong></span> <span class='ocrx_word' id='word_1_174' title='bbox 2670 1053 2942 1118; x_wconf 60' lang='lat' dir='ltr'><strong>faetorem,</strong></span> <span class='ocrx_word' id='word_1_175' title='bbox 2989 1056 3449 1123; x_wconf 82' lang='lat' dir='ltr'><strong>quemadmodum</strong></span> <span class='ocrx_word' id='word_1_176' title='bbox 3513 1056 3651 1110; x_wconf 85' lang='lat' dir='ltr'><strong>alius</strong></span> 
     </span>
    </p>
   </div>
   <div class='ocr_carea' id='block_1_25' title="bbox 2065 1144 3651 1215">
    <p class='ocr_par' dir='ltr' id='par_1_25' title="bbox 2065 1144 3651 1215">
     <span class='ocr_line' id='line_1_25' title="bbox 2065 1144 3651 1215; baseline 0.003 -17"><span class='ocrx_word' id='word_1_177' title='bbox 2065 1145 2328 1214; x_wconf 76' lang='lat' dir='ltr'><strong>propheta</strong></span> <span class='ocrx_word' id='word_1_178' title='bbox 2368 1145 2536 1200; x_wconf 89' lang='lat' dir='ltr'><strong>dicit:</strong></span> <span class='ocrx_word' id='word_1_179' title='bbox 2571 1162 2588 1196; x_wconf 81' lang='grc' dir='ltr'><strong>ι</strong></span> <span class='ocrx_word' id='word_1_180' title='bbox 2611 1144 2844 1202; x_wconf 81' lang='lat' dir='ltr'><strong>Peccata</strong></span> <span class='ocrx_word' id='word_1_181' title='bbox 2881 1157 3066 1203; x_wconf 89' lang='lat' dir='ltr'><strong>vestra</strong></span> <span class='ocrx_word' id='word_1_182' title='bbox 3103 1156 3362 1215; x_wconf 78' lang='lat' dir='ltr'><strong>separant</strong></span> <span class='ocrx_word' id='word_1_183' title='bbox 3394 1147 3535 1201; x_wconf 86' lang='lat' dir='ltr'><strong>inter</strong></span> <span class='ocrx_word' id='word_1_184' title='bbox 3565 1161 3651 1202; x_wconf 91' lang='lat' dir='ltr'><strong>me</strong></span> 
     </span>
    </p>
   </div>
   <div class='ocr_carea' id='block_1_26' title="bbox 2060 1236 2376 1289">
    <p class='ocr_par' dir='ltr' id='par_1_26' title="bbox 2060 1236 2376 1289">
     <span class='ocr_line' id='line_1_26' title="bbox 2060 1236 2376 1289; baseline 0.003 -2"><span class='ocrx_word' id='word_1_185' title='bbox 2060 1244 2116 1288; x_wconf 92' lang='lat' dir='ltr'><strong>ct</strong></span> <span class='ocrx_word' id='word_1_186' title='bbox 2143 1249 2238 1289; x_wconf 85' lang='lat' dir='ltr'><strong>vos</strong></span> <span class='ocrx_word' id='word_1_187' title='bbox 2255 1236 2318 1288; x_wconf 71' lang='grc'><strong>³⁸.</strong></span> <span class='ocrx_word' id='word_1_188' title='bbox 2358 1254 2376 1288; x_wconf 74' lang='grc' dir='ltr'><strong>ι</strong></span> 
     </span>
    </p>
   </div>
   <div class='ocr_carea' id='block_1_27' title="bbox 2130 1326 3648 1400">
    <p class='ocr_par' dir='ltr' id='par_1_27' title="bbox 2130 1326 3648 1400">
     <span class='ocr_line' id='line_1_27' title="bbox 2130 1326 3648 1400; baseline 0.001 -19"><span class='ocrx_word' id='word_1_189' title='bbox 2130 1326 2296 1382; x_wconf 85' lang='lat' dir='ltr'><strong>Vens.</strong></span> <span class='ocrx_word' id='word_1_190' title='bbox 2327 1328 2414 1382; x_wconf 78' lang='lat' dir='ltr'><strong>I3.</strong></span> <span class='ocrx_word' id='word_1_191' title='bbox 2471 1328 2796 1398; x_wconf 70' lang='lat' dir='ltr'><strong>Oper-iantur</strong></span> <span class='ocrx_word' id='word_1_192' title='bbox 2851 1329 3164 1389; x_wconf 79' lang='lat' dir='ltr'><strong>confusione</strong></span> <span class='ocrx_word' id='word_1_193' title='bbox 3219 1339 3268 1384; x_wconf 88' lang='lat' dir='ltr'><strong>et</strong></span> <span class='ocrx_word' id='word_1_194' title='bbox 3307 1330 3510 1400; x_wconf 81' lang='lat' dir='ltr'><strong>pudore</strong></span> <span class='ocrx_word' id='word_1_195' title='bbox 3558 1332 3648 1399; x_wconf 76' lang='lat' dir='ltr'><strong>qui</strong></span> 
     </span>
    </p>
   </div>
   <div class='ocr_carea' id='block_1_28' title="bbox 2058 1419 3648 1491">
    <p class='ocr_par' dir='ltr' id='par_1_28' title="bbox 2058 1419 3648 1491">
     <span class='ocr_line' id='line_1_28' title="bbox 2058 1419 3648 1491; baseline 0.003 -21"><span class='ocrx_word' id='word_1_196' title='bbox 2058 1429 2299 1485; x_wconf 67' lang='lat' dir='ltr'><strong>quierunt</strong></span> <span class='ocrx_word' id='word_1_197' title='bbox 2336 1419 2479 1474; x_wconf 87' lang='lat' dir='ltr'><strong>mala</strong></span> <span class='ocrx_word' id='word_1_198' title='bbox 2534 1421 2690 1486; x_wconf 83' lang='lat' dir='ltr'><strong>mihi,</strong></span> <span class='ocrx_word' id='word_1_199' title='bbox 2730 1431 2838 1475; x_wconf 89' lang='lat' dir='ltr'><strong>etc.</strong></span> <span class='ocrx_word' id='word_1_200' title='bbox 2897 1421 3059 1486; x_wconf 92' lang='lat' dir='ltr'><strong>lllud,</strong></span> <span class='ocrx_word' id='word_1_201' title='bbox 3109 1420 3369 1477; x_wconf 69' lang='lat' dir='ltr'><strong>«Dimitte</strong></span> <span class='ocrx_word' id='word_1_202' title='bbox 3404 1421 3478 1476; x_wconf 90' lang='lat' dir='ltr'><strong>illi</strong></span> <span class='ocrx_word' id='word_1_203' title='bbox 3532 1421 3648 1491; x_wconf 78' lang='lat' dir='ltr'><strong>pal-</strong></span> 
     </span>
    </p>
   </div>
   <div class='ocr_carea' id='block_1_29' title="bbox 2061 1509 3646 1582">
    <p class='ocr_par' dir='ltr' id='par_1_29' title="bbox 2061 1509 3646 1582">
     <span class='ocr_line' id='line_1_29' title="bbox 2061 1509 3646 1582; baseline 0.004 -20"><span class='ocrx_word' id='word_1_204' title='bbox 2061 1509 2190 1563; x_wconf 88' lang='lat' dir='ltr'><strong>lium</strong></span> <span class='ocrx_word' id='word_1_205' title='bbox 2216 1510 2282 1576; x_wconf 80' lang='grc' dir='ltr'>³ο,</span> <span class='ocrx_word' id='word_1_206' title='bbox 2315 1531 2333 1563; x_wconf 73' lang='grc' dir='ltr'><strong>ι</strong></span> <span class='ocrx_word' id='word_1_207' title='bbox 2367 1511 2560 1566; x_wconf 77' lang='lat' dir='ltr'><strong>referri</strong></span> <span class='ocrx_word' id='word_1_208' title='bbox 2614 1523 2795 1582; x_wconf 86' lang='lat' dir='ltr'><strong>potest</strong></span> <span class='ocrx_word' id='word_1_209' title='bbox 2834 1513 2900 1567; x_wconf 90' lang='lat' dir='ltr'><strong>ad</strong></span> <span class='ocrx_word' id='word_1_210' title='bbox 2949 1512 3328 1569; x_wconf 78' lang='lat' dir='ltr'><strong>confusionem</strong></span> <span class='ocrx_word' id='word_1_211' title='bbox 3365 1523 3419 1568; x_wconf 89' lang='lat' dir='ltr'><strong>et</strong></span> <span class='ocrx_word' id='word_1_212' title='bbox 3474 1513 3646 1582; x_wconf 87' lang='lat' dir='ltr'><strong>pudo-</strong></span> 
     </span>
    </p>
   </div>
   <div class='ocr_carea' id='block_1_30' title="bbox 2063 1601 3244 1672">
    <p class='ocr_par' dir='ltr' id='par_1_30' title="bbox 2063 1601 3244 1672">
     <span class='ocr_line' id='line_1_30' title="bbox 2063 1601 3244 1672; baseline 0.002 -18"><span class='ocrx_word' id='word_1_213' title='bbox 2063 1615 2177 1654; x_wconf 89' lang='lat' dir='ltr'><strong>rem</strong></span> <span class='ocrx_word' id='word_1_214' title='bbox 2215 1601 2411 1668; x_wconf 88' lang='lat' dir='ltr'><strong>quibus</strong></span> <span class='ocrx_word' id='word_1_215' title='bbox 2437 1602 2690 1671; x_wconf 82' lang='lat' dir='ltr'><strong>operitur</strong></span> <span class='ocrx_word' id='word_1_216' title='bbox 2721 1601 2814 1672; x_wconf 89' lang='lat' dir='ltr'><strong>qui</strong></span> <span class='ocrx_word' id='word_1_217' title='bbox 2849 1602 3116 1670; x_wconf 87' lang='lat' dir='ltr'><strong>ejusmodi</strong></span> <span class='ocrx_word' id='word_1_218' title='bbox 3139 1612 3244 1657; x_wconf 90' lang='lat' dir='ltr'><strong>est.</strong></span> 
     </span>
    </p>
   </div>
   <div class='ocr_carea' id='block_1_31' title="bbox 2133 1692 3649 1763">
    <p class='ocr_par' dir='ltr' id='par_1_31' title="bbox 2133 1692 3649 1763">
     <span class='ocr_line' id='line_1_31' title="bbox 2133 1692 3649 1763; baseline 0 -16"><span class='ocrx_word' id='word_1_219' title='bbox 2133 1693 2299 1747; x_wconf 91' lang='lat' dir='ltr'><strong>Vens.</strong></span> <span class='ocrx_word' id='word_1_220' title='bbox 2337 1693 2422 1748; x_wconf 76' lang='lat' dir='ltr'><strong>M.</strong></span> <span class='ocrx_word' id='word_1_221' title='bbox 2463 1693 2574 1763; x_wconf 82' lang='lat' dir='ltr'><strong>Ego</strong></span> <span class='ocrx_word' id='word_1_222' title='bbox 2601 1701 2777 1747; x_wconf 87' lang='lat' dir='ltr'><strong>autem</strong></span> <span class='ocrx_word' id='word_1_223' title='bbox 2799 1709 3005 1760; x_wconf 80' lang='lat' dir='ltr'><strong>semper</strong></span> <span class='ocrx_word' id='word_1_224' title='bbox 3027 1692 3270 1762; x_wconf 79' lang='lat' dir='ltr'><strong>sperabo,</strong></span> <span class='ocrx_word' id='word_1_225' title='bbox 3320 1703 3367 1747; x_wconf 86' lang='lat' dir='ltr'><strong>et</strong></span> <span class='ocrx_word' id='word_1_226' title='bbox 3392 1693 3649 1763; x_wconf 85' lang='lat' dir='ltr'><strong>adjiciam</strong></span> 
     </span>
    </p>
   </div>
   <div class='ocr_carea' id='block_1_32' title="bbox 361 1784 1946 1865">
    <p class='ocr_par' dir='ltr' id='par_1_32' title="bbox 361 1788 1946 1865">
     <span class='ocr_line' id='line_1_32' title="bbox 361 1788 1946 1865; baseline 0.004 -25"><span class='ocrx_word' id='word_1_227' title='bbox 361 1788 566 1841; x_wconf 76' lang='grc' dir='ltr'>πᾶσαν</span> <span class='ocrx_word' id='word_1_228' title='bbox 587 1789 702 1858; x_wconf 76' lang='grc' dir='ltr'><strong>τὴν</strong></span> <span class='ocrx_word' id='word_1_229' title='bbox 721 1790 962 1845; x_wconf 80' lang='grc' dir='ltr'>αἵνεσίν</span> <span class='ocrx_word' id='word_1_230' title='bbox 985 1806 1124 1856; x_wconf 86' lang='grc' dir='ltr'>σου,</span> <span class='ocrx_word' id='word_1_231' title='bbox 1149 1811 1203 1847; x_wconf 90' lang='grc' dir='ltr'><strong>κ.</strong></span> <span class='ocrx_word' id='word_1_232' title='bbox 1221 1811 1270 1845; x_wconf 87' lang='grc' dir='ltr'><strong>τ.</strong></span> <span class='ocrx_word' id='word_1_233' title='bbox 1297 1794 1342 1848; x_wconf 80' lang='grc' dir='ltr'>ὲ.</span> <span class='ocrx_word' id='word_1_234' title='bbox 1366 1794 1566 1846; x_wconf 79' lang='grc' dir='ltr'>Πολλαὶ</span> <span class='ocrx_word' id='word_1_235' title='bbox 1588 1794 1824 1858; x_wconf 74' lang='grc' dir='ltr'>αἰνέσεις</span> <span class='ocrx_word' id='word_1_236' title='bbox 1839 1793 1946 1865; x_wconf 67' lang='grc'>(47)</span> 
     </span>
    </p>
   </div>
   <div class='ocr_carea' id='block_1_33' title="bbox 2054 1784 3650 1865">
    <p class='ocr_par' dir='ltr' id='par_1_33' title="bbox 2059 1784 3650 1853">
     <span class='ocr_line' id='line_1_33' title="bbox 2059 1784 3650 1853; baseline 0 -15"><span class='ocrx_word' id='word_1_237' title='bbox 2059 1801 2218 1853; x_wconf 79' lang='lat' dir='ltr'><strong>super</strong></span> <span class='ocrx_word' id='word_1_238' title='bbox 2245 1801 2450 1838; x_wconf 85' lang='lat' dir='ltr'><strong>onmem</strong></span> <span class='ocrx_word' id='word_1_239' title='bbox 2476 1785 2690 1838; x_wconf 86' lang='lat' dir='ltr'><strong>laudem</strong></span> <span class='ocrx_word' id='word_1_240' title='bbox 2716 1794 2885 1851; x_wconf 78' lang='lat' dir='ltr'><strong>luant,</strong></span> <span class='ocrx_word' id='word_1_241' title='bbox 2910 1794 3019 1840; x_wconf 89' lang='lat' dir='ltr'><strong>etc.</strong></span> <span class='ocrx_word' id='word_1_242' title='bbox 3049 1784 3309 1840; x_wconf 69' lang='lat' dir='ltr'><strong>Plurimae</strong></span> <span class='ocrx_word' id='word_1_243' title='bbox 3338 1785 3497 1840; x_wconf 73' lang='lat' dir='ltr'><strong>dieue</strong></span> <span class='ocrx_word' id='word_1_244' title='bbox 3521 1797 3650 1839; x_wconf 88' lang='lat' dir='ltr'><strong>sunt</strong></span> 
     </span>
    </p>
   </div>
   <div class='ocr_carea' id='block_1_34' title="bbox 359 1879 1951 1957">
    <p class='ocr_par' dir='ltr' id='par_1_34' title="bbox 359 1879 1951 1957">
     <span class='ocr_line' id='line_1_34' title="bbox 359 1879 1951 1957; baseline 0.007 -28"><span class='ocrx_word' id='word_1_245' title='bbox 359 1879 604 1949; x_wconf 76' lang='grc' dir='ltr'>εἴρηνται</span> <span class='ocrx_word' id='word_1_246' title='bbox 637 1880 730 1934; x_wconf 87' lang='grc' dir='ltr'><strong>τοῦ</strong></span> <span class='ocrx_word' id='word_1_247' title='bbox 753 1881 887 1935; x_wconf 83' lang='grc' dir='ltr'>Θεοῦ</span> <span class='ocrx_word' id='word_1_248' title='bbox 913 1885 970 1936; x_wconf 79' lang='grc' dir='ltr'>ἐν</span> <span class='ocrx_word' id='word_1_249' title='bbox 989 1884 1140 1954; x_wconf 85' lang='grc' dir='ltr'>νόμῳ</span> <span class='ocrx_word' id='word_1_250' title='bbox 1163 1887 1258 1937; x_wconf 74' lang='grc' dir='ltr'><strong>καὶ</strong></span> <span class='ocrx_word' id='word_1_251' title='bbox 1278 1887 1606 1956; x_wconf 83' lang='grc' dir='ltr'>προφήταις,</span> <span class='ocrx_word' id='word_1_252' title='bbox 1622 1882 1710 1949; x_wconf 72' lang='grc' dir='ltr'>αἷς</span> <span class='ocrx_word' id='word_1_253' title='bbox 1730 1887 1951 1957; x_wconf 85' lang='grc' dir='ltr'>προστί-</span> 
     </span>
    </p>
   </div>
   <div class='ocr_carea' id='block_1_35' title="bbox 360 1971 1951 2048">
    <p class='ocr_par' dir='ltr' id='par_1_35' title="bbox 360 1971 1951 2048">
     <span class='ocr_line' id='line_1_35' title="bbox 360 1971 1951 2048; baseline 0.005 -25"><span class='ocrx_word' id='word_1_254' title='bbox 360 1971 518 2042; x_wconf 80' lang='grc' dir='ltr'>θησιν</span> <span class='ocrx_word' id='word_1_255' title='bbox 545 1976 572 2027; x_wconf 79' lang='grc' dir='ltr'><strong><em>ὁ</em></strong></span> <span class='ocrx_word' id='word_1_256' title='bbox 589 1974 777 2029; x_wconf 72' lang='grc' dir='ltr'>είπιίινο</span> <span class='ocrx_word' id='word_1_257' title='bbox 804 1996 821 2027; x_wconf 82' lang='grc' dir='ltr'><strong>ι</strong></span> <span class='ocrx_word' id='word_1_258' title='bbox 845 1977 959 2030; x_wconf 86' lang='grc' dir='ltr'><strong>υύκ</strong></span> <span class='ocrx_word' id='word_1_259' title='bbox 983 1972 1146 2048; x_wconf 77' lang='grc' dir='ltr'>ἦλθον</span> <span class='ocrx_word' id='word_1_260' title='bbox 1167 1977 1470 2031; x_wconf 85' lang='grc' dir='ltr'>καταλῦσαι</span> <span class='ocrx_word' id='word_1_261' title='bbox 1490 1977 1580 2030; x_wconf 83' lang='grc' dir='ltr'>τὸν</span> <span class='ocrx_word' id='word_1_262' title='bbox 1597 1978 1760 2048; x_wconf 88' lang='grc' dir='ltr'>νόμον</span> <span class='ocrx_word' id='word_1_263' title='bbox 1781 1979 1951 2044; x_wconf 76' lang='grc' dir='ltr'>ἧτοὺς</span> 
     </span>
    </p>
   </div>
   <div class='ocr_carea' id='block_1_36' title="bbox 358 2066 1951 2141">
    <p class='ocr_par' dir='ltr' id='par_1_36' title="bbox 358 2066 1951 2141">
     <span class='ocr_line' id='line_1_36' title="bbox 358 2066 1951 2141; baseline 0.004 -25"><span class='ocrx_word' id='word_1_264' title='bbox 358 2066 667 2136; x_wconf 81' lang='grc' dir='ltr'>προφήτας,</span> <span class='ocrx_word' id='word_1_265' title='bbox 721 2068 860 2122; x_wconf 79' lang='grc' dir='ltr'><strong>ἀλλὰ</strong></span> <span class='ocrx_word' id='word_1_266' title='bbox 911 2069 1222 2140; x_wconf 81' lang='grc' dir='ltr'>πληρῶσαι,</span> <span class='ocrx_word' id='word_1_267' title='bbox 1253 2089 1271 2122; x_wconf 74' lang='grc' dir='ltr'><strong>ι</strong></span> <span class='ocrx_word' id='word_1_268' title='bbox 1322 2070 1398 2134; x_wconf 83' lang='grc' dir='ltr'>ὡς</span> <span class='ocrx_word' id='word_1_269' title='bbox 1455 2069 1680 2140; x_wconf 79' lang='grc' dir='ltr'>ἀρέσκει</span> <span class='ocrx_word' id='word_1_270' title='bbox 1734 2072 1800 2141; x_wconf 82' lang='grc' dir='ltr'>τῇ</span> <span class='ocrx_word' id='word_1_271' title='bbox 1855 2069 1951 2123; x_wconf 89' lang='grc' dir='ltr'><strong>τοῦ</strong></span> 
     </span>
    </p>
   </div>
   <div class='ocr_carea' id='block_1_37' title="bbox 358 2157 1272 2232">
    <p class='ocr_par' dir='ltr' id='par_1_37' title="bbox 358 2157 1272 2232">
     <span class='ocr_line' id='line_1_37' title="bbox 358 2157 1272 2232; baseline 0.008 -25"><span class='ocrx_word' id='word_1_272' title='bbox 358 2157 594 2226; x_wconf 82' lang='grc' dir='ltr'>Χριστοῦ</span> <span class='ocrx_word' id='word_1_273' title='bbox 627 2159 902 2232; x_wconf 82' lang='grc' dir='ltr'>ἐπωνύμῳ</span> <span class='ocrx_word' id='word_1_274' title='bbox 949 2160 1272 2232; x_wconf 73' lang='grc' dir='ltr'>Ἐκκλησία.</span> 
     </span>
    </p>
   </div>
   <div class='ocr_carea' id='block_1_38' title="bbox 431 2247 1951 2322">
    <p class='ocr_par' dir='ltr' id='par_1_38' title="bbox 431 2247 1951 2322">
     <span class='ocr_line' id='line_1_38' title="bbox 431 2247 1951 2322; baseline 0.005 -25"><span class='ocrx_word' id='word_1_275' title='bbox 431 2247 558 2299; x_wconf 84' lang='grc' dir='ltr'>Ὅτι</span> <span class='ocrx_word' id='word_1_276' title='bbox 610 2251 724 2302; x_wconf 79' lang='grc' dir='ltr'>οὐκ</span> <span class='ocrx_word' id='word_1_277' title='bbox 773 2250 966 2320; x_wconf 65' lang='grc' dir='ltr'><strong>ἔγνων</strong></span> <span class='ocrx_word' id='word_1_278' title='bbox 1021 2251 1437 2322; x_wconf 67' lang='grc' dir='ltr'>πραμματείας,</span> <span class='ocrx_word' id='word_1_279' title='bbox 1474 2270 1525 2305; x_wconf 91' lang='grc' dir='ltr'><strong>κ.</strong></span> <span class='ocrx_word' id='word_1_280' title='bbox 1555 2269 1604 2305; x_wconf 87' lang='grc' dir='ltr'><strong>τ.</strong></span> <span class='ocrx_word' id='word_1_281' title='bbox 1660 2253 1708 2306; x_wconf 83' lang='grc' dir='ltr'><strong>ἐ.</strong></span> <span class='ocrx_word' id='word_1_282' title='bbox 1741 2252 1802 2304; x_wconf 82' lang='lat' dir='ltr'><strong>Ei</strong></span> <span class='ocrx_word' id='word_1_283' title='bbox 1835 2252 1951 2305; x_wconf 81' lang='grc' dir='ltr'>ἐστι</span> 
     </span>
    </p>
   </div>
   <div class='ocr_carea' id='block_1_39' title="bbox 356 2338 1946 2414">
    <p class='ocr_par' dir='ltr' id='par_1_39' title="bbox 356 2338 1946 2414">
     <span class='ocr_line' id='line_1_39' title="bbox 356 2338 1946 2414; baseline 0.006 -24"><span class='ocrx_word' id='word_1_284' title='bbox 356 2338 590 2409; x_wconf 80' lang='grc' dir='ltr'>γράμμα</span> <span class='ocrx_word' id='word_1_285' title='bbox 613 2339 725 2412; x_wconf 68' lang='grc'>(18)</span> <span class='ocrx_word' id='word_1_286' title='bbox 773 2342 869 2412; x_wconf 82' lang='grc' dir='ltr'><strong>μὲν</strong></span> <span class='ocrx_word' id='word_1_287' title='bbox 900 2345 1239 2406; x_wconf 86' lang='grc' dir='ltr'>ἀποκτεῖνον,</span> <span class='ocrx_word' id='word_1_288' title='bbox 1278 2343 1494 2414; x_wconf 87' lang='grc' dir='ltr'>πνεῦμα</span> <span class='ocrx_word' id='word_1_289' title='bbox 1525 2344 1582 2397; x_wconf 79' lang='grc' dir='ltr'>δὲ</span> <span class='ocrx_word' id='word_1_290' title='bbox 1630 2343 1946 2408; x_wconf 80' lang='grc' dir='ltr'>ζωοποιοῦν,</span> 
     </span>
    </p>
   </div>
   <div class='ocr_carea' id='block_1_40' title="bbox 355 2431 1950 2508">
    <p class='ocr_par' dir='ltr' id='par_1_40' title="bbox 355 2431 1950 2508">
     <span class='ocr_line' id='line_1_40' title="bbox 355 2431 1950 2508; baseline 0.006 -26"><span class='ocrx_word' id='word_1_291' title='bbox 355 2431 415 2482; x_wconf 81' lang='grc' dir='ltr'><strong>τὸ</strong></span> <span class='ocrx_word' id='word_1_292' title='bbox 441 2431 540 2500; x_wconf 79' lang='grc' dir='ltr'>μὲν</span> <span class='ocrx_word' id='word_1_293' title='bbox 568 2432 898 2504; x_wconf 83' lang='grc' dir='ltr'>παρώνυμον</span> <span class='ocrx_word' id='word_1_294' title='bbox 924 2436 1018 2488; x_wconf 90' lang='grc' dir='ltr'><strong>τοῦ</strong></span> <span class='ocrx_word' id='word_1_295' title='bbox 1047 2437 1375 2507; x_wconf 81' lang='grc' dir='ltr'>γράμματος</span> <span class='ocrx_word' id='word_1_296' title='bbox 1403 2439 1502 2490; x_wconf 79' lang='grc' dir='ltr'><strong>οὐκ</strong></span> <span class='ocrx_word' id='word_1_297' title='bbox 1529 2437 1669 2506; x_wconf 82' lang='grc' dir='ltr'>ἔγνω</span> <span class='ocrx_word' id='word_1_298' title='bbox 1697 2440 1724 2492; x_wconf 85' lang='grc' dir='ltr'>ὁ</span> <span class='ocrx_word' id='word_1_299' title='bbox 1755 2437 1950 2508; x_wconf 80' lang='grc' dir='ltr'>γινώσ-</span> 
     </span>
    </p>
   </div>
   <div class='ocr_carea' id='block_1_41' title="bbox 355 2523 1946 2602">
    <p class='ocr_par' dir='ltr' id='par_1_41' title="bbox 355 2523 1946 2602">
     <span class='ocr_line' id='line_1_41' title="bbox 355 2523 1946 2602; baseline 0.006 -27"><span class='ocrx_word' id='word_1_300' title='bbox 355 2538 467 2575; x_wconf 82' lang='grc' dir='ltr'><strong>κων</strong></span> <span class='ocrx_word' id='word_1_301' title='bbox 506 2523 708 2596; x_wconf 85' lang='grc' dir='ltr'>Κύριος</span> <span class='ocrx_word' id='word_1_302' title='bbox 733 2526 861 2592; x_wconf 82' lang='grc' dir='ltr'>τοὺς</span> <span class='ocrx_word' id='word_1_303' title='bbox 892 2527 1057 2594; x_wconf 82' lang='grc' dir='ltr'>ὄντας</span> <span class='ocrx_word' id='word_1_304' title='bbox 1084 2530 1268 2583; x_wconf 82' lang='grc' dir='ltr'>αὐτοῦ·</span> <span class='ocrx_word' id='word_1_305' title='bbox 1299 2530 1361 2584; x_wconf 84' lang='grc' dir='ltr'><strong>τὸ</strong></span> <span class='ocrx_word' id='word_1_306' title='bbox 1405 2531 1461 2583; x_wconf 84' lang='grc' dir='ltr'>δὲ</span> <span class='ocrx_word' id='word_1_307' title='bbox 1498 2530 1830 2602; x_wconf 85' lang='grc' dir='ltr'>παρώνυμον</span> <span class='ocrx_word' id='word_1_308' title='bbox 1853 2530 1946 2585; x_wconf 90' lang='grc' dir='ltr'><strong>τοῦ</strong></span> 
     </span>
    </p>
   </div>
   <div class='ocr_carea' id='block_1_42' title="bbox 357 2612 858 2684">
    <p class='ocr_par' dir='ltr' id='par_1_42' title="bbox 357 2612 858 2684">
     <span class='ocr_line' id='line_1_42' title="bbox 357 2612 858 2684; baseline 0.016 -22"><span class='ocrx_word' id='word_1_309' title='bbox 357 2612 665 2683; x_wconf 87' lang='grc' dir='ltr'>πνεύματος</span> <span class='ocrx_word' id='word_1_310' title='bbox 698 2614 858 2684; x_wconf 73' lang='grc' dir='ltr'>ἔγνω.</span> 
     </span>
    </p>
   </div>
   <div class='ocr_carea' id='block_1_43' title="bbox 429 2707 1951 2782">
    <p class='ocr_par' dir='ltr' id='par_1_43' title="bbox 429 2707 1951 2782">
     <span class='ocr_line' id='line_1_43' title="bbox 429 2707 1951 2782; baseline 0.006 -24"><span class='ocrx_word' id='word_1_311' title='bbox 429 2707 620 2774; x_wconf 77' lang='grc' dir='ltr'>Κύριε,</span> <span class='ocrx_word' id='word_1_312' title='bbox 659 2709 1093 2780; x_wconf 76' lang='grc' dir='ltr'>μνησθήσομαι</span> <span class='ocrx_word' id='word_1_313' title='bbox 1128 2710 1239 2779; x_wconf 81' lang='grc' dir='ltr'>τῆς</span> <span class='ocrx_word' id='word_1_314' title='bbox 1267 2712 1663 2780; x_wconf 82' lang='grc' dir='ltr'>δικαιοσύνης</span> <span class='ocrx_word' id='word_1_315' title='bbox 1695 2727 1812 2767; x_wconf 91' lang='grc' dir='ltr'><strong>σου</strong></span> <span class='ocrx_word' id='word_1_316' title='bbox 1843 2715 1951 2782; x_wconf 86' lang='grc' dir='ltr'><strong>μό·-</strong></span> 
     </span>
    </p>
   </div>
   <div class='ocr_carea' id='block_1_44' title="bbox 355 2799 1950 2876">
    <p class='ocr_par' dir='ltr' id='par_1_44' title="bbox 355 2799 1950 2876">
     <span class='ocr_line' id='line_1_44' title="bbox 355 2799 1950 2876; baseline 0.006 -27"><span class='ocrx_word' id='word_1_317' title='bbox 355 2814 485 2862; x_wconf 69' lang='grc' dir='ltr'>ονου,</span> <span class='ocrx_word' id='word_1_318' title='bbox 509 2817 560 2851; x_wconf 85' lang='grc' dir='ltr'><strong>κ.</strong></span> <span class='ocrx_word' id='word_1_319' title='bbox 580 2816 632 2854; x_wconf 85' lang='grc' dir='ltr'><strong>τ.</strong></span> <span class='ocrx_word' id='word_1_320' title='bbox 653 2801 700 2855; x_wconf 81' lang='grc' dir='ltr'>ὲ.</span> <span class='ocrx_word' id='word_1_321' title='bbox 719 2799 832 2872; x_wconf 85' lang='grc' dir='ltr'><strong>Τῆς</strong></span> <span class='ocrx_word' id='word_1_322' title='bbox 858 2801 953 2855; x_wconf 89' lang='grc' dir='ltr'><strong>τοῦ</strong></span> <span class='ocrx_word' id='word_1_323' title='bbox 974 2802 1190 2876; x_wconf 80' lang='grc' dir='ltr'>Πατρὸς</span> <span class='ocrx_word' id='word_1_324' title='bbox 1211 2803 1319 2876; x_wconf 72' lang='grc'>(49)</span> <span class='ocrx_word' id='word_1_325' title='bbox 1337 2803 1684 2876; x_wconf 85' lang='grc' dir='ltr'>δικαιοσύνης</span> <span class='ocrx_word' id='word_1_326' title='bbox 1712 2803 1950 2874; x_wconf 85' lang='grc' dir='ltr'>Χριστὸς</span> 
     </span>
    </p>
   </div>
   <div class='ocr_carea' id='block_1_45' title="bbox 359 2889 755 2961">
    <p class='ocr_par' dir='ltr' id='par_1_45' title="bbox 359 2889 755 2961">
     <span class='ocr_line' id='line_1_45' title="bbox 359 2889 755 2961; baseline 0.015 -21"><span class='ocrx_word' id='word_1_327' title='bbox 359 2889 755 2961; x_wconf 81' lang='grc' dir='ltr'>μνησθήσεται.</span> 
     </span>
    </p>
   </div>
   <div class='ocr_carea' id='block_1_46' title="bbox 430 2980 1946 3060">
    <p class='ocr_par' dir='ltr' id='par_1_46' title="bbox 430 2980 1946 3060">
     <span class='ocr_line' id='line_1_46' title="bbox 430 2980 1946 3060; baseline 0.005 -26"><span class='ocrx_word' id='word_1_328' title='bbox 430 2980 584 3050; x_wconf 85' lang='grc' dir='ltr'>’Ἑως</span> <span class='ocrx_word' id='word_1_329' title='bbox 622 2983 699 3038; x_wconf 80' lang='grc' dir='ltr'><strong>ἂν</strong></span> <span class='ocrx_word' id='word_1_330' title='bbox 736 2985 1077 3056; x_wconf 68' lang='grc' dir='ltr'>ἀπαγγείλω</span> <span class='ocrx_word' id='word_1_331' title='bbox 1112 2988 1221 3041; x_wconf 83' lang='grc' dir='ltr'><strong>τὸν</strong></span> <span class='ocrx_word' id='word_1_332' title='bbox 1258 2989 1561 3058; x_wconf 78' lang='grc' dir='ltr'>βραχίονά</span> <span class='ocrx_word' id='word_1_333' title='bbox 1612 3002 1730 3044; x_wconf 90' lang='grc' dir='ltr'>σου</span> <span class='ocrx_word' id='word_1_334' title='bbox 1775 2989 1946 3060; x_wconf 81' lang='grc' dir='ltr'>πάσῃ</span> 
     </span>
    </p>
   </div>
   <div class='ocr_carea' id='block_1_47' title="bbox 353 3071 1944 3152">
    <p class='ocr_par' dir='ltr' id='par_1_47' title="bbox 353 3071 1944 3152">
     <span class='ocr_line' id='line_1_47' title="bbox 353 3071 1944 3152; baseline 0.006 -28"><span class='ocrx_word' id='word_1_335' title='bbox 353 3071 427 3140; x_wconf 73' lang='grc' dir='ltr'>τῇ</span> <span class='ocrx_word' id='word_1_336' title='bbox 461 3073 636 3142; x_wconf 75' lang='grc' dir='ltr'>γενεᾷ</span> <span class='ocrx_word' id='word_1_337' title='bbox 675 3075 750 3144; x_wconf 76' lang='grc' dir='ltr'>τῇ</span> <span class='ocrx_word' id='word_1_338' title='bbox 779 3077 1099 3148; x_wconf 58' lang='grc' dir='ltr'>ἐρχομένῃ,</span> <span class='ocrx_word' id='word_1_339' title='bbox 1142 3097 1196 3132; x_wconf 87' lang='grc' dir='ltr'><strong>κ.</strong></span> <span class='ocrx_word' id='word_1_340' title='bbox 1247 3097 1297 3135; x_wconf 84' lang='grc' dir='ltr'><strong>τ.</strong></span> <span class='ocrx_word' id='word_1_341' title='bbox 1333 3080 1379 3133; x_wconf 84' lang='grc' dir='ltr'>ὲ.</span> <span class='ocrx_word' id='word_1_342' title='bbox 1427 3079 1676 3150; x_wconf 86' lang='grc' dir='ltr'>Βραχίων</span> <span class='ocrx_word' id='word_1_343' title='bbox 1707 3079 1820 3152; x_wconf 84' lang='grc'>(50)</span> <span class='ocrx_word' id='word_1_344' title='bbox 1849 3080 1944 3134; x_wconf 88' lang='grc' dir='ltr'><strong>τοῦ</strong></span> 
     </span>
    </p>
   </div>
   <div class='ocr_carea' id='block_1_48' title="bbox 350 3165 816 3237">
    <p class='ocr_par' dir='ltr' id='par_1_48' title="bbox 350 3165 816 3237">
     <span class='ocr_line' id='line_1_48' title="bbox 350 3165 816 3237; baseline 0.009 -23"><span class='ocrx_word' id='word_1_345' title='bbox 350 3165 485 3217; x_wconf 79' lang='grc' dir='ltr'>θεοῦ</span> <span class='ocrx_word' id='word_1_346' title='bbox 511 3167 539 3218; x_wconf 82' lang='grc' dir='ltr'>ὁ</span> <span class='ocrx_word' id='word_1_347' title='bbox 565 3167 816 3237; x_wconf 87' lang='grc' dir='ltr'>Χριστός.</span> 
     </span>
    </p>
   </div>
   <div class='ocr_carea' id='block_1_49' title="bbox 433 3258 1942 3334">
    <p class='ocr_par' dir='ltr' id='par_1_49' title="bbox 433 3258 1942 3334">
     <span class='ocr_line' id='line_1_49' title="bbox 433 3258 1942 3334; baseline 0.003 -23"><span class='ocrx_word' id='word_1_348' title='bbox 433 3258 496 3310; x_wconf 86' lang='lat'><strong>&#39;0</strong></span> <span class='ocrx_word' id='word_1_349' title='bbox 549 3261 713 3324; x_wconf 87' lang='grc' dir='ltr'>Θεὸς,</span> <span class='ocrx_word' id='word_1_350' title='bbox 763 3259 873 3326; x_wconf 81' lang='grc' dir='ltr'>ἕως</span> <span class='ocrx_word' id='word_1_351' title='bbox 917 3263 1194 3331; x_wconf 71' lang='grc' dir='ltr'>ὑψίστων</span> <span class='ocrx_word' id='word_1_352' title='bbox 1238 3262 1277 3318; x_wconf 75' lang='grc' dir='ltr'><em>ἃ</em></span> <span class='ocrx_word' id='word_1_353' title='bbox 1309 3263 1603 3332; x_wconf 84' lang='grc' dir='ltr'>ἐποίησας</span> <span class='ocrx_word' id='word_1_354' title='bbox 1631 3264 1942 3334; x_wconf 72' lang='grc' dir='ltr'>μεγαλεῖα,</span> 
     </span>
    </p>
   </div>
   <div class='ocr_carea' id='block_1_50' title="bbox 351 3351 1942 3427">
    <p class='ocr_par' dir='ltr' id='par_1_50' title="bbox 351 3351 1942 3427">
     <span class='ocr_line' id='line_1_50' title="bbox 351 3351 1942 3427; baseline 0.006 -29"><span class='ocrx_word' id='word_1_355' title='bbox 351 3364 404 3400; x_wconf 92' lang='grc' dir='ltr'><strong>κ.</strong></span> <span class='ocrx_word' id='word_1_356' title='bbox 436 3365 486 3402; x_wconf 89' lang='grc' dir='ltr'><strong>τ.</strong></span> <span class='ocrx_word' id='word_1_357' title='bbox 516 3351 560 3400; x_wconf 82' lang='grc' dir='ltr'>ὲ.</span> <span class='ocrx_word' id='word_1_358' title='bbox 601 3369 619 3400; x_wconf 76' lang='grc' dir='ltr'><strong>ι</strong></span> <span class='ocrx_word' id='word_1_359' title='bbox 647 3352 1081 3424; x_wconf 83' lang='grc' dir='ltr'>Εἰρηνοποιήσας</span> <span class='ocrx_word' id='word_1_360' title='bbox 1107 3353 1218 3426; x_wconf 71' lang='lat' dir='ltr'><strong>(BI)</strong></span> <span class='ocrx_word' id='word_1_361' title='bbox 1251 3354 1338 3407; x_wconf 82' lang='grc' dir='ltr'>διὰ</span> <span class='ocrx_word' id='word_1_362' title='bbox 1377 3355 1472 3408; x_wconf 89' lang='grc' dir='ltr'><strong>τοῦ</strong></span> <span class='ocrx_word' id='word_1_363' title='bbox 1508 3356 1745 3427; x_wconf 83' lang='grc' dir='ltr'>αἵματος</span> <span class='ocrx_word' id='word_1_364' title='bbox 1773 3352 1942 3408; x_wconf 82' lang='grc' dir='ltr'>αὑτοῦ</span> 
     </span>
    </p>
   </div>
   <div class='ocr_carea' id='block_1_51' title="bbox 348 3438 1317 3517">
    <p class='ocr_par' dir='ltr' id='par_1_51' title="bbox 348 3438 1317 3517">
     <span class='ocr_line' id='line_1_51' title="bbox 348 3438 1317 3517; baseline 0.009 -28"><span class='ocrx_word' id='word_1_365' title='bbox 348 3438 416 3490; x_wconf 76' lang='grc' dir='ltr'><strong>τὰ</strong></span> <span class='ocrx_word' id='word_1_366' title='bbox 443 3441 498 3491; x_wconf 83' lang='grc' dir='ltr'>ὲν</span> <span class='ocrx_word' id='word_1_367' title='bbox 526 3440 777 3512; x_wconf 83' lang='grc' dir='ltr'>οὐρανοῖς</span> <span class='ocrx_word' id='word_1_368' title='bbox 807 3445 900 3496; x_wconf 76' lang='grc' dir='ltr'><strong>καὶ</strong></span> <span class='ocrx_word' id='word_1_369' title='bbox 923 3443 993 3497; x_wconf 81' lang='grc' dir='ltr'>τὰ</span> <span class='ocrx_word' id='word_1_370' title='bbox 1021 3447 1116 3497; x_wconf 77' lang='grc' dir='ltr'><strong>ἐπὶ</strong></span> <span class='ocrx_word' id='word_1_371' title='bbox 1143 3445 1268 3517; x_wconf 83' lang='grc' dir='ltr'>γῆς.</span> <span class='ocrx_word' id='word_1_372' title='bbox 1299 3465 1317 3498; x_wconf 72' lang='grc' dir='ltr'><strong>ι</strong></span> 
     </span>
    </p>
   </div>
   <div class='ocr_carea' id='block_1_52' title="bbox 423 3530 1942 3607">
    <p class='ocr_par' dir='ltr' id='par_1_52' title="bbox 423 3530 1942 3607">
     <span class='ocr_line' id='line_1_52' title="bbox 423 3530 1942 3607; baseline 0.012 -26"><span class='ocrx_word' id='word_1_373' title='bbox 423 3530 606 3596; x_wconf 84' lang='grc' dir='ltr'>Ὅσας</span> <span class='ocrx_word' id='word_1_374' title='bbox 637 3531 874 3600; x_wconf 81' lang='grc' dir='ltr'>ἐδειξάς</span> <span class='ocrx_word' id='word_1_375' title='bbox 897 3553 999 3603; x_wconf 86' lang='grc' dir='ltr'><strong>μοι</strong></span> <span class='ocrx_word' id='word_1_376' title='bbox 1030 3537 1268 3604; x_wconf 74' lang='grc' dir='ltr'>θλίψεις</span> <span class='ocrx_word' id='word_1_377' title='bbox 1306 3537 1543 3604; x_wconf 73' lang='grc' dir='ltr'>πολλὰς</span> <span class='ocrx_word' id='word_1_378' title='bbox 1585 3539 1684 3592; x_wconf 79' lang='grc' dir='ltr'>καὶ</span> <span class='ocrx_word' id='word_1_379' title='bbox 1714 3539 1942 3607; x_wconf 69' lang='grc' dir='ltr'>κακάςί</span> 
     </span>
    </p>
   </div>
   <div class='ocr_carea' id='block_1_53' title="bbox 349 3621 1942 3700">
    <p class='ocr_par' dir='ltr' id='par_1_53' title="bbox 349 3621 1942 3700">
     <span class='ocr_line' id='line_1_53' title="bbox 349 3621 1942 3700; baseline 0.009 -28"><span class='ocrx_word' id='word_1_380' title='bbox 349 3621 445 3674; x_wconf 76' lang='grc' dir='ltr'>καὶ</span> <span class='ocrx_word' id='word_1_381' title='bbox 477 3621 853 3693; x_wconf 74' lang='grc' dir='ltr'>ἐπιστρέψας</span> <span class='ocrx_word' id='word_1_382' title='bbox 866 3623 1381 3700; x_wconf 79' lang='grc' dir='ltr'>ἐζωοποίησάςμε,</span> <span class='ocrx_word' id='word_1_383' title='bbox 1405 3631 1502 3684; x_wconf 79' lang='grc' dir='ltr'>καὶ</span> <span class='ocrx_word' id='word_1_384' title='bbox 1527 3631 1594 3683; x_wconf 85' lang='grc' dir='ltr'>ἐκ</span> <span class='ocrx_word' id='word_1_385' title='bbox 1612 3630 1732 3684; x_wconf 86' lang='grc' dir='ltr'>τῶν</span> <span class='ocrx_word' id='word_1_386' title='bbox 1752 3632 1942 3686; x_wconf 79' lang='grc' dir='ltr'>ἀϐύσ-</span> 
     </span>
    </p>
   </div>
   <div class='ocr_carea' id='block_1_54' title="bbox 346 3712 1940 3796">
    <p class='ocr_par' dir='ltr' id='par_1_54' title="bbox 346 3712 1940 3796">
     <span class='ocr_line' id='line_1_54' title="bbox 346 3712 1940 3796; baseline 0.011 -34"><span class='ocrx_word' id='word_1_387' title='bbox 346 3725 477 3765; x_wconf 79' lang='grc' dir='ltr'>σων</span> <span class='ocrx_word' id='word_1_388' title='bbox 497 3712 607 3781; x_wconf 83' lang='grc' dir='ltr'>τῆς</span> <span class='ocrx_word' id='word_1_389' title='bbox 629 3714 742 3784; x_wconf 80' lang='grc' dir='ltr'><strong>γῆς</strong></span> <span class='ocrx_word' id='word_1_390' title='bbox 761 3717 948 3774; x_wconf 78' lang='grc' dir='ltr'><em>πάλιν</em></span> <span class='ocrx_word' id='word_1_391' title='bbox 972 3720 1272 3793; x_wconf 76' lang='grc' dir='ltr'><strong>ἀνήγαγές</strong></span> <span class='ocrx_word' id='word_1_392' title='bbox 1282 3742 1379 3795; x_wconf 83' lang='grc' dir='ltr'><strong>με,</strong></span> <span class='ocrx_word' id='word_1_393' title='bbox 1399 3741 1452 3778; x_wconf 89' lang='grc' dir='ltr'><strong>κ.</strong></span> <span class='ocrx_word' id='word_1_394' title='bbox 1476 3741 1528 3778; x_wconf 90' lang='grc' dir='ltr'><strong>τ.</strong></span> <span class='ocrx_word' id='word_1_395' title='bbox 1553 3725 1598 3776; x_wconf 82' lang='grc' dir='ltr'>ὲ.</span> <span class='ocrx_word' id='word_1_396' title='bbox 1619 3722 1815 3793; x_wconf 83' lang='grc' dir='ltr'>Σαφῶς</span> <span class='ocrx_word' id='word_1_397' title='bbox 1831 3725 1940 3796; x_wconf 69' lang='grc'>(52)</span> 
     </span>
    </p>
   </div>
   <div class='ocr_carea' id='block_1_55' title="bbox 353 3805 1776 3888">
    <p class='ocr_par' dir='ltr' id='par_1_55' title="bbox 353 3805 1776 3888">
     <span class='ocr_line' id='line_1_55' title="bbox 353 3805 1776 3888; baseline 0.011 -33"><span class='ocrx_word' id='word_1_398' title='bbox 353 3821 415 3856; x_wconf 88' lang='grc' dir='ltr'><strong>πε</strong></span> <span class='ocrx_word' id='word_1_399' title='bbox 426 3805 479 3876; x_wconf 66' lang='lat' dir='ltr'><strong>pi</strong></span> <span class='ocrx_word' id='word_1_400' title='bbox 502 3806 601 3876; x_wconf 82' lang='grc' dir='ltr'><strong>τῆς</strong></span> <span class='ocrx_word' id='word_1_401' title='bbox 633 3809 697 3861; x_wconf 81' lang='grc' dir='ltr'>ὲκ</span> <span class='ocrx_word' id='word_1_402' title='bbox 723 3810 931 3881; x_wconf 84' lang='grc' dir='ltr'>νεκρῶν</span> <span class='ocrx_word' id='word_1_403' title='bbox 955 3813 1310 3881; x_wconf 82' lang='grc' dir='ltr'>ἀναστάσεως</span> <span class='ocrx_word' id='word_1_404' title='bbox 1331 3815 1507 3869; x_wconf 88' lang='grc' dir='ltr'>ταῦτα</span> <span class='ocrx_word' id='word_1_405' title='bbox 1540 3816 1776 3888; x_wconf 72' lang='grc' dir='ltr'>εἴρηται.</span> 
     </span>
    </p>
   </div>
   <div class='ocr_carea' id='block_1_56' title="bbox 423 3896 1939 3982">
    <p class='ocr_par' dir='ltr' id='par_1_56' title="bbox 423 3896 1939 3982">
     <span class='ocr_line' id='line_1_56' title="bbox 423 3896 1939 3982; baseline 0.011 -34"><span class='ocrx_word' id='word_1_406' title='bbox 423 3896 532 3949; x_wconf 87' lang='grc' dir='ltr'>Τοῦ</span> <span class='ocrx_word' id='word_1_407' title='bbox 564 3901 771 3958; x_wconf 81' lang='grc' dir='ltr'>αὑτοῦ.</span> <span class='ocrx_word' id='word_1_408' title='bbox 808 3904 1078 3959; x_wconf 80' lang='grc' dir='ltr'>Ἀϐυσσον</span> <span class='ocrx_word' id='word_1_409' title='bbox 1111 3907 1205 3960; x_wconf 90' lang='grc' dir='ltr'><strong>νῦν</strong></span> <span class='ocrx_word' id='word_1_410' title='bbox 1224 3907 1334 3978; x_wconf 82' lang='grc'>(55)</span> <span class='ocrx_word' id='word_1_411' title='bbox 1364 3908 1616 3979; x_wconf 84' lang='grc' dir='ltr'>ὠνόμασε</span> <span class='ocrx_word' id='word_1_412' title='bbox 1649 3909 1709 3962; x_wconf 84' lang='grc' dir='ltr'><strong>τὸ</strong></span> <span class='ocrx_word' id='word_1_413' title='bbox 1739 3910 1939 3982; x_wconf 81' lang='grc' dir='ltr'>χωρίον</span> 
     </span>
    </p>
   </div>
   <div class='ocr_carea' id='block_1_57' title="bbox 346 3985 1938 4066">
    <p class='ocr_par' dir='ltr' id='par_1_57' title="bbox 346 3985 1938 4066">
     <span class='ocr_line' id='line_1_57' title="bbox 346 3985 1938 4066; baseline 0.01 -30"><span class='ocrx_word' id='word_1_414' title='bbox 346 3985 452 4038; x_wconf 91' lang='grc' dir='ltr'><strong>τῶν</strong></span> <span class='ocrx_word' id='word_1_415' title='bbox 481 3991 854 4062; x_wconf 79' lang='grc' dir='ltr'>καταχθονίων</span> <span class='ocrx_word' id='word_1_416' title='bbox 882 3994 1174 4066; x_wconf 84' lang='grc' dir='ltr'>δαιμόνων.</span> <span class='ocrx_word' id='word_1_417' title='bbox 1211 3997 1333 4050; x_wconf 74' lang='lat' dir='ltr'><strong>Elei.</strong></span> <span class='ocrx_word' id='word_1_418' title='bbox 1379 3997 1435 4050; x_wconf 85' lang='grc' dir='ltr'>δέ</span> <span class='ocrx_word' id='word_1_419' title='bbox 1463 4015 1607 4060; x_wconf 86' lang='grc' dir='ltr'>τινες</span> <span class='ocrx_word' id='word_1_420' title='bbox 1637 3999 1686 4051; x_wconf 79' lang='grc' dir='ltr'><strong>οῖ</strong></span> <span class='ocrx_word' id='word_1_421' title='bbox 1714 3999 1809 4050; x_wconf 74' lang='grc' dir='ltr'><strong>καὶ</strong></span> <span class='ocrx_word' id='word_1_422' title='bbox 1840 3999 1938 4052; x_wconf 88' lang='grc' dir='ltr'>αύ-</span> 
     </span>
    </p>
   </div>
   <div class='ocr_carea' id='block_1_58' title="bbox 345 4078 1934 4163">
    <p class='ocr_par' dir='ltr' id='par_1_58' title="bbox 345 4078 1934 4163">
     <span class='ocr_line' id='line_1_58' title="bbox 345 4078 1934 4163; baseline 0.012 -36"><span class='ocrx_word' id='word_1_423' title='bbox 345 4078 471 4141; x_wconf 76' lang='grc' dir='ltr'>τοὺς</span> <span class='ocrx_word' id='word_1_424' title='bbox 502 4080 628 4143; x_wconf 76' lang='grc' dir='ltr'>τοὺς</span> <span class='ocrx_word' id='word_1_425' title='bbox 658 4081 918 4154; x_wconf 83' lang='grc' dir='ltr'>δαίμονας</span> <span class='ocrx_word' id='word_1_426' title='bbox 946 4087 1219 4154; x_wconf 87' lang='grc' dir='ltr'>ἀϐύσσους</span> <span class='ocrx_word' id='word_1_427' title='bbox 1239 4089 1456 4158; x_wconf 86' lang='grc' dir='ltr'>λέγουσι</span> <span class='ocrx_word' id='word_1_428' title='bbox 1479 4089 1566 4143; x_wconf 81' lang='grc' dir='ltr'>διὰ</span> <span class='ocrx_word' id='word_1_429' title='bbox 1595 4090 1656 4143; x_wconf 77' lang='grc' dir='ltr'><strong>τὸ</strong></span> <span class='ocrx_word' id='word_1_430' title='bbox 1693 4091 1934 4163; x_wconf 81' lang='grc' dir='ltr'>ἀπέραν-</span> 
     </span>
    </p>
   </div>
   <div class='ocr_carea' id='block_1_59' title="bbox 344 4171 1026 4241">
    <p class='ocr_par' dir='ltr' id='par_1_59' title="bbox 344 4171 1026 4241">
     <span class='ocr_line' id='line_1_59' title="bbox 344 4171 1026 4241; baseline 0.012 -16"><span class='ocrx_word' id='word_1_431' title='bbox 344 4184 435 4219; x_wconf 80' lang='grc' dir='ltr'><strong>τον</strong></span> <span class='ocrx_word' id='word_1_432' title='bbox 467 4171 566 4241; x_wconf 82' lang='grc' dir='ltr'>τῆς</span> <span class='ocrx_word' id='word_1_433' title='bbox 599 4174 801 4239; x_wconf 85' lang='grc' dir='ltr'>κακίας</span> <span class='ocrx_word' id='word_1_434' title='bbox 825 4177 1026 4233; x_wconf 85' lang='grc' dir='ltr'>αὐτῶν.</span> 
     </span>
    </p>
   </div>
   <div class='ocr_carea' id='block_1_60' title="bbox 417 4261 1933 4342">
    <p class='ocr_par' dir='ltr' id='par_1_60' title="bbox 417 4261 1933 4342">
     <span class='ocr_line' id='line_1_60' title="bbox 417 4261 1933 4342; baseline 0.011 -30"><span class='ocrx_word' id='word_1_435' title='bbox 417 4261 522 4314; x_wconf 78' lang='grc' dir='ltr'><strong>Καὶ</strong></span> <span class='ocrx_word' id='word_1_436' title='bbox 566 4263 676 4332; x_wconf 73' lang='grc' dir='ltr'><strong>γὰρ</strong></span> <span class='ocrx_word' id='word_1_437' title='bbox 712 4265 827 4336; x_wconf 76' lang='grc' dir='ltr'><strong>ἐγὼ</strong></span> <span class='ocrx_word' id='word_1_438' title='bbox 873 4268 1395 4342; x_wconf 76' lang='grc' dir='ltr'>ἐξομολογήσομαι</span> <span class='ocrx_word' id='word_1_439' title='bbox 1435 4273 1506 4326; x_wconf 84' lang='grc' dir='ltr'><strong>ἐν</strong></span> <span class='ocrx_word' id='word_1_440' title='bbox 1534 4273 1740 4327; x_wconf 82' lang='grc' dir='ltr'>σκεύει</span> <span class='ocrx_word' id='word_1_441' title='bbox 1779 4277 1933 4342; x_wconf 67' lang='grc' dir='ltr'><strong>ψαλ-</strong></span> 
     </span>
    </p>
   </div>
   <div class='ocr_carea' id='block_1_61' title="bbox 2059 1877 3646 1947">
    <p class='ocr_par' dir='ltr' id='par_1_61' title="bbox 2059 1877 3646 1947">
     <span class='ocr_line' id='line_1_61' title="bbox 2059 1877 3646 1947; baseline 0.001 -16"><span class='ocrx_word' id='word_1_442' title='bbox 2059 1877 2112 1931; x_wconf 93' lang='lat' dir='ltr'><strong>in</strong></span> <span class='ocrx_word' id='word_1_443' title='bbox 2145 1877 2261 1947; x_wconf 79' lang='lat' dir='ltr'><strong>lege</strong></span> <span class='ocrx_word' id='word_1_444' title='bbox 2292 1886 2346 1930; x_wconf 92' lang='lat' dir='ltr'><strong>ct</strong></span> <span class='ocrx_word' id='word_1_445' title='bbox 2389 1877 2672 1946; x_wconf 85' lang='lat' dir='ltr'><strong>prophetis</strong></span> <span class='ocrx_word' id='word_1_446' title='bbox 2719 1877 2810 1931; x_wconf 85' lang='lat' dir='ltr'><strong>Dei</strong></span> <span class='ocrx_word' id='word_1_447' title='bbox 2870 1877 3078 1943; x_wconf 86' lang='lat' dir='ltr'><strong>laudes,</strong></span> <span class='ocrx_word' id='word_1_448' title='bbox 3109 1877 3307 1946; x_wconf 85' lang='lat' dir='ltr'><strong>quibus</strong></span> <span class='ocrx_word' id='word_1_449' title='bbox 3341 1877 3528 1947; x_wconf 85' lang='lat' dir='ltr'><strong>adjicit</strong></span> <span class='ocrx_word' id='word_1_450' title='bbox 3551 1878 3646 1946; x_wconf 86' lang='lat' dir='ltr'><strong>qui</strong></span> 
     </span>
    </p>
   </div>
   <div class='ocr_carea' id='block_1_62' title="bbox 2057 1967 3658 2062">
    <p class='ocr_par' dir='ltr' id='par_1_62' title="bbox 2057 1967 3658 2062">
     <span class='ocr_line' id='line_1_62' title="bbox 2057 1967 3658 2062; baseline -0.002 -39"><span class='ocrx_word' id='word_1_451' title='bbox 2057 1968 2248 2023; x_wconf 66' lang='lat' dir='ltr'><strong>diuitiH</strong></span> <span class='ocrx_word' id='word_1_452' title='bbox 2281 1986 2294 2022; x_wconf 91' lang='lat'><strong>:</strong></span> <span class='ocrx_word' id='word_1_453' title='bbox 2332 1986 2350 2019; x_wconf 87' lang='grc'>‹</span> <span class='ocrx_word' id='word_1_454' title='bbox 2383 1967 2498 2022; x_wconf 83' lang='lat' dir='ltr'><strong>Non</strong></span> <span class='ocrx_word' id='word_1_455' title='bbox 2530 1969 2656 2023; x_wconf 86' lang='lat' dir='ltr'><strong>veni</strong></span> <span class='ocrx_word' id='word_1_456' title='bbox 2711 1967 2924 2023; x_wconf 82' lang='lat' dir='ltr'><strong>solvere</strong></span> <span class='ocrx_word' id='word_1_457' title='bbox 2974 1967 3147 2036; x_wconf 87' lang='lat' dir='ltr'><strong>legem</strong></span> <span class='ocrx_word' id='word_1_458' title='bbox 3184 1976 3278 2020; x_wconf 86' lang='lat' dir='ltr'><strong>aut</strong></span> <span class='ocrx_word' id='word_1_459' title='bbox 3325 1967 3658 2062; x_wconf 53' lang='lat' dir='ltr'><strong>prOphetas,</strong></span> 
     </span>
    </p>
   </div>
   <div class='ocr_carea' id='block_1_63' title="bbox 2055 2058 3648 2130">
    <p class='ocr_par' dir='ltr' id='par_1_63' title="bbox 2055 2058 3648 2130">
     <span class='ocr_line' id='line_1_63' title="bbox 2055 2058 3648 2130; baseline 0.001 -15"><span class='ocrx_word' id='word_1_460' title='bbox 2055 2059 2149 2115; x_wconf 88' lang='lat' dir='ltr'><strong>sed</strong></span> <span class='ocrx_word' id='word_1_461' title='bbox 2187 2060 2506 2130; x_wconf 89' lang='lat' dir='ltr'><strong>adimplere,</strong></span> <span class='ocrx_word' id='word_1_462' title='bbox 2528 2079 2547 2111; x_wconf 83' lang='grc'><strong>»</strong></span> <span class='ocrx_word' id='word_1_463' title='bbox 2584 2059 3042 2129; x_wconf 78' lang='lat' dir='ltr'><strong>(ptemadmodum</strong></span> <span class='ocrx_word' id='word_1_464' title='bbox 3073 2059 3146 2114; x_wconf 92' lang='lat' dir='ltr'><strong>illi</strong></span> <span class='ocrx_word' id='word_1_465' title='bbox 3173 2059 3351 2129; x_wconf 79' lang='lat' dir='ltr'><strong>placet</strong></span> <span class='ocrx_word' id='word_1_466' title='bbox 3386 2058 3648 2117; x_wconf 57' lang='lat' dir='ltr'><strong>Ecclesih</strong></span> 
     </span>
    </p>
   </div>
   <div class='ocr_carea' id='block_1_64' title="bbox 2055 2153 2927 2225">
    <p class='ocr_par' dir='ltr' id='par_1_64' title="bbox 2055 2153 2927 2225">
     <span class='ocr_line' id='line_1_64' title="bbox 2055 2153 2927 2225; baseline -0.001 -17"><span class='ocrx_word' id='word_1_467' title='bbox 2055 2165 2175 2225; x_wconf 73' lang='lat' dir='ltr'><strong>qua:</strong></span> <span class='ocrx_word' id='word_1_468' title='bbox 2201 2169 2232 2207; x_wconf 91' lang='lat' dir='ltr'><strong>a</strong></span> <span class='ocrx_word' id='word_1_469' title='bbox 2262 2154 2480 2208; x_wconf 83' lang='lat' dir='ltr'><strong>Christo</strong></span> <span class='ocrx_word' id='word_1_470' title='bbox 2511 2169 2707 2208; x_wconf 87' lang='lat' dir='ltr'><strong>nomen</strong></span> <span class='ocrx_word' id='word_1_471' title='bbox 2741 2153 2927 2208; x_wconf 83' lang='lat' dir='ltr'><strong>habet.</strong></span> 
     </span>
    </p>
   </div>
   <div class='ocr_carea' id='block_1_65' title="bbox 2130 2248 3640 2320">
    <p class='ocr_par' dir='ltr' id='par_1_65' title="bbox 2130 2248 3640 2320">
     <span class='ocr_line' id='line_1_65' title="bbox 2130 2248 3640 2320; baseline -0.002 -16"><span class='ocrx_word' id='word_1_472' title='bbox 2130 2251 2294 2306; x_wconf 88' lang='lat' dir='ltr'><strong>Vens.</strong></span> <span class='ocrx_word' id='word_1_473' title='bbox 2330 2250 2418 2305; x_wconf 86' lang='grc'>15.</span> <span class='ocrx_word' id='word_1_474' title='bbox 2443 2251 2712 2318; x_wconf 82' lang='lat' dir='ltr'><strong>Quoniam</strong></span> <span class='ocrx_word' id='word_1_475' title='bbox 2742 2266 2848 2304; x_wconf 86' lang='lat' dir='ltr'><strong>non</strong></span> <span class='ocrx_word' id='word_1_476' title='bbox 2876 2249 3092 2320; x_wconf 81' lang='lat' dir='ltr'><strong>cognovi</strong></span> <span class='ocrx_word' id='word_1_477' title='bbox 3122 2248 3507 2313; x_wconf 82' lang='lat' dir='ltr'><strong>litteraturam,</strong></span> <span class='ocrx_word' id='word_1_478' title='bbox 3531 2255 3640 2301; x_wconf 87' lang='lat' dir='ltr'><strong>etc.</strong></span> 
     </span>
    </p>
   </div>
   <div class='ocr_carea' id='block_1_66' title="bbox 2056 2335 3640 2410">
    <p class='ocr_par' dir='ltr' id='par_1_66' title="bbox 2056 2335 3640 2410">
     <span class='ocr_line' id='line_1_66' title="bbox 2056 2335 3640 2410; baseline -0.006 -12"><span class='ocrx_word' id='word_1_479' title='bbox 2056 2341 2112 2399; x_wconf 90' lang='lat' dir='ltr'><strong>Si</strong></span> <span class='ocrx_word' id='word_1_480' title='bbox 2143 2353 2229 2397; x_wconf 91' lang='lat' dir='ltr'><strong>est</strong></span> <span class='ocrx_word' id='word_1_481' title='bbox 2259 2343 2437 2396; x_wconf 83' lang='lat' dir='ltr'><strong>littera</strong></span> <span class='ocrx_word' id='word_1_482' title='bbox 2461 2339 2741 2407; x_wconf 86' lang='lat' dir='ltr'><strong>occidens,</strong></span> <span class='ocrx_word' id='word_1_483' title='bbox 2779 2339 3008 2410; x_wconf 88' lang='lat' dir='ltr'><strong>spiritus</strong></span> <span class='ocrx_word' id='word_1_484' title='bbox 3037 2349 3223 2393; x_wconf 90' lang='lat' dir='ltr'><strong>autem</strong></span> <span class='ocrx_word' id='word_1_485' title='bbox 3255 2337 3563 2404; x_wconf 72' lang='lat' dir='ltr'><strong>viviﬁcaris,</strong></span> <span class='ocrx_word' id='word_1_486' title='bbox 3586 2335 3640 2390; x_wconf 94' lang='lat' dir='ltr'><strong>id</strong></span> 
     </span>
    </p>
   </div>
   <div class='ocr_carea' id='block_1_67' title="bbox 2054 2432 3645 2505">
    <p class='ocr_par' dir='ltr' id='par_1_67' title="bbox 2054 2432 3645 2505">
     <span class='ocr_line' id='line_1_67' title="bbox 2054 2432 3645 2505; baseline -0.005 -15"><span class='ocrx_word' id='word_1_487' title='bbox 2054 2435 2200 2505; x_wconf 89' lang='lat' dir='ltr'><strong>quod</strong></span> <span class='ocrx_word' id='word_1_488' title='bbox 2253 2450 2283 2489; x_wconf 74' lang='grc' dir='ltr'><strong>ει</strong></span> <span class='ocrx_word' id='word_1_489' title='bbox 2331 2434 2516 2488; x_wconf 88' lang='lat' dir='ltr'><strong>littera</strong></span> <span class='ocrx_word' id='word_1_490' title='bbox 2557 2432 3068 2488; x_wconf 78' lang='lat' dir='ltr'><strong>deuominationen&#39;i</strong></span> <span class='ocrx_word' id='word_1_491' title='bbox 3103 2432 3290 2498; x_wconf 88' lang='lat' dir='ltr'><strong>habet,</strong></span> <span class='ocrx_word' id='word_1_492' title='bbox 3326 2447 3431 2484; x_wconf 87' lang='lat' dir='ltr'><strong>non</strong></span> <span class='ocrx_word' id='word_1_493' title='bbox 3492 2432 3645 2484; x_wconf 67' lang='lat' dir='ltr'><strong>novit</strong></span> 
     </span>
    </p>
   </div>
   <div class='ocr_carea' id='block_1_68' title="bbox 2058 2522 3644 2596">
    <p class='ocr_par' dir='ltr' id='par_1_68' title="bbox 2058 2522 3644 2596">
     <span class='ocr_line' id='line_1_68' title="bbox 2058 2522 3644 2596; baseline -0.004 -14"><span class='ocrx_word' id='word_1_494' title='bbox 2058 2527 2316 2582; x_wconf 90' lang='lat' dir='ltr'><strong>Dominus</strong></span> <span class='ocrx_word' id='word_1_495' title='bbox 2339 2528 2431 2596; x_wconf 89' lang='lat' dir='ltr'><strong>qui</strong></span> <span class='ocrx_word' id='word_1_496' title='bbox 2455 2527 2607 2582; x_wconf 84' lang='lat' dir='ltr'><strong>novit</strong></span> <span class='ocrx_word' id='word_1_497' title='bbox 2638 2540 2734 2581; x_wconf 88' lang='lat' dir='ltr'><strong>eos</strong></span> <span class='ocrx_word' id='word_1_498' title='bbox 2783 2525 2876 2595; x_wconf 90' lang='lat' dir='ltr'><strong>qui</strong></span> <span class='ocrx_word' id='word_1_499' title='bbox 2913 2534 3042 2580; x_wconf 88' lang='lat' dir='ltr'><strong>sunt</strong></span> <span class='ocrx_word' id='word_1_500' title='bbox 3067 2524 3186 2591; x_wconf 90' lang='lat' dir='ltr'><strong>ejus</strong></span> <span class='ocrx_word' id='word_1_501' title='bbox 3212 2539 3226 2591; x_wconf 92' lang='lat'><strong>;</strong></span> <span class='ocrx_word' id='word_1_502' title='bbox 3263 2523 3318 2579; x_wconf 91' lang='lat' dir='ltr'><strong>id</strong></span> <span class='ocrx_word' id='word_1_503' title='bbox 3345 2537 3477 2580; x_wconf 87' lang='lat' dir='ltr'><strong>vero</strong></span> <span class='ocrx_word' id='word_1_504' title='bbox 3498 2522 3644 2592; x_wconf 87' lang='lat' dir='ltr'><strong>quod</strong></span> 
     </span>
    </p>
   </div>
   <div class='ocr_carea' id='block_1_69' title="bbox 2055 2618 2944 2688">
    <p class='ocr_par' dir='ltr' id='par_1_69' title="bbox 2055 2618 2944 2688">
     <span class='ocr_line' id='line_1_69' title="bbox 2055 2618 2944 2688; baseline -0.002 -14"><span class='ocrx_word' id='word_1_505' title='bbox 2055 2636 2084 2674; x_wconf 90' lang='lat' dir='ltr'><strong>a</strong></span> <span class='ocrx_word' id='word_1_506' title='bbox 2112 2619 2306 2688; x_wconf 86' lang='lat' dir='ltr'><strong>spiritu</strong></span> <span class='ocrx_word' id='word_1_507' title='bbox 2337 2619 2742 2687; x_wconf 88' lang='lat' dir='ltr'><strong>denominatur,</strong></span> <span class='ocrx_word' id='word_1_508' title='bbox 2771 2618 2944 2674; x_wconf 86' lang='lat' dir='ltr'><strong>novit.</strong></span> 
     </span>
    </p>
   </div>
   <div class='ocr_carea' id='block_1_70' title="bbox 2128 2710 3645 2780">
    <p class='ocr_par' dir='ltr' id='par_1_70' title="bbox 2128 2710 3645 2780">
     <span class='ocr_line' id='line_1_70' title="bbox 2128 2710 3645 2780; baseline -0.003 -14"><span class='ocrx_word' id='word_1_509' title='bbox 2128 2713 2293 2768; x_wconf 83' lang='lat' dir='ltr'><strong>Vens.</strong></span> <span class='ocrx_word' id='word_1_510' title='bbox 2345 2713 2436 2767; x_wconf 86' lang='lat' dir='ltr'><strong>I6.</strong></span> <span class='ocrx_word' id='word_1_511' title='bbox 2473 2713 2720 2778; x_wconf 87' lang='lat' dir='ltr'><strong>Domine,</strong></span> <span class='ocrx_word' id='word_1_512' title='bbox 2752 2711 3086 2766; x_wconf 86' lang='lat' dir='ltr'><strong>memorabor</strong></span> <span class='ocrx_word' id='word_1_513' title='bbox 3115 2710 3348 2780; x_wconf 80' lang='lat' dir='ltr'><strong>justitia:</strong></span> <span class='ocrx_word' id='word_1_514' title='bbox 3402 2719 3508 2761; x_wconf 85' lang='lat' dir='ltr'><strong>tua:</strong></span> <span class='ocrx_word' id='word_1_515' title='bbox 3559 2724 3645 2762; x_wconf 76' lang='lat' dir='ltr'><strong>so-</strong></span> 
     </span>
    </p>
   </div>
   <div class='ocr_carea' id='block_1_71' title="bbox 2054 2802 3642 2874">
    <p class='ocr_par' dir='ltr' id='par_1_71' title="bbox 2054 2802 3642 2874">
     <span class='ocr_line' id='line_1_71' title="bbox 2054 2802 3642 2874; baseline -0.001 -16"><span class='ocrx_word' id='word_1_516' title='bbox 2054 2805 2183 2870; x_wconf 76' lang='lat' dir='ltr'><strong>lius,</strong></span> <span class='ocrx_word' id='word_1_517' title='bbox 2226 2814 2332 2860; x_wconf 86' lang='lat' dir='ltr'><strong>etc.</strong></span> <span class='ocrx_word' id='word_1_518' title='bbox 2375 2803 2626 2861; x_wconf 84' lang='lat' dir='ltr'><strong>Paternae</strong></span> <span class='ocrx_word' id='word_1_519' title='bbox 2677 2803 2903 2874; x_wconf 68' lang='lat' dir='ltr'><strong>justitire</strong></span> <span class='ocrx_word' id='word_1_520' title='bbox 2938 2803 3188 2860; x_wconf 86' lang='lat' dir='ltr'><strong>Christus</strong></span> <span class='ocrx_word' id='word_1_521' title='bbox 3221 2802 3642 2860; x_wconf 87' lang='lat' dir='ltr'><strong>memorabitur.</strong></span> 
     </span>
    </p>
   </div>
   <div class='ocr_carea' id='block_1_72' title="bbox 2124 2989 3640 3060">
    <p class='ocr_par' dir='ltr' id='par_1_72' title="bbox 2124 2989 3640 3060">
     <span class='ocr_line' id='line_1_72' title="bbox 2124 2989 3640 3060; baseline -0.001 -14"><span class='ocrx_word' id='word_1_522' title='bbox 2124 2991 2290 3046; x_wconf 88' lang='lat' dir='ltr'><strong>Vens.</strong></span> <span class='ocrx_word' id='word_1_523' title='bbox 2324 2990 2413 3045; x_wconf 87' lang='grc'>18.</span> <span class='ocrx_word' id='word_1_524' title='bbox 2445 2991 2621 3046; x_wconf 85' lang='lat' dir='ltr'><strong>Donec</strong></span> <span class='ocrx_word' id='word_1_525' title='bbox 2665 2991 2974 3044; x_wconf 86' lang='lat' dir='ltr'><strong>annuntiem</strong></span> <span class='ocrx_word' id='word_1_526' title='bbox 3001 2989 3276 3044; x_wconf 83' lang='lat' dir='ltr'><strong>brachium</strong></span> <span class='ocrx_word' id='word_1_527' title='bbox 3304 2998 3457 3044; x_wconf 72' lang='lat' dir='ltr'><strong>tuum</strong></span> <span class='ocrx_word' id='word_1_528' title='bbox 3480 3007 3640 3060; x_wconf 84' lang='lat' dir='ltr'><strong>gene-</strong></span> 
     </span>
    </p>
   </div>
   <div class='ocr_carea' id='block_1_73' title="bbox 2053 3081 3640 3154">
    <p class='ocr_par' dir='ltr' id='par_1_73' title="bbox 2053 3081 3640 3154">
     <span class='ocr_line' id='line_1_73' title="bbox 2053 3081 3640 3154; baseline 0.001 -18"><span class='ocrx_word' id='word_1_529' title='bbox 2053 3084 2251 3138; x_wconf 86' lang='lat' dir='ltr'><strong>rationi</strong></span> <span class='ocrx_word' id='word_1_530' title='bbox 2283 3085 2427 3140; x_wconf 87' lang='lat' dir='ltr'><strong>omni</strong></span> <span class='ocrx_word' id='word_1_531' title='bbox 2469 3101 2587 3154; x_wconf 78' lang='lat' dir='ltr'><strong>qua:</strong></span> <span class='ocrx_word' id='word_1_532' title='bbox 2637 3095 2859 3138; x_wconf 86' lang='lat' dir='ltr'><strong>ventura</strong></span> <span class='ocrx_word' id='word_1_533' title='bbox 2902 3096 3001 3149; x_wconf 83' lang='lat' dir='ltr'><strong>est,</strong></span> <span class='ocrx_word' id='word_1_534' title='bbox 3039 3091 3147 3138; x_wconf 92' lang='lat' dir='ltr'><strong>etc.</strong></span> <span class='ocrx_word' id='word_1_535' title='bbox 3202 3081 3492 3138; x_wconf 87' lang='lat' dir='ltr'><strong>Bracbium</strong></span> <span class='ocrx_word' id='word_1_536' title='bbox 3543 3083 3640 3140; x_wconf 86' lang='lat' dir='ltr'><strong>Dei</strong></span> 
     </span>
    </p>
   </div>
   <div class='ocr_carea' id='block_1_74' title="bbox 1969 3177 2434 3245">
    <p class='ocr_par' dir='ltr' id='par_1_74' title="bbox 1969 3177 2434 3245">
     <span class='ocr_line' id='line_1_74' title="bbox 1969 3177 2434 3245; baseline -0.011 -10"><span class='ocrx_word' id='word_1_537' title='bbox 1969 3187 2013 3245; x_wconf 84' lang='lat' dir='ltr'><strong>C</strong></span> <span class='ocrx_word' id='word_1_538' title='bbox 2047 3177 2298 3235; x_wconf 78' lang='lat' dir='ltr'><strong>Christus</strong></span> <span class='ocrx_word' id='word_1_539' title='bbox 2333 3185 2434 3232; x_wconf 89' lang='lat' dir='ltr'><strong>est.</strong></span> 
     </span>
    </p>
   </div>
   <div class='ocr_carea' id='block_1_75' title="bbox 2120 3268 3639 3338">
    <p class='ocr_par' dir='ltr' id='par_1_75' title="bbox 2120 3268 3639 3338">
     <span class='ocr_line' id='line_1_75' title="bbox 2120 3268 3639 3338; baseline -0.003 -12"><span class='ocrx_word' id='word_1_540' title='bbox 2120 3271 2287 3328; x_wconf 84' lang='lat' dir='ltr'><strong>Vens.</strong></span> <span class='ocrx_word' id='word_1_541' title='bbox 2323 3269 2410 3325; x_wconf 87' lang='lat' dir='ltr'><strong>I9.</strong></span> <span class='ocrx_word' id='word_1_542' title='bbox 2459 3269 2622 3334; x_wconf 83' lang='lat' dir='ltr'><strong>Deus,</strong></span> <span class='ocrx_word' id='word_1_543' title='bbox 2662 3285 2826 3338; x_wconf 80' lang='lat' dir='ltr'><strong>usque</strong></span> <span class='ocrx_word' id='word_1_544' title='bbox 2881 3269 2936 3322; x_wconf 87' lang='lat' dir='ltr'><strong>in</strong></span> <span class='ocrx_word' id='word_1_545' title='bbox 2994 3268 3261 3322; x_wconf 75' lang='lat' dir='ltr'><strong>altissima</strong></span> <span class='ocrx_word' id='word_1_546' title='bbox 3318 3284 3438 3337; x_wconf 79' lang='lat' dir='ltr'><strong>qua:</strong></span> <span class='ocrx_word' id='word_1_547' title='bbox 3466 3268 3639 3335; x_wconf 78' lang='lat' dir='ltr'><strong>fecisti</strong></span> 
     </span>
    </p>
   </div>
   <div class='ocr_carea' id='block_1_76' title="bbox 2049 3356 3640 3432">
    <p class='ocr_par' dir='ltr' id='par_1_76' title="bbox 2049 3356 3640 3432">
     <span class='ocr_line' id='line_1_76' title="bbox 2049 3356 3640 3432; baseline -0.002 -17"><span class='ocrx_word' id='word_1_548' title='bbox 2049 3361 2341 3432; x_wconf 83' lang='lat' dir='ltr'><strong>magnalia,</strong></span> <span class='ocrx_word' id='word_1_549' title='bbox 2384 3369 2490 3416; x_wconf 93' lang='lat' dir='ltr'><strong>etc.</strong></span> <span class='ocrx_word' id='word_1_550' title='bbox 2528 3379 2546 3412; x_wconf 80' lang='grc' dir='ltr'><strong>ι</strong></span> <span class='ocrx_word' id='word_1_551' title='bbox 2575 3357 2877 3415; x_wconf 87' lang='lat' dir='ltr'><strong>Pacilicans</strong></span> <span class='ocrx_word' id='word_1_552' title='bbox 2925 3373 3022 3429; x_wconf 89' lang='lat' dir='ltr'><strong>per</strong></span> <span class='ocrx_word' id='word_1_553' title='bbox 3071 3358 3396 3426; x_wconf 85' lang='lat' dir='ltr'><strong>sanguinem</strong></span> <span class='ocrx_word' id='word_1_554' title='bbox 3441 3356 3558 3427; x_wconf 87' lang='lat' dir='ltr'><strong>ejus</strong></span> <span class='ocrx_word' id='word_1_555' title='bbox 3587 3365 3640 3412; x_wconf 75' lang='lat' dir='ltr'><strong>ct</strong></span> 
     </span>
    </p>
   </div>
   <div class='ocr_carea' id='block_1_77' title="bbox 2048 3451 3246 3524">
    <p class='ocr_par' dir='ltr' id='par_1_77' title="bbox 2048 3451 3246 3524">
     <span class='ocr_line' id='line_1_77' title="bbox 2048 3451 3246 3524; baseline -0.004 -16"><span class='ocrx_word' id='word_1_556' title='bbox 2048 3470 2168 3524; x_wconf 77' lang='lat' dir='ltr'><strong>qua:</strong></span> <span class='ocrx_word' id='word_1_557' title='bbox 2199 3453 2253 3508; x_wconf 93' lang='lat' dir='ltr'><strong>in</strong></span> <span class='ocrx_word' id='word_1_558' title='bbox 2289 3452 2446 3508; x_wconf 79' lang='lat' dir='ltr'><strong>caelis</strong></span> <span class='ocrx_word' id='word_1_559' title='bbox 2470 3464 2526 3507; x_wconf 91' lang='lat' dir='ltr'><strong>et</strong></span> <span class='ocrx_word' id='word_1_560' title='bbox 2556 3468 2677 3523; x_wconf 79' lang='lat' dir='ltr'><strong>qua:</strong></span> <span class='ocrx_word' id='word_1_561' title='bbox 2711 3452 2765 3506; x_wconf 93' lang='lat' dir='ltr'><strong>in</strong></span> <span class='ocrx_word' id='word_1_562' title='bbox 2797 3462 2942 3507; x_wconf 88' lang='lat' dir='ltr'><strong>terra</strong></span> <span class='ocrx_word' id='word_1_563' title='bbox 2975 3459 3100 3508; x_wconf 90' lang='lat' dir='ltr'><strong>sunt</strong></span> <span class='ocrx_word' id='word_1_564' title='bbox 3125 3451 3191 3504; x_wconf 79' lang='lat'><strong>&quot;.</strong></span> <span class='ocrx_word' id='word_1_565' title='bbox 3226 3467 3246 3503; x_wconf 70' lang='grc' dir='ltr'><strong>ι</strong></span> 
     </span>
    </p>
   </div>
   <div class='ocr_carea' id='block_1_78' title="bbox 2120 3542 3638 3611">
    <p class='ocr_par' dir='ltr' id='par_1_78' title="bbox 2120 3542 3638 3611">
     <span class='ocr_line' id='line_1_78' title="bbox 2120 3542 3638 3611; baseline -0.001 -11"><span class='ocrx_word' id='word_1_566' title='bbox 2120 3545 2288 3601; x_wconf 84' lang='lat' dir='ltr'><strong>Vens.</strong></span> <span class='ocrx_word' id='word_1_567' title='bbox 2327 3545 2418 3603; x_wconf 80' lang='lat'><strong>‘20.</strong></span> <span class='ocrx_word' id='word_1_568' title='bbox 2458 3545 2700 3611; x_wconf 82' lang='lat' dir='ltr'><strong>Quantas</strong></span> <span class='ocrx_word' id='word_1_569' title='bbox 2747 3545 3025 3600; x_wconf 79' lang='lat' dir='ltr'><strong>ostendisti</strong></span> <span class='ocrx_word' id='word_1_570' title='bbox 3077 3544 3210 3598; x_wconf 81' lang='lat' dir='ltr'><strong>mihi</strong></span> <span class='ocrx_word' id='word_1_571' title='bbox 3264 3542 3638 3598; x_wconf 69' lang='lat' dir='ltr'><strong>tribulatione:</strong></span> 
     </span>
    </p>
   </div>
   <div class='ocr_carea' id='block_1_79' title="bbox 2047 3637 3638 3706">
    <p class='ocr_par' dir='ltr' id='par_1_79' title="bbox 2047 3637 3638 3706">
     <span class='ocr_line' id='line_1_79' title="bbox 2047 3637 3638 3706; baseline -0.001 -14"><span class='ocrx_word' id='word_1_572' title='bbox 2047 3641 2245 3694; x_wconf 77' lang='lat' dir='ltr'><strong>multas</strong></span> <span class='ocrx_word' id='word_1_573' title='bbox 2277 3653 2325 3693; x_wconf 89' lang='lat' dir='ltr'><strong>et</strong></span> <span class='ocrx_word' id='word_1_574' title='bbox 2365 3639 2576 3694; x_wconf 82' lang='lat' dir='ltr'><strong>malas!</strong></span> <span class='ocrx_word' id='word_1_575' title='bbox 2603 3650 2650 3693; x_wconf 87' lang='lat' dir='ltr'><strong>et</strong></span> <span class='ocrx_word' id='word_1_576' title='bbox 2677 3654 2960 3692; x_wconf 80' lang='lat' dir='ltr'><strong>conversus</strong></span> <span class='ocrx_word' id='word_1_577' title='bbox 2996 3637 3278 3706; x_wconf 77' lang='lat' dir='ltr'><strong>viviﬁcain</strong></span> <span class='ocrx_word' id='word_1_578' title='bbox 3325 3653 3426 3703; x_wconf 88' lang='lat' dir='ltr'><strong>me,</strong></span> <span class='ocrx_word' id='word_1_579' title='bbox 3475 3646 3523 3690; x_wconf 85' lang='lat' dir='ltr'><strong>et</strong></span> <span class='ocrx_word' id='word_1_580' title='bbox 3576 3637 3638 3691; x_wconf 76' lang='lat' dir='ltr'><strong>de</strong></span> 
     </span>
    </p>
   </div>
   <div class='ocr_carea' id='block_1_80' title="bbox 2049 3727 3637 3802">
    <p class='ocr_par' dir='ltr' id='par_1_80' title="bbox 2049 3727 3637 3802">
     <span class='ocr_line' id='line_1_80' title="bbox 2049 3727 3637 3802; baseline -0.001 -17"><span class='ocrx_word' id='word_1_581' title='bbox 2049 3732 2252 3802; x_wconf 64' lang='lat' dir='ltr'><strong>abyssi:</strong></span> <span class='ocrx_word' id='word_1_582' title='bbox 2281 3743 2434 3787; x_wconf 82' lang='lat' dir='ltr'><strong>terra:</strong></span> <span class='ocrx_word' id='word_1_583' title='bbox 2462 3732 2655 3786; x_wconf 83' lang='lat' dir='ltr'><strong>iterum</strong></span> <span class='ocrx_word' id='word_1_584' title='bbox 2692 3731 2954 3785; x_wconf 71' lang='lat' dir='ltr'><strong>reduxisti</strong></span> <span class='ocrx_word' id='word_1_585' title='bbox 2978 3746 3083 3795; x_wconf 89' lang='lat' dir='ltr'><strong>me,</strong></span> <span class='ocrx_word' id='word_1_586' title='bbox 3113 3738 3224 3785; x_wconf 89' lang='lat' dir='ltr'><strong>etc.</strong></span> <span class='ocrx_word' id='word_1_587' title='bbox 3257 3728 3544 3786; x_wconf 83' lang='lat' dir='ltr'><strong>Manifestc</strong></span> <span class='ocrx_word' id='word_1_588' title='bbox 3569 3727 3637 3784; x_wconf 85' lang='lat' dir='ltr'><strong>de</strong></span> 
     </span>
    </p>
   </div>
   <div class='ocr_carea' id='block_1_81' title="bbox 2049 3821 3322 3880">
    <p class='ocr_par' dir='ltr' id='par_1_81' title="bbox 2049 3821 3322 3880">
     <span class='ocr_line' id='line_1_81' title="bbox 2049 3821 3322 3880; baseline -0.003 -2"><span class='ocrx_word' id='word_1_589' title='bbox 2049 3824 2458 3880; x_wconf 86' lang='lat' dir='ltr'><strong>resurrectione</strong></span> <span class='ocrx_word' id='word_1_590' title='bbox 2484 3839 2553 3879; x_wconf 85' lang='lat' dir='ltr'><strong>ex</strong></span> <span class='ocrx_word' id='word_1_591' title='bbox 2583 3823 2817 3878; x_wconf 90' lang='lat' dir='ltr'><strong>mortuis</strong></span> <span class='ocrx_word' id='word_1_592' title='bbox 2847 3823 2965 3878; x_wconf 64' lang='lat' dir='ltr'><strong>hac</strong></span> <span class='ocrx_word' id='word_1_593' title='bbox 2991 3821 3136 3876; x_wconf 92' lang='lat' dir='ltr'><strong>dicta</strong></span> <span class='ocrx_word' id='word_1_594' title='bbox 3171 3828 3322 3876; x_wconf 90' lang='lat' dir='ltr'><strong>sunt.</strong></span> 
     </span>
    </p>
   </div>
   <div class='ocr_carea' id='block_1_82' title="bbox 2117 3909 3636 3985">
    <p class='ocr_par' dir='ltr' id='par_1_82' title="bbox 2117 3909 3636 3985">
     <span class='ocr_line' id='line_1_82' title="bbox 2117 3909 3636 3985; baseline -0.002 -17"><span class='ocrx_word' id='word_1_595' title='bbox 2117 3915 2396 3984; x_wconf 78' lang='lat' dir='ltr'><strong>Ejusdem.</strong></span> <span class='ocrx_word' id='word_1_596' title='bbox 2433 3915 2706 3985; x_wconf 84' lang='lat' dir='ltr'><strong>Abyssum</strong></span> <span class='ocrx_word' id='word_1_597' title='bbox 2763 3928 2907 3967; x_wconf 92' lang='lat' dir='ltr'><strong>nunc</strong></span> <span class='ocrx_word' id='word_1_598' title='bbox 2963 3920 3123 3968; x_wconf 85' lang='lat' dir='ltr'><strong>vocat</strong></span> <span class='ocrx_word' id='word_1_599' title='bbox 3163 3910 3341 3966; x_wconf 88' lang='lat' dir='ltr'><strong>locum</strong></span> <span class='ocrx_word' id='word_1_600' title='bbox 3394 3909 3636 3965; x_wconf 81' lang='lat' dir='ltr'><strong>inferno-</strong></span> 
     </span>
    </p>
   </div>
   <div class='ocr_carea' id='block_1_83' title="bbox 2046 4002 3634 4072">
    <p class='ocr_par' dir='ltr' id='par_1_83' title="bbox 2046 4002 3634 4072">
     <span class='ocr_line' id='line_1_83' title="bbox 2046 4002 3634 4072; baseline -0.001 -12"><span class='ocrx_word' id='word_1_601' title='bbox 2046 4023 2166 4060; x_wconf 90' lang='lat' dir='ltr'><strong>rum</strong></span> <span class='ocrx_word' id='word_1_602' title='bbox 2206 4009 2534 4061; x_wconf 71' lang='lat' dir='ltr'><strong>dmmonum.</strong></span> <span class='ocrx_word' id='word_1_603' title='bbox 2587 4007 2727 4060; x_wconf 90' lang='lat' dir='ltr'><strong>Sunt</strong></span> <span class='ocrx_word' id='word_1_604' title='bbox 2778 4013 2958 4060; x_wconf 89' lang='lat' dir='ltr'><strong>autem</strong></span> <span class='ocrx_word' id='word_1_605' title='bbox 3001 4002 3247 4058; x_wconf 90' lang='lat' dir='ltr'><strong>nonnulli</strong></span> <span class='ocrx_word' id='word_1_606' title='bbox 3281 4002 3456 4071; x_wconf 90' lang='lat' dir='ltr'><strong>quiet</strong></span> <span class='ocrx_word' id='word_1_607' title='bbox 3489 4003 3634 4072; x_wconf 86' lang='lat' dir='ltr'><strong>ipsos</strong></span> 
     </span>
    </p>
   </div>
   <div class='ocr_carea' id='block_1_84' title="bbox 2042 4093 3634 4170">
    <p class='ocr_par' dir='ltr' id='par_1_84' title="bbox 2042 4093 3634 4170">
     <span class='ocr_line' id='line_1_84' title="bbox 2042 4093 3634 4170; baseline -0.001 -19"><span class='ocrx_word' id='word_1_608' title='bbox 2042 4098 2316 4153; x_wconf 62' lang='lat' dir='ltr'><strong>da‘mones</strong></span> <span class='ocrx_word' id='word_1_609' title='bbox 2370 4099 2597 4170; x_wconf 85' lang='lat' dir='ltr'><strong>abyssos</strong></span> <span class='ocrx_word' id='word_1_610' title='bbox 2643 4097 2831 4153; x_wconf 87' lang='lat' dir='ltr'><strong>dicunt</strong></span> <span class='ocrx_word' id='word_1_611' title='bbox 2889 4102 3112 4166; x_wconf 88' lang='lat' dir='ltr'><strong>propter</strong></span> <span class='ocrx_word' id='word_1_612' title='bbox 3166 4093 3492 4149; x_wconf 83' lang='lat' dir='ltr'><strong>immensam</strong></span> <span class='ocrx_word' id='word_1_613' title='bbox 3539 4109 3634 4150; x_wconf 84' lang='lat' dir='ltr'><strong>eo-</strong></span> 
     </span>
    </p>
   </div>
   <div class='ocr_carea' id='block_1_85' title="bbox 2040 4190 2496 4243">
    <p class='ocr_par' dir='ltr' id='par_1_85' title="bbox 2040 4190 2496 4243">
     <span class='ocr_line' id='line_1_85' title="bbox 2040 4190 2496 4243; baseline 0 -1"><span class='ocrx_word' id='word_1_614' title='bbox 2040 4204 2161 4242; x_wconf 89' lang='lat' dir='ltr'><strong>rum</strong></span> <span class='ocrx_word' id='word_1_615' title='bbox 2208 4190 2496 4243; x_wconf 83' lang='lat' dir='ltr'><strong>malitiam.</strong></span> 
     </span>
    </p>
   </div>
   <div class='ocr_carea' id='block_1_86' title="bbox 2114 4279 3633 4351">
    <p class='ocr_par' dir='ltr' id='par_1_86' title="bbox 2114 4279 3633 4351">
     <span class='ocr_line' id='line_1_86' title="bbox 2114 4279 3633 4351; baseline -0.003 -16"><span class='ocrx_word' id='word_1_616' title='bbox 2114 4280 2280 4337; x_wconf 82' lang='lat' dir='ltr'><strong>Vens.</strong></span> <span class='ocrx_word' id='word_1_617' title='bbox 2312 4281 2404 4336; x_wconf 67' lang='lat'><strong>22.</strong></span> <span class='ocrx_word' id='word_1_618' title='bbox 2444 4280 2588 4335; x_wconf 86' lang='lat' dir='ltr'><strong>Nam</strong></span> <span class='ocrx_word' id='word_1_619' title='bbox 2631 4291 2678 4336; x_wconf 90' lang='lat' dir='ltr'><strong>et</strong></span> <span class='ocrx_word' id='word_1_620' title='bbox 2707 4297 2801 4351; x_wconf 87' lang='lat' dir='ltr'><strong>ego</strong></span> <span class='ocrx_word' id='word_1_621' title='bbox 2829 4279 3117 4348; x_wconf 82' lang='lat' dir='ltr'><strong>conﬁtebor</strong></span> <span class='ocrx_word' id='word_1_622' title='bbox 3146 4279 3240 4332; x_wconf 87' lang='lat' dir='ltr'><strong>tibi</strong></span> <span class='ocrx_word' id='word_1_623' title='bbox 3265 4279 3319 4332; x_wconf 89' lang='lat' dir='ltr'><strong>in</strong></span> <span class='ocrx_word' id='word_1_624' title='bbox 3345 4293 3465 4331; x_wconf 78' lang='lat' dir='ltr'><strong>vase</strong></span> <span class='ocrx_word' id='word_1_625' title='bbox 3483 4279 3633 4347; x_wconf 79' lang='lat' dir='ltr'><strong>psal-</strong></span> 
     </span>
    </p>
   </div>
   <div class='ocr_carea' id='block_1_87' title="bbox 338 4351 1946 4442">
    <p class='ocr_par' dir='ltr' id='par_1_87' title="bbox 338 4351 1931 4442">
     <span class='ocr_line' id='line_1_87' title="bbox 338 4351 1931 4442; baseline 0.011 -39"><span class='ocrx_word' id='word_1_626' title='bbox 338 4351 458 4442; x_wconf 58' lang='lat' dir='ltr'><strong>jtot&#39;;</strong></span> <span class='ocrx_word' id='word_1_627' title='bbox 487 4353 602 4421; x_wconf 80' lang='grc' dir='ltr'><strong>τὴν</strong></span> <span class='ocrx_word' id='word_1_628' title='bbox 637 4357 930 4424; x_wconf 77' lang='grc' dir='ltr'><strong>ἀλήθειάν</strong></span> <span class='ocrx_word' id='word_1_629' title='bbox 960 4377 1100 4428; x_wconf 90' lang='grc' dir='ltr'>σου,</span> <span class='ocrx_word' id='word_1_630' title='bbox 1133 4381 1186 4417; x_wconf 92' lang='grc' dir='ltr'><strong>κ.</strong></span> <span class='ocrx_word' id='word_1_631' title='bbox 1216 4382 1266 4419; x_wconf 89' lang='grc' dir='ltr'><strong>τ.</strong></span> <span class='ocrx_word' id='word_1_632' title='bbox 1293 4365 1338 4418; x_wconf 81' lang='grc' dir='ltr'>ὲ.</span> <span class='ocrx_word' id='word_1_633' title='bbox 1360 4363 1563 4430; x_wconf 87' lang='grc' dir='ltr'>Σκεῦος</span> <span class='ocrx_word' id='word_1_634' title='bbox 1581 4364 1797 4437; x_wconf 72' lang='grc' dir='ltr'>ψαλμοῦ</span> <span class='ocrx_word' id='word_1_635' title='bbox 1820 4366 1931 4440; x_wconf 71' lang='grc'>(54)</span> 
     </span>
    </p>
   </div>
   <div class='ocr_carea' id='block_1_88' title="bbox 2054 4351 3519 4442">
    <p class='ocr_par' dir='ltr' id='par_1_88' title="bbox 2054 4370 3519 4442">
     <span class='ocr_line' id='line_1_88' title="bbox 2054 4370 3519 4442; baseline -0.003 -15"><span class='ocrx_word' id='word_1_636' title='bbox 2054 4374 2113 4428; x_wconf 78' lang='lat' dir='ltr'><strong>ni</strong></span> <span class='ocrx_word' id='word_1_637' title='bbox 2137 4373 2407 4429; x_wconf 84' lang='lat' dir='ltr'><strong>veritatem</strong></span> <span class='ocrx_word' id='word_1_638' title='bbox 2437 4381 2606 4441; x_wconf 85' lang='lat' dir='ltr'><strong>tuam,</strong></span> <span class='ocrx_word' id='word_1_639' title='bbox 2641 4383 2746 4428; x_wconf 91' lang='lat' dir='ltr'><strong>etc.</strong></span> <span class='ocrx_word' id='word_1_640' title='bbox 2792 4370 2895 4428; x_wconf 85' lang='lat' dir='ltr'><strong>Vas</strong></span> <span class='ocrx_word' id='word_1_641' title='bbox 2928 4371 3129 4442; x_wconf 84' lang='lat' dir='ltr'><strong>psalmi</strong></span> <span class='ocrx_word' id='word_1_642' title='bbox 3153 4371 3333 4426; x_wconf 89' lang='lat' dir='ltr'><strong>anima</strong></span> <span class='ocrx_word' id='word_1_643' title='bbox 3364 4384 3519 4440; x_wconf 86' lang='lat' dir='ltr'><strong>pura.</strong></span> 
     </span>
    </p>
   </div>
   <div class='ocr_carea' id='block_1_89' title="bbox 341 4440 756 4518">
    <p class='ocr_par' dir='ltr' id='par_1_89' title="bbox 341 4440 756 4518">
     <span class='ocr_line' id='line_1_89' title="bbox 341 4440 756 4518; baseline 0.002 -16"><span class='ocrx_word' id='word_1_644' title='bbox 341 4440 486 4514; x_wconf 59' lang='grc' dir='ltr'>Ψυχὴ</span> <span class='ocrx_word' id='word_1_645' title='bbox 523 4445 756 4518; x_wconf 78' lang='grc' dir='ltr'>καθαρά.</span> 
     </span>
    </p>
   </div>
   <div class='ocr_carea' id='block_1_90' title="bbox 911 4632 1368 4690">
    <p class='ocr_par' dir='ltr' id='par_1_90' title="bbox 911 4632 1368 4690">
     <span class='ocr_line' id='line_1_90' title="bbox 911 4632 1368 4690; baseline 0.011 -5"><span class='ocrx_word' id='word_1_646' title='bbox 911 4632 1206 4687; x_wconf 83' lang='grc' dir='ltr'><strong>ΨΛΛΜΟΣ</strong></span> <span class='ocrx_word' id='word_1_647' title='bbox 1245 4636 1368 4690; x_wconf 78' lang='lat' dir='ltr'><strong>OA&#39;.</strong></span> 
     </span>
    </p>
   </div>
   <div class='ocr_carea' id='block_1_91' title="bbox 411 4717 1926 4798">
    <p class='ocr_par' dir='ltr' id='par_1_91' title="bbox 411 4717 1926 4798">
     <span class='ocr_line' id='line_1_91' title="bbox 411 4717 1926 4798; baseline 0.011 -31"><span class='ocrx_word' id='word_1_648' title='bbox 411 4717 513 4781; x_wconf 80' lang='grc' dir='ltr'><strong>Εἰς</strong></span> <span class='ocrx_word' id='word_1_649' title='bbox 545 4719 856 4790; x_wconf 76' lang='grc' dir='ltr'>Σαλομὼν,</span> <span class='ocrx_word' id='word_1_650' title='bbox 885 4741 940 4780; x_wconf 88' lang='grc' dir='ltr'><strong>κ.</strong></span> <span class='ocrx_word' id='word_1_651' title='bbox 971 4743 1019 4778; x_wconf 89' lang='grc' dir='ltr'><strong>τ.</strong></span> <span class='ocrx_word' id='word_1_652' title='bbox 1051 4727 1097 4778; x_wconf 82' lang='grc' dir='ltr'>ὲ.</span> <span class='ocrx_word' id='word_1_653' title='bbox 1135 4727 1229 4790; x_wconf 77' lang='grc' dir='ltr'><strong>Εἰς</strong></span> <span class='ocrx_word' id='word_1_654' title='bbox 1256 4724 1517 4798; x_wconf 84' lang='grc' dir='ltr'>Σαλομὼν</span> <span class='ocrx_word' id='word_1_655' title='bbox 1548 4726 1670 4798; x_wconf 83' lang='grc'>(55)</span> <span class='ocrx_word' id='word_1_656' title='bbox 1696 4728 1787 4782; x_wconf 86' lang='grc' dir='ltr'><strong>τὸν</strong></span> <span class='ocrx_word' id='word_1_657' title='bbox 1811 4730 1926 4784; x_wconf 84' lang='grc' dir='ltr'>υἱὸν</span> 
     </span>
    </p>
   </div>
   <div class='ocr_carea' id='block_1_92' title="bbox 340 4807 1926 4893">
    <p class='ocr_par' dir='ltr' id='par_1_92' title="bbox 340 4807 1926 4893">
     <span class='ocr_line' id='line_1_92' title="bbox 340 4807 1926 4893; baseline 0.013 -36"><span class='ocrx_word' id='word_1_658' title='bbox 340 4807 558 4862; x_wconf 67' lang='grc' dir='ltr'>Δαυΐδοι</span> <span class='ocrx_word' id='word_1_659' title='bbox 586 4812 776 4879; x_wconf 81' lang='grc' dir='ltr'>Βίϐλος</span> <span class='ocrx_word' id='word_1_660' title='bbox 820 4817 931 4888; x_wconf 82' lang='grc' dir='ltr'><strong>γὰρ</strong></span> <span class='ocrx_word' id='word_1_661' title='bbox 963 4819 1236 4887; x_wconf 76' lang='grc' dir='ltr'>γενέσεως</span> <span class='ocrx_word' id='word_1_662' title='bbox 1300 4821 1476 4892; x_wconf 88' lang='grc' dir='ltr'>Ἰησοῦ</span> <span class='ocrx_word' id='word_1_663' title='bbox 1515 4822 1755 4893; x_wconf 85' lang='grc' dir='ltr'>Χριστοῦ</span> <span class='ocrx_word' id='word_1_664' title='bbox 1806 4821 1926 4877; x_wconf 89' lang='grc' dir='ltr'>υἱοῦ</span> 
     </span>
    </p>
   </div>
   <div class='ocr_carea' id='block_1_93' title="bbox 340 4899 1928 4984">
    <p class='ocr_par' dir='ltr' id='par_1_93' title="bbox 340 4899 1928 4984">
     <span class='ocr_line' id='line_1_93' title="bbox 340 4899 1928 4984; baseline 0.015 -34"><span class='ocrx_word' id='word_1_665' title='bbox 340 4899 516 4956; x_wconf 57' lang='lat' dir='ltr'><strong>sane.</strong></span> <span class='ocrx_word' id='word_1_666' title='bbox 541 4924 559 4954; x_wconf 84' lang='grc'>›</span> <span class='ocrx_word' id='word_1_667' title='bbox 595 4906 854 4977; x_wconf 79' lang='grc' dir='ltr'>Σαλομὼν</span> <span class='ocrx_word' id='word_1_668' title='bbox 886 4911 995 4982; x_wconf 84' lang='grc' dir='ltr'><strong>γὰρ</strong></span> <span class='ocrx_word' id='word_1_669' title='bbox 1022 4913 1382 4984; x_wconf 79' lang='grc' dir='ltr'>ἑρμηνεύεται</span> <span class='ocrx_word' id='word_1_670' title='bbox 1415 4916 1732 4984; x_wconf 77' lang='grc' dir='ltr'>εἰρηνικός·</span> <span class='ocrx_word' id='word_1_671' title='bbox 1766 4919 1928 4983; x_wconf 83' lang='grc' dir='ltr'>αὐτὸς</span> 
     </span>
    </p>
   </div>
   <div class='ocr_carea' id='block_1_94' title="bbox 340 4989 1117 5073">
    <p class='ocr_par' dir='ltr' id='par_1_94' title="bbox 340 4989 1117 5073">
     <span class='ocr_line' id='line_1_94' title="bbox 340 4989 1117 5073; baseline 0.021 -32"><span class='ocrx_word' id='word_1_672' title='bbox 340 4989 448 5062; x_wconf 82' lang='grc' dir='ltr'><strong>γάρ</strong></span> <span class='ocrx_word' id='word_1_673' title='bbox 478 4995 627 5049; x_wconf 75' lang='grc' dir='ltr'>ἐστιν</span> <span class='ocrx_word' id='word_1_674' title='bbox 656 4999 688 5069; x_wconf 75' lang='grc' dir='ltr'>ἡ</span> <span class='ocrx_word' id='word_1_675' title='bbox 715 5001 905 5073; x_wconf 73' lang='grc' dir='ltr'>εἰρήνη</span> <span class='ocrx_word' id='word_1_676' title='bbox 935 5003 1117 5073; x_wconf 78' lang='grc' dir='ltr'>ἡμῶν,</span> 
     </span>
    </p>
   </div>
   <div class='ocr_carea' id='block_1_95' title="bbox 413 5113 1866 5192">
    <p class='ocr_par' dir='ltr' id='par_1_95' title="bbox 413 5113 1866 5192">
     <span class='ocr_line' id='line_1_95' title="bbox 413 5113 1866 5192; baseline 0.011 -26"><span class='ocrx_word' id='word_1_677' title='bbox 413 5113 459 5144; x_wconf 85' lang='grc'>²⁹</span> <span class='ocrx_word' id='word_1_678' title='bbox 485 5113 605 5169; x_wconf 89' lang='lat' dir='ltr'><strong>Isai.</strong></span> <span class='ocrx_word' id='word_1_679' title='bbox 639 5132 747 5172; x_wconf 82' lang='lat' dir='ltr'><strong>th.</strong></span> <span class='ocrx_word' id='word_1_680' title='bbox 772 5118 829 5174; x_wconf 74' lang='grc'>2.</span> <span class='ocrx_word' id='word_1_681' title='bbox 908 5120 952 5152; x_wconf 86' lang='grc'>³⁰</span> <span class='ocrx_word' id='word_1_682' title='bbox 985 5121 1175 5177; x_wconf 87' lang='lat' dir='ltr'><strong>Matth.</strong></span> <span class='ocrx_word' id='word_1_683' title='bbox 1209 5124 1375 5188; x_wconf 71' lang='lat' dir='ltr'><strong>v.40.</strong></span> <span class='ocrx_word' id='word_1_684' title='bbox 1454 5125 1495 5156; x_wconf 77' lang='grc'><strong>³³</strong></span> <span class='ocrx_word' id='word_1_685' title='bbox 1530 5125 1664 5180; x_wconf 91' lang='lat' dir='ltr'><strong>ibid.</strong></span> <span class='ocrx_word' id='word_1_686' title='bbox 1693 5141 1746 5192; x_wconf 83' lang='grc' dir='ltr'><strong>ν,</strong></span> <span class='ocrx_word' id='word_1_687' title='bbox 1781 5127 1866 5182; x_wconf 79' lang='grc'>17.</span> 
     </span>
    </p>
   </div>
   <div class='ocr_carea' id='block_1_96' title="bbox 407 5233 1920 5332">
    <p class='ocr_par' dir='ltr' id='par_1_96' title="bbox 407 5233 1920 5332">
     <span class='ocr_line' id='line_1_96' title="bbox 407 5233 1920 5332; baseline 0.004 -41"><span class='ocrx_word' id='word_1_688' title='bbox 688 5233 775 5304; x_wconf 81' lang='grc' dir='ltr'>μὴ</span> <span class='ocrx_word' id='word_1_689' title='bbox 801 5241 1138 5309; x_wconf 76' lang='grc' dir='ltr'>μακρύνῃς,</span> <span class='ocrx_word' id='word_1_690' title='bbox 1177 5247 1284 5295; x_wconf 91' lang='lat' dir='ltr'><strong>etc.</strong></span> <span class='ocrx_word' id='word_1_691' title='bbox 1320 5239 1503 5296; x_wconf 82' lang='lat' dir='ltr'><strong>Codex</strong></span> <span class='ocrx_word' id='word_1_692' title='bbox 1549 5239 1920 5298; x_wconf 85' lang='lat' dir='ltr'><strong>Coislinianus</strong></span> 
     </span>
    </p>
   </div>
   <div class='ocr_carea' id='block_1_97' title="bbox 339 5319 1916 5452">
    <p class='ocr_par' dir='ltr' id='par_1_97' title="bbox 339 5319 1916 5452">
     <span class='ocr_line' id='line_1_97' title="bbox 339 5319 1916 5452; baseline 0 -16"><span class='ocrx_word' id='word_1_693' title='bbox 339 5319 812 5452; x_wconf 43' lang='grc' dir='ltr'><strong>ΙπιᾶἓΓΜακρὰν</strong></span> <span class='ocrx_word' id='word_1_694' title='bbox 833 5379 949 5434; x_wconf 81' lang='grc' dir='ltr'><strong>ἀπὸ</strong></span> <span class='ocrx_word' id='word_1_695' title='bbox 976 5380 1312 5452; x_wconf 61' lang='grc' dir='ltr'>ιξνθρώπου,</span> <span class='ocrx_word' id='word_1_696' title='bbox 1327 5379 1690 5452; x_wconf 70' lang='lat' dir='ltr'><strong>_elc._ScItcd:n</strong></span> <span class='ocrx_word' id='word_1_697' title='bbox 1707 5381 1916 5438; x_wconf 83' lang='lat' dir='ltr'><strong>Grabii.</strong></span> 
     </span>
    </p>
   </div>
   <div class='ocr_carea' id='block_1_98' title="bbox 2451 4639 3207 4715">
    <p class='ocr_par' dir='ltr' id='par_1_98' title="bbox 2451 4639 3207 4715">
     <span class='ocr_line' id='line_1_98' title="bbox 2451 4639 3207 4715; baseline -0.001 -18"><span class='ocrx_word' id='word_1_698' title='bbox 2451 4643 2613 4715; x_wconf 71' lang='lat'><strong>761</strong></span> <span class='ocrx_word' id='word_1_699' title='bbox 2654 4639 2980 4698; x_wconf 85' lang='lat' dir='ltr'><strong>PSALMUS</strong></span> <span class='ocrx_word' id='word_1_700' title='bbox 3018 4639 3207 4696; x_wconf 83' lang='lat' dir='ltr'><strong>Lxxt.</strong></span> 
     </span>
    </p>
   </div>
   <div class='ocr_carea' id='block_1_99' title="bbox 2113 4727 3630 4798">
    <p class='ocr_par' dir='ltr' id='par_1_99' title="bbox 2113 4727 3630 4798">
     <span class='ocr_line' id='line_1_99' title="bbox 2113 4727 3630 4798; baseline -0.003 -10"><span class='ocrx_word' id='word_1_701' title='bbox 2113 4733 2278 4790; x_wconf 86' lang='lat' dir='ltr'><strong>Vens.</strong></span> <span class='ocrx_word' id='word_1_702' title='bbox 2321 4733 2371 4789; x_wconf 88' lang='lat' dir='ltr'><strong>I.</strong></span> <span class='ocrx_word' id='word_1_703' title='bbox 2412 4733 2480 4788; x_wconf 88' lang='grc' dir='ltr'>1η</span> <span class='ocrx_word' id='word_1_704' title='bbox 2530 4731 2892 4798; x_wconf 87' lang='lat' dir='ltr'><strong>Salomonem,</strong></span> <span class='ocrx_word' id='word_1_705' title='bbox 2925 4738 3032 4788; x_wconf 80' lang='lat' dir='ltr'><strong>etc.</strong></span> <span class='ocrx_word' id='word_1_706' title='bbox 3088 4731 3143 4784; x_wconf 85' lang='lat' dir='ltr'><strong>In</strong></span> <span class='ocrx_word' id='word_1_707' title='bbox 3186 4730 3538 4786; x_wconf 87' lang='lat' dir='ltr'><strong>Salomoncm</strong></span> <span class='ocrx_word' id='word_1_708' title='bbox 3562 4727 3630 4784; x_wconf 82' lang='lat' dir='ltr'><strong>li-</strong></span> 
     </span>
    </p>
   </div>
   <div class='ocr_carea' id='block_1_100' title="bbox 2037 4821 3628 4896">
    <p class='ocr_par' dir='ltr' id='par_1_100' title="bbox 2037 4821 3628 4896">
     <span class='ocr_line' id='line_1_100' title="bbox 2037 4821 3628 4896; baseline -0.005 -13"><span class='ocrx_word' id='word_1_709' title='bbox 2037 4827 2168 4884; x_wconf 89' lang='lat' dir='ltr'><strong>lium</strong></span> <span class='ocrx_word' id='word_1_710' title='bbox 2207 4828 2414 4882; x_wconf 89' lang='lat' dir='ltr'><strong>David:</strong></span> <span class='ocrx_word' id='word_1_711' title='bbox 2445 4841 2570 4881; x_wconf 90' lang='lat' dir='ltr'><strong>nam</strong></span> <span class='ocrx_word' id='word_1_712' title='bbox 2605 4843 2624 4878; x_wconf 78' lang='grc' dir='ltr'><strong>ι</strong></span> <span class='ocrx_word' id='word_1_713' title='bbox 2657 4824 2818 4881; x_wconf 79' lang='lat' dir='ltr'><strong>Liber</strong></span> <span class='ocrx_word' id='word_1_714' title='bbox 2847 4823 3217 4896; x_wconf 74' lang='lat' dir='ltr'><strong>generationis</strong></span> <span class='ocrx_word' id='word_1_715' title='bbox 3257 4821 3384 4877; x_wconf 78' lang='lat' dir='ltr'><strong>Jesu</strong></span> <span class='ocrx_word' id='word_1_716' title='bbox 3422 4821 3628 4877; x_wconf 87' lang='lat' dir='ltr'><strong>Christi</strong></span> 
     </span>
    </p>
   </div>
   <div class='ocr_carea' id='block_1_101' title="bbox 2040 4914 3625 4986">
    <p class='ocr_par' dir='ltr' id='par_1_101' title="bbox 2040 4914 3625 4986">
     <span class='ocr_line' id='line_1_101' title="bbox 2040 4914 3625 4986; baseline -0.003 -13"><span class='ocrx_word' id='word_1_717' title='bbox 2040 4921 2134 4975; x_wconf 88' lang='lat' dir='ltr'><strong>lilii</strong></span> <span class='ocrx_word' id='word_1_718' title='bbox 2171 4920 2341 4976; x_wconf 87' lang='lat' dir='ltr'><strong>David</strong></span> <span class='ocrx_word' id='word_1_719' title='bbox 2365 4919 2435 4974; x_wconf 81' lang='grc'><strong>³³.</strong></span> <span class='ocrx_word' id='word_1_720' title='bbox 2459 4940 2478 4973; x_wconf 77' lang='grc' dir='ltr'><strong>ι</strong></span> <span class='ocrx_word' id='word_1_721' title='bbox 2513 4919 2776 4976; x_wconf 87' lang='lat' dir='ltr'><strong>Salomon</strong></span> <span class='ocrx_word' id='word_1_722' title='bbox 2814 4927 2996 4974; x_wconf 85' lang='lat' dir='ltr'><strong>autem</strong></span> <span class='ocrx_word' id='word_1_723' title='bbox 3045 4917 3442 4986; x_wconf 87' lang='lat' dir='ltr'><strong>interpretatur</strong></span> <span class='ocrx_word' id='word_1_724' title='bbox 3471 4914 3625 4985; x_wconf 82' lang='lat' dir='ltr'><strong>paci--</strong></span> 
     </span>
    </p>
   </div>
   <div class='ocr_carea' id='block_1_102' title="bbox 2037 5014 3031 5084">
    <p class='ocr_par' dir='ltr' id='par_1_102' title="bbox 2037 5014 3031 5084">
     <span class='ocr_line' id='line_1_102' title="bbox 2037 5014 3031 5084; baseline -0.002 -17"><span class='ocrx_word' id='word_1_725' title='bbox 2037 5014 2170 5082; x_wconf 75' lang='lat' dir='ltr'><strong>ﬁcus</strong></span> <span class='ocrx_word' id='word_1_726' title='bbox 2201 5030 2218 5068; x_wconf 93' lang='lat'><strong><em>:</em></strong></span> <span class='ocrx_word' id='word_1_727' title='bbox 2251 5015 2366 5084; x_wconf 87' lang='lat' dir='ltr'><strong>ipse</strong></span> <span class='ocrx_word' id='word_1_728' title='bbox 2388 5014 2534 5069; x_wconf 89' lang='lat' dir='ltr'><strong>enim</strong></span> <span class='ocrx_word' id='word_1_729' title='bbox 2565 5023 2649 5070; x_wconf 92' lang='lat' dir='ltr'><strong>est</strong></span> <span class='ocrx_word' id='word_1_730' title='bbox 2682 5029 2783 5082; x_wconf 85' lang='lat' dir='ltr'><strong>pax</strong></span> <span class='ocrx_word' id='word_1_731' title='bbox 2819 5021 3031 5067; x_wconf 91' lang='lat' dir='ltr'><strong>nostra.</strong></span> 
     </span>
    </p>
   </div>
   <div class='ocr_carea' id='block_1_103' title="bbox 1965 5127 2939 5198">
    <p class='ocr_par' dir='ltr' id='par_1_103' title="bbox 1965 5127 2939 5198">
     <span class='ocr_line' id='line_1_103' title="bbox 1965 5127 2939 5198; baseline -0.001 -15"><span class='ocrx_word' id='word_1_732' title='bbox 1965 5128 2011 5160; x_wconf 84' lang='grc'>³³</span> <span class='ocrx_word' id='word_1_733' title='bbox 2039 5127 2250 5184; x_wconf 86' lang='lat' dir='ltr'><strong>Coloss.</strong></span> <span class='ocrx_word' id='word_1_734' title='bbox 2289 5131 2340 5198; x_wconf 89' lang='grc'><strong>1,</strong></span> <span class='ocrx_word' id='word_1_735' title='bbox 2364 5130 2457 5185; x_wconf 72' lang='lat'><strong>20.</strong></span> <span class='ocrx_word' id='word_1_736' title='bbox 2534 5129 2580 5162; x_wconf 86' lang='grc'>³³</span> <span class='ocrx_word' id='word_1_737' title='bbox 2602 5129 2797 5185; x_wconf 82' lang='lat' dir='ltr'><strong>Matth.</strong></span> <span class='ocrx_word' id='word_1_738' title='bbox 2822 5144 2862 5196; x_wconf 85' lang='grc' dir='ltr'><strong>ι,</strong></span> <span class='ocrx_word' id='word_1_739' title='bbox 2889 5129 2939 5182; x_wconf 83' lang='grc'><strong>1.</strong></span> 
     </span>
    </p>
   </div>
   <div class='ocr_carea' id='block_1_104' title="bbox 2102 5241 3626 5328">
    <p class='ocr_par' dir='ltr' id='par_1_104' title="bbox 2102 5241 3626 5328">
     <span class='ocr_line' id='line_1_104' title="bbox 2102 5241 3626 5328; baseline -0.003 -27"><span class='ocrx_word' id='word_1_740' title='bbox 2102 5244 2216 5328; x_wconf 62' lang='lat' dir='ltr'><strong>(Eii)</strong></span> <span class='ocrx_word' id='word_1_741' title='bbox 2247 5246 2752 5315; x_wconf 68' lang='lat' dir='ltr'><strong>Elpm-oxcuio&#39;ac,</strong></span> <span class='ocrx_word' id='word_1_742' title='bbox 2783 5255 2889 5300; x_wconf 89' lang='lat' dir='ltr'><strong>etc.</strong></span> <span class='ocrx_word' id='word_1_743' title='bbox 2917 5242 3061 5302; x_wconf 89' lang='lat' dir='ltr'><strong>Idem</strong></span> <span class='ocrx_word' id='word_1_744' title='bbox 3114 5243 3292 5300; x_wconf 78' lang='lat' dir='ltr'><strong>codex</strong></span> <span class='ocrx_word' id='word_1_745' title='bbox 3323 5250 3377 5298; x_wconf 85' lang='lat' dir='ltr'><strong>et</strong></span> <span class='ocrx_word' id='word_1_746' title='bbox 3406 5241 3626 5298; x_wconf 73' lang='lat' dir='ltr'><strong>schedae</strong></span> 
     </span>
    </p>
   </div>
   <div class='ocr_carea' id='block_1_105' title="bbox 2030 5313 2240 5371">
    <p class='ocr_par' dir='ltr' id='par_1_105' title="bbox 2030 5313 2240 5371">
     <span class='ocr_line' id='line_1_105' title="bbox 2030 5313 2240 5371; baseline 0.019 -4"><span class='ocrx_word' id='word_1_747' title='bbox 2030 5313 2240 5371; x_wconf 49' lang='lat' dir='ltr'><strong>Grahi&#39;i.</strong></span> 
     </span>
    </p>
   </div>
   <div class='ocr_carea' id='block_1_106' title="bbox 2103 5351 3620 5459">
    <p class='ocr_par' dir='ltr' id='par_1_106' title="bbox 2103 5351 3620 5459">
     <span class='ocr_line' id='line_1_106' title="bbox 2103 5351 3620 5459; baseline 0.001 -19"><span class='ocrx_word' id='word_1_748' title='bbox 2103 5351 2462 5459; x_wconf 55' lang='grc' dir='ltr'><strong>(5Ξ)’Σαφῶς</strong></span> <span class='ocrx_word' id='word_1_749' title='bbox 2504 5390 2636 5457; x_wconf 75' lang='grc' dir='ltr'>περὶ</span> <span class='ocrx_word' id='word_1_750' title='bbox 2685 5385 2815 5456; x_wconf 81' lang='grc' dir='ltr'>τῆς,</span> <span class='ocrx_word' id='word_1_751' title='bbox 2854 5395 2962 5442; x_wconf 92' lang='lat' dir='ltr'><strong>etc.</strong></span> <span class='ocrx_word' id='word_1_752' title='bbox 3016 5385 3201 5442; x_wconf 85' lang='lat' dir='ltr'><strong>Codex</strong></span> <span class='ocrx_word' id='word_1_753' title='bbox 3249 5351 3620 5441; x_wconf 39' lang='lat' dir='ltr'><strong>Coi‘slinianus</strong></span> 
     </span>
    </p>
   </div>
   <div class='ocr_carea' id='block_1_107' title="bbox 410 5447 1946 5522">
    <p class='ocr_par' dir='ltr' id='par_1_107' title="bbox 410 5447 1921 5522">
     <span class='ocr_line' id='line_1_107' title="bbox 410 5447 1921 5522; baseline 0.005 -22"><span class='ocrx_word' id='word_1_754' title='bbox 410 5447 523 5522; x_wconf 70' lang='lat' dir='ltr'><strong>(lli)</strong></span> <span class='ocrx_word' id='word_1_755' title='bbox 562 5447 843 5522; x_wconf 56' lang='grc' dir='ltr'>ΤοπᾹφες</span> <span class='ocrx_word' id='word_1_756' title='bbox 869 5450 1052 5522; x_wconf 77' lang='grc' dir='ltr'>αὐτῷ,</span> <span class='ocrx_word' id='word_1_757' title='bbox 1070 5447 1193 5522; x_wconf 11' lang='grc' dir='ltr'>θοις.</span> <span class='ocrx_word' id='word_1_758' title='bbox 1227 5450 1410 5505; x_wconf 79' lang='lat' dir='ltr'><strong>Codex</strong></span> <span class='ocrx_word' id='word_1_759' title='bbox 1437 5450 1805 5508; x_wconf 85' lang='lat' dir='ltr'><strong>Coislinianus</strong></span> <span class='ocrx_word' id='word_1_760' title='bbox 1831 5467 1921 5507; x_wconf 89' lang='lat' dir='ltr'><strong>se-</strong></span> 
     </span>
    </p>
   </div>
   <div class='ocr_carea' id='block_1_108' title="bbox 2054 5447 2323 5522">
    <p class='ocr_par' dir='ltr' id='par_1_108' title="bbox 2054 5447 2323 5513">
     <span class='ocr_line' id='line_1_108' title="bbox 2054 5447 2323 5513; baseline 0.011 -3"><span class='ocrx_word' id='word_1_761' title='bbox 2054 5447 2323 5513; x_wconf 28' lang='lat' dir='ltr'><strong>rceun&#39;dus.</strong></span> 
     </span>
    </p>
   </div>
   <div class='ocr_carea' id='block_1_109' title="bbox 338 5521 1124 5586">
    <p class='ocr_par' dir='ltr' id='par_1_109' title="bbox 338 5521 1124 5586">
     <span class='ocr_line' id='line_1_109' title="bbox 338 5521 1124 5586; baseline 0.001 -11"><span class='ocrx_word' id='word_1_762' title='bbox 338 5521 568 5586; x_wconf 78' lang='lat' dir='ltr'><strong>candus,</strong></span> <span class='ocrx_word' id='word_1_763' title='bbox 596 5533 650 5576; x_wconf 89' lang='lat' dir='ltr'><strong>et</strong></span> <span class='ocrx_word' id='word_1_764' title='bbox 677 5521 888 5578; x_wconf 75' lang='lat' dir='ltr'><strong>schetlae</strong></span> <span class='ocrx_word' id='word_1_765' title='bbox 916 5521 1124 5576; x_wconf 83' lang='lat' dir='ltr'><strong>Grabii.</strong></span> 
     </span>
    </p>
   </div>
   <div class='ocr_carea' id='block_1_110' title="bbox 411 5591 1921 5662">
    <p class='ocr_par' dir='ltr' id='par_1_110' title="bbox 411 5591 1921 5662">
     <span class='ocr_line' id='line_1_110' title="bbox 411 5591 1921 5662; baseline 0.003 -19"><span class='ocrx_word' id='word_1_766' title='bbox 411 5591 522 5662; x_wconf 76' lang='grc'>(47)</span> <span class='ocrx_word' id='word_1_767' title='bbox 557 5595 788 5647; x_wconf 74' lang='grc' dir='ltr'>Πολλαι</span> <span class='ocrx_word' id='word_1_768' title='bbox 816 5592 1098 5658; x_wconf 81' lang='grc' dir='ltr'>αὶνέσεις,</span> <span class='ocrx_word' id='word_1_769' title='bbox 1133 5603 1242 5648; x_wconf 86' lang='lat' dir='ltr'><strong>etc.</strong></span> <span class='ocrx_word' id='word_1_770' title='bbox 1269 5591 1416 5648; x_wconf 89' lang='lat' dir='ltr'><strong>Idem</strong></span> <span class='ocrx_word' id='word_1_771' title='bbox 1438 5591 1606 5649; x_wconf 81' lang='lat' dir='ltr'><strong>codex</strong></span> <span class='ocrx_word' id='word_1_772' title='bbox 1631 5591 1921 5650; x_wconf 83' lang='lat' dir='ltr'><strong>Coislinia-</strong></span> 
     </span>
    </p>
   </div>
   <div class='ocr_carea' id='block_1_111' title="bbox 337 5669 1383 5870">
    <p class='ocr_par' dir='ltr' id='par_1_111' title="bbox 337 5669 1383 5870">
     <span class='ocr_line' id='line_1_111' title="bbox 337 5669 763 5716; baseline 0.005 -2"><span class='ocrx_word' id='word_1_773' title='bbox 337 5677 438 5714; x_wconf 89' lang='lat' dir='ltr'><strong>nus</strong></span> <span class='ocrx_word' id='word_1_774' title='bbox 470 5669 763 5716; x_wconf 69' lang='lat' dir='ltr'><strong>scentulus.</strong></span> 
     </span>
     <span class='ocr_line' id='line_1_112' title="bbox 408 5730 1383 5870; baseline 0.006 -85"><span class='ocrx_word' id='word_1_775' title='bbox 408 5730 518 5870; x_wconf 64' lang='grc'>(48)</span> <span class='ocrx_word' id='word_1_776' title='bbox 553 5733 1053 5813; x_wconf 28' lang='grc' dir='ltr'>ἔστιλπξράμμα,</span> <span class='ocrx_word' id='word_1_777' title='bbox 1079 5742 1185 5789; x_wconf 90' lang='lat' dir='ltr'><strong>etc.</strong></span> <span class='ocrx_word' id='word_1_778' title='bbox 1217 5732 1383 5792; x_wconf 87' lang='lat' dir='ltr'><strong>ItIcm.</strong></span> 
     </span>
     <span class='ocr_line' id='line_1_113' title="bbox 438 5802 1383 5870; baseline 0.006 -16"><span class='ocrx_word' id='word_1_779' title='bbox 438 5802 520 5866; x_wconf 71' lang='grc'><strong>19)</strong></span> <span class='ocrx_word' id='word_1_780' title='bbox 558 5808 669 5870; x_wconf 70' lang='lat' dir='ltr'><strong>Tne</strong></span> <span class='ocrx_word' id='word_1_781' title='bbox 694 5823 795 5858; x_wconf 80' lang='grc' dir='ltr'><strong>του</strong></span> <span class='ocrx_word' id='word_1_782' title='bbox 827 5807 1077 5870; x_wconf 85' lang='grc' dir='ltr'>Πατρός.</span> <span class='ocrx_word' id='word_1_783' title='bbox 1107 5816 1217 5860; x_wconf 92' lang='lat' dir='ltr'><strong>etc.</strong></span> <span class='ocrx_word' id='word_1_784' title='bbox 1247 5805 1383 5860; x_wconf 89' lang='lat' dir='ltr'><strong>Idem</strong></span> 
     </span>
    </p>
   </div>
   <div class='ocr_carea' id='block_1_112' title="bbox 438 5802 1413 5873">
    <p class='ocr_par' dir='ltr' id='par_1_112' title="bbox 438 5802 1413 5873">
     <span class='ocr_line' id='line_1_114' title="bbox 438 5802 1413 5873; baseline 0.007 -19"><span class='ocrx_word' id='word_1_785' title='bbox 438 5802 520 5866; x_wconf 71' lang='grc'><strong>19)</strong></span> <span class='ocrx_word' id='word_1_786' title='bbox 558 5803 669 5872; x_wconf 80' lang='grc' dir='ltr'><strong>Τῆς</strong></span> <span class='ocrx_word' id='word_1_787' title='bbox 694 5802 1077 5873; x_wconf 9' lang='grc' dir='ltr'>τοῦήηατρός.</span> <span class='ocrx_word' id='word_1_788' title='bbox 1107 5816 1217 5860; x_wconf 92' lang='lat' dir='ltr'><strong>etc.</strong></span> <span class='ocrx_word' id='word_1_789' title='bbox 1247 5805 1413 5860; x_wconf 89' lang='lat' dir='ltr'><strong>Idem.</strong></span> 
     </span>
    </p>
   </div>
   <div class='ocr_carea' id='block_1_113' title="bbox 407 5873 1871 5950">
    <p class='ocr_par' dir='ltr' id='par_1_113' title="bbox 407 5873 1871 5950">
     <span class='ocr_line' id='line_1_115' title="bbox 407 5873 1871 5950; baseline 0.007 -23"><span class='ocrx_word' id='word_1_790' title='bbox 407 5873 521 5943; x_wconf 76' lang='lat'><strong>(50)</strong></span> <span class='ocrx_word' id='word_1_791' title='bbox 553 5877 844 5946; x_wconf 79' lang='grc' dir='ltr'>Βραχίων,</span> <span class='ocrx_word' id='word_1_792' title='bbox 887 5886 992 5934; x_wconf 81' lang='lat' dir='ltr'><strong>etc.</strong></span> <span class='ocrx_word' id='word_1_793' title='bbox 1031 5877 1218 5934; x_wconf 83' lang='lat' dir='ltr'><strong>Codex</strong></span> <span class='ocrx_word' id='word_1_794' title='bbox 1250 5876 1610 5936; x_wconf 86' lang='lat' dir='ltr'><strong>Coislinianus</strong></span> <span class='ocrx_word' id='word_1_795' title='bbox 1645 5878 1871 5950; x_wconf 90' lang='lat' dir='ltr'><strong>primus.</strong></span> 
     </span>
    </p>
   </div>
   <div class='ocr_carea' id='block_1_114' title="bbox 2101 5524 3612 5612">
    <p class='ocr_par' dir='ltr' id='par_1_114' title="bbox 2101 5524 3612 5612">
     <span class='ocr_line' id='line_1_116' title="bbox 2101 5524 3612 5612; baseline -0.001 -28"><span class='ocrx_word' id='word_1_796' title='bbox 2101 5527 2214 5612; x_wconf 58' lang='grc'>(55)</span> <span class='ocrx_word' id='word_1_797' title='bbox 2243 5531 2553 5612; x_wconf 63' lang='grc' dir='ltr'>ςἈϐυσσον</span> <span class='ocrx_word' id='word_1_798' title='bbox 2576 5529 2710 5596; x_wconf 81' lang='grc' dir='ltr'>νῦν,</span> <span class='ocrx_word' id='word_1_799' title='bbox 2739 5540 2848 5586; x_wconf 89' lang='lat' dir='ltr'><strong>etc.</strong></span> <span class='ocrx_word' id='word_1_800' title='bbox 2877 5526 3102 5582; x_wconf 77' lang='lat' dir='ltr'><strong>Sclieda:</strong></span> <span class='ocrx_word' id='word_1_801' title='bbox 3138 5524 3343 5589; x_wconf 86' lang='lat' dir='ltr'><strong>Grabii,</strong></span> <span class='ocrx_word' id='word_1_802' title='bbox 3363 5534 3417 5580; x_wconf 88' lang='lat' dir='ltr'><strong>et</strong></span> <span class='ocrx_word' id='word_1_803' title='bbox 3443 5527 3612 5582; x_wconf 79' lang='lat' dir='ltr'><strong>codex</strong></span> 
     </span>
    </p>
   </div>
   <div class='ocr_carea' id='block_1_115' title="bbox 2023 5597 2651 5668">
    <p class='ocr_par' dir='ltr' id='par_1_115' title="bbox 2023 5597 2651 5668">
     <span class='ocr_line' id='line_1_117' title="bbox 2023 5597 2651 5668; baseline 0.005 -16"><span class='ocrx_word' id='word_1_804' title='bbox 2023 5597 2401 5656; x_wconf 84' lang='lat' dir='ltr'><strong>Coislinianns</strong></span> <span class='ocrx_word' id='word_1_805' title='bbox 2420 5607 2651 5668; x_wconf 86' lang='lat' dir='ltr'><strong>primus.</strong></span> 
     </span>
    </p>
   </div>
   <div class='ocr_carea' id='block_1_116' title="bbox 2096 5667 3455 5742">
    <p class='ocr_par' dir='ltr' id='par_1_116' title="bbox 2096 5667 3455 5742">
     <span class='ocr_line' id='line_1_118' title="bbox 2096 5667 3455 5742; baseline -0.004 -16"><span class='ocrx_word' id='word_1_806' title='bbox 2096 5670 2212 5742; x_wconf 77' lang='grc'>(54)</span> <span class='ocrx_word' id='word_1_807' title='bbox 2234 5667 2456 5736; x_wconf 72' lang='grc' dir='ltr'>Σκεῦοζ-</span> <span class='ocrx_word' id='word_1_808' title='bbox 2484 5671 2752 5742; x_wconf 76' lang='grc' dir='ltr'>ψαλμοῦ,</span> <span class='ocrx_word' id='word_1_809' title='bbox 2789 5669 3096 5742; x_wconf 34' lang='grc' dir='ltr'>οιοειίιίειιι</span> <span class='ocrx_word' id='word_1_810' title='bbox 3117 5667 3455 5742; x_wconf 32' lang='lat' dir='ltr'><strong>_cod_d.-mss.</strong></span> 
     </span>
    </p>
   </div>
   <div class='ocr_carea' id='block_1_117' title="bbox 2096 5737 3612 5814">
    <p class='ocr_par' dir='ltr' id='par_1_117' title="bbox 2096 5737 3612 5814">
     <span class='ocr_line' id='line_1_119' title="bbox 2096 5737 3612 5814; baseline -0.001 -18"><span class='ocrx_word' id='word_1_811' title='bbox 2096 5737 2211 5814; x_wconf 84' lang='grc'>(55)</span> <span class='ocrx_word' id='word_1_812' title='bbox 2253 5743 2356 5809; x_wconf 74' lang='grc' dir='ltr'><strong>Εἰς</strong></span> <span class='ocrx_word' id='word_1_813' title='bbox 2391 5737 2699 5812; x_wconf 68' lang='grc' dir='ltr'>Σολομὼν,</span> <span class='ocrx_word' id='word_1_814' title='bbox 2736 5750 2840 5796; x_wconf 84' lang='lat' dir='ltr'><strong>etc.</strong></span> <span class='ocrx_word' id='word_1_815' title='bbox 2880 5740 3058 5796; x_wconf 87' lang='lat' dir='ltr'><strong>Codex</strong></span> <span class='ocrx_word' id='word_1_816' title='bbox 3094 5737 3463 5795; x_wconf 87' lang='lat' dir='ltr'><strong>Coisliuianus</strong></span> <span class='ocrx_word' id='word_1_817' title='bbox 3499 5741 3612 5810; x_wconf 72' lang='lat' dir='ltr'><strong>pri-</strong></span> 
     </span>
    </p>
   </div>
   <div class='ocr_carea' id='block_1_118' title="bbox 2024 5829 2165 5870">
    <p class='ocr_par' dir='ltr' id='par_1_118' title="bbox 2024 5829 2165 5870">
     <span class='ocr_line' id='line_1_120' title="bbox 2024 5829 2165 5870; baseline 0 -3"><span class='ocrx_word' id='word_1_818' title='bbox 2024 5829 2165 5870; x_wconf 76' lang='lat' dir='ltr'><strong>&quot;IIIS.</strong></span> 
     </span>
    </p>
   </div>
  </div>
