4106 6448
390 342 408 394 I
421 338 524 395 59.5

1311 336 1624 394 SELECTA
1662 338 1729 391 IN
1772 339 2110 395 PSALMOS.
2152 370 2217 382 η-
2257 341 2454 397 PSAL.
2498 342 2705 400 LXXII.

3515 342 3650 398 I520

456 454 561 508 Kal
595 451 853 520 ζήσεται,
892 452 989 506 καὶ
1039 453 1362 520 δοθήσεται
1390 457 1552 522 αὐτῷ
1590 459 1658 510 ἐκ
1692 458 1796 510 τοῦ
1824 477 1961 526 χρυ-

2148 460 2311 516 Vnns.
2356 462 2437 516 l5.
2475 462 2540 515 Et
2567 464 2716 525 uiuet,
2748 473 2793 516 et
2821 462 3036 515 dabitur
3070 465 3117 514 ei
3149 464 3213 515 de
3250 478 3381 515 auro
3409 464 3645 529 Aratia'.

382 548 523 597 σίου
552 543 663 612 τῆς
698 546 983 613 Ἀραϐίας,
1020 562 1074 601 κ.
1112 563 1165 598 τ.
1196 548 1240 599 ἑ.
1276 550 1351 617 Ζῇ
1381 549 1617 618 Χριστὸς
1637 548 1750 618 (63)
1782 553 1967 613 ἐντοῖς

381 638 689 707 δεχομένοις
712 638 901 691 αὐτόν·
933 656 951 689 ι
976 638 1064 691 Ζῶ
1083 658 1101 689 ι
1137 638 1266 710 γὰρ,
1292 642 1474 709 φησὶν,
1504 659 1521 689 ‹
1543 642 1723 695 οὐκέτι
1746 643 1873 712 ἐγώ·
1901 645 1964 714 ζῇ

380 729 437 781 δὲ
467 730 525 781 ὲν
558 729 681 797 ἐμοὶ
702 729 956 799 Χριστός.
986 749 1003 781 ι
1036 731 1261 802 Ἕτερος
1286 731 1343 784 δέ
1367 749 1501 801 φησι
1532 735 1660 804 περὶ
1684 735 1965 805 Σολομῶν-

384 837 474 883 τος
502 821 583 873 ὅτι
613 820 706 873 καὶ
732 821 970 892 Ἄραϐες
989 824 1082 876 καὶ
1108 825 1156 876 οἱ
1180 827 1464 895 προσεχεῖς
1490 824 1772 897 ἐπιχώριοι
1804 829 1966 899 φόρον

386 928 533 981 αυτῳ
566 928 829 969 τεΛουσιν.

452 1001 563 1055 Kal
588 1004 1026 1069 προσεύξονται
1051 1008 1181 1073 περὶ
1212 1008 1399 1061 αὑτοῦ
1432 1008 1776 1077 διαπαντός·
1815 1012 1967 1080 ὅλην

382 1092 498 1160 τὴν
535 1094 763 1163 ἡμέραν
801 1096 1250 1166 εὐλογήσουονιν
1278 1102 1487 1165 αὑτὸν,
1512 1118 1567 1154 κ.
1595 1120 1643 1155 τ.
1681 1104 1729 1155 ὲ.
1769 1105 1967 1172 Λέγον-

381 1202 474 1248 τες
506 1186 651 1259 (66)·
682 1205 700 1237 t
722 1188 823 1243 Τὸν
863 1190 1027 1262 ἄρτον
1072 1192 1229 1263 ήμῶν
1263 1194 1351 1249 τὸν
1388 1195 1663 1249 ἐπιούσιον
1699 1197 1787 1260 δὸς
1834 1199 1965 1267 ἡμῖν

381 1277 441 1330 τὸ
463 1278 583 1331 καθ’
618 1279 848 1351 ἡμέραν.
871 1304 890 1335 ι

454 1369 566 1424 Τοῦ
588 1371 794 1426 αὐτοῦ.
827 1372 1106 1440 Μαοόντες
1127 1375 1238 1446 (67)
1275 1380 1324 1429 οἱ
1357 1379 1521 1447 ἅγιοι,
1551 1382 1625 1443 ὡς
1662 1380 1834 1443 οὐδεὶς
1858 1382 1964 1433 τῶν

380 1463 655 1533 γεννητῶν
697 1465 1027 1538 λυτρὼσεται
1063 1471 1188 1533 τοὺς
1219 1470 1539 1543 ἀνθρώπους
1570 1474 1634 1527 ὲκ
1671 1474 1769 1545 τῆς
1808 1492 1965 1527 κατε-

380 1555 579 1627 χούσης
623 1560 1021 1630 κακοπραγίας,
1059 1564 1188 1633 περὶ
1231 1565 1325 1618 τοῦ
1356 1565 1652 1638 δυναμένου
1701 1566 1964 1638 ῥύσασθαι

379 1646 445 1700 ἑκ
478 1648 658 1719 χειρὸς
700 1650 961 1707 δυνάστου
1010 1656 1250 1726 συνεχῶς
1290 1656 1455 1727 εὐχὴν
1501 1657 1579 1729 τῷ
1626 1658 1802 1729 Πατρὶ
1845 1658 1966 1713 ἀνέ-

378 1754 448 1792 πε
456 1758 597 1811 μπον
605 1780 616 1794 .

2072 562 2177 607 etc.
2214 550 2355 606 Vivit
2413 552 2666 609 Christus
2714 553 2767 607 in
2821 551 2928 608 illis
2954 553 3046 622 qui
3109 552 3281 621 ipsum
3343 552 3637 620 recipiunt.

2078 663 2095 694 ι
2124 643 2254 698 Vivo
2282 645 2451 711 enim,
2478 646 2674 715 inquit,
2697 645 2813 716 jam
2844 658 2949 700 non
2981 659 3115 713 ego;
3145 643 3278 698 vivit
3311 658 3444 697 vero
3482 644 3646 697 inme

2070 736 2397 794 Christus”.
2431 757 2447 788 ι
2479 738 2632 794 Alius
2680 747 2860 793 autem
2915 738 2982 790 de
3035 736 3329 793 Salomone
3368 736 3501 790 dicit
3532 735 3648 791 fore

2072 839 2128 883 ut
2156 838 2210 885 et
2237 829 2444 884 Arabes
2465 828 2847 898 etadjacentes
2878 828 3073 885 incolae
3105 829 3306 884 tributa
3334 827 3383 883 ei
3410 827 3649 884 solvant.

2140 1013 2265 1068 lntn.
2300 1012 2369 1068 Et
2395 1016 2616 1068 orabunt
2650 1014 2713 1067 de
2742 1015 2855 1082 ipso
2904 1028 3140 1082 semper:
3166 1022 3274 1067 tota
3304 1013 3389 1067 die
3427 1012 3642 1067 benedi-

2068 1116 2180 1159 cent
2225 1107 2292 1169 ei,
2346 1114 2456 1159 etc.
2494 1104 2779 1159 Dieentes:
2813 1123 2830 1155 ι
2861 1103 3064 1159 Panem
3100 1112 3346 1157 nostrum
3374 1102 3643 1171 quotidia-

2070 1212 2198 1251 num
2237 1198 2302 1249 da
2333 1196 2486 1251 nobis
2514 1196 2677 1251 hodie
2702 1195 2765 1248 ³³.
2803 1215 2821 1245 ι

2139 1374 2413 1445 Ejusdem.
2445 1373 2582 1428 Cum
2613 1372 2929 1428 didicissent
2956 1372 3133 1427 sancti
3171 1389 3200 1425 a
3233 1373 3450 1427 nemine
3501 1386 3646 1426 mor-

2070 1467 2257 1523 talium
2296 1464 2516 1521 liberari
2547 1481 2708 1535 posse
2736 1466 2990 1523 homines
3012 1479 3042 1520 a
3072 1462 3229 1518 malis
3261 1465 3375 1517 suis
3411 1462 3641 1526 actibus,

2070 1560 2134 1614 de
2160 1558 2251 1613 illo
2280 1557 2372 1627 qui
2424 1556 2659 1614 liberare
2702 1567 2917 1628 poterat
2959 1573 2989 1613 e
3019 1573 3184 1613 manu
3214 1557 3475 1628 potentis,
3514 1553 3647 1609 assi-

2040 1685 2047 1691 -
2069 1655 2203 1707 duas
2234 1666 2424 1722 preces
2448 1650 2597 1706 Patri
2621 1648 2949 1706 offerebant.

459 1831 960 1902 ’Υπεραρθήσεται
1003 1840 1155 1907 ὑπὲρ
1200 1841 1306 1895 τὸν
1353 1844 1612 1897 Λίϐανον
1652 1847 1685 1897 ό
1734 1846 1961 1913 καρπὸς

2138 1829 2301 1887 Vens.
2332 1830 2417 1886 I6.
2449 1828 2905 1899 Superextotletur
2958 1845 3111 1899 super
3144 1827 3403 1881 Libanum
3436 1825 3643 1893 fructus

375 1922 585 1985 αὑτοῦ,
621 1941 674 1977 κ.
708 1943 755 1977 τ.
792 1927 839 1979 ὲ.
870 1927 1099 1982 Λίϐανον
1134 1930 1280 2000 λέγει
1312 1932 1423 2005 (68)
1457 1932 1723 2006 πολλαχοῦ
1750 1936 1810 1988 τι
1839 1934 1962 2006 ὅρος

378 2014 472 2066 καὶ
502 2014 591 2067 τὸν
620 2017 765 2082 ναὸν,
806 2020 1051 2088 καὶτοὺς
1078 2022 1223 2085 υἱοὺς
1270 2023 1507 2096 Ἰσραήλ.

452 2106 562 2159 Τοῦ
590 2107 797 2162 αὐτοῦ.
836 2109 1061 2182 Καρπὺς
1098 2115 1333 2185 Χριστοῦ
1360 2115 1471 2193 (66)
1504 2117 1571 2171 τὰ
1601 2118 1964 2172 πιστεύσαντα

375 2190 504 2264 ἔθνη
535 2194 625 2248 καὶ
652 2198 933 2267 ὑψωθέντα
961 2202 1053 2255 ἐπὶ
1087 2202 1365 2275 θεοσεϐείᾳ
1405 2190 1541 2276 ύπὲρ
1593 2206 1682 2259 τὸν
1726 2206 1961 2279 Ἰσραὴλ,

371 2283 433 2337 ὃν
458 2286 732 2358 τροπικῶς
757 2290 985 2344 Λίϐανον
1017 2293 1185 2347 καλεῖ.

438 2378 642 2432 Πάντα
670 2381 741 2435 τὰ
764 2383 908 2452 ἔθνη
940 2389 1350 2455 μακαριοῦσιν
1383 2390 1590 2455 αὑτὸν,
1622 2410 1673 2446 κ.
1711 2409 1761 2445 τ.
1798 2394 1844 2445 ὲ.
1897 2394 1957 2445 '0

376 2469 586 2535 Παῦλός
622 2472 732 2547 (70)
783 2492 975 2547 φησιν·
1040 2498 1057 2529 ‹
1091 2479 1147 2533 ὐ
1196 2483 1466 2555 μακάριος
1517 2484 1611 2538 καὶ
1667 2483 1825 2555 μόνος
1869 2484 1958 2537 δυ-

371 2561 595 2634 νάστης.
624 2584 641 2616 ι

937 2754 1227 2810 ΨΑΛΜΟΣ
1265 2761 1383 2817 ΟΒ’.

452 2841 553 2907 Ὧς
583 2843 805 2911 ἀγαθὸς
838 2848 871 2899 ὀ
909 2846 1054 2913 Θεὸς
1092 2850 1200 2903 τοῦ
1259 2851 1530 2921 Ἰσραὴλ,
1589 2856 1711 2921 τοῖς
1751 2857 1953 2911 εὺθέσι

372 2930 604 3000 καρδίᾳ,
638 2950 692 2988 κ.
725 2952 775 2987 τ.
808 2936 854 2993 ἑ.
884 2938 981 3001 Εἰς
1005 2940 1067 2991 τὸ
1093 2940 1177 3009 ἐφ’
1208 2942 1389 3012 ἑαυτῷ
1414 2942 1523 3013 (7i)
1557 2947 1724 2999 πᾶσιν
1752 2946 1955 3015 ἀγαθός

370 3029 521 3080 ἐστιν
546 3028 577 3080 ὁ
606 3027 767 3139 Ξεός·
807 3048 823 3080 t
846 3031 1039 3133 Eurch
1064 3052 1082 3084 ι
1117 3034 1228 3139 γὲρ
1282 3056 1299 3087 ι
1483 3039 1702 3139 παντων
1746 3042 1955 3115 ἀνθρώ·
1984 3080 2027 3139 c

373 3136 512 3181 πων,
555 3118 787 3189 μάλιστα.
820 3122 1049 3177 πιστῶν.
1078 3141 1096 3175 ι
1143 3126 1369 3196 Μήποτε
1398 3127 1456 3181 δὲ
1488 3129 1551 3182 τὸ
1578 3133 1957 3203 γεγραμμένον

374 3208 488 3261 ἴσον
513 3208 734 3263 δύναται
761 3207 860 3280 τῷ,
896 3210 1194 3284 Θεωρεϊται
1224 3217 1335 3280 τοῖς
1372 3218 1555 3273 εὐθέσι
1589 3223 1654 3291 τῇ
1690 3222 1887 3294 καρδίᾳ

369 3300 575 3368 ἀγαθός
607 3303 756 3355 ἐστιν
789 3305 819 3356 ὁ
844 3304 998 3367 Θεός.
1032 3306 1159 3370 Πῶς
1195 3307 1302 3379 γὰρ
1330 3307 1452 3381 οὐχὶ
1485 3314 1579 3365 καὶ
1617 3316 1728 3377 τοῖς
1774 3316 1958 3379 κακῶς

370 3389 584 3460 ἔχουσιν
616 3392 819 3461 ἀγαθός
854 3394 1004 3449 ἐστιν
1029 3396 1058 3448 ὁ
1092 3394 1295 3467 ἰατρὸς,
1322 3392 1384 3452 οὗ
1414 3400 1740 3472 χρῄζουσιν;

444 3572 573 3626 ’Ότι
606 3572 881 3643 ἐζήλωσα
918 3575 989 3628 ἐν
1023 3576 1151 3642 τοῖς
1186 3579 1455 3648 ἀνόμοις,
1491 3581 1738 3651 ειρήνην
1776 3586 1956 3653 ἀμαρ-

372 3663 579 3716 τωλῶν
604 3663 855 3733 θεωρῶν,
882 3683 941 3720 κ.
961 3684 1012 3720 τ.
1038 3668 1085 3720 ἑ.
1113 3669 1353 3741 Εἰρήνην
1369 3671 1589 3743 νῦν(72)
1607 3674 1705 3744 τὴν
1739 3674 1954 3745 εὔροιαν

374 3754 469 3807 τοῦ
496 3755 757 3826 αἰσθητοῦ
787 3756 903 3826 βίου
929 3757 1233 3828 ὠνόμασεν.

447 3846 574 3900 Ὅτι
603 3849 716 3902 οὐκ
738 3850 913 3902 ἔστιν
932 3848 1259 3916 ἀνάνευσις
1280 3852 1350 3904 ἐν
1378 3852 1459 3919 τῷ
1476 3855 1708 3920 θανάτῳ
1734 3857 1949 3921 αὺτῶν⁷

372 3957 429 3997 κ.
457 3957 509 3994 τ.
537 3941 586 3994 ἑ.
632 3940 941 3995 Ἀνάνευσιν
968 3940 1115 4010 λέγει
1136 3940 1250 4012 (75)
1276 3944 1375 4013 τὴν
1409 3946 1630 4017 μνήμην
1659 3946 1751 3999 τοῦ
1787 3948 1951 4003 θανά-

370 4046 488 4082 τοιν
520 4030 639 4083 ὅθεν
673 4031 703 4083 ὁ
732 4030 1049 4102 Σύμμαχος,
1084 4053 1103 4083 ι
1126 4034 1246 4086 Ὅτι
1283 4034 1383 4087 οὐκ
1424 4035 1780 4107 ὲνεθυμοῦντο
1826 4040 1952 4110 περ).

370 4121 465 4175 τοῦ
499 4122 731 4176 Θανάτου
761 4124 989 4190 ἑαυτῶν,
1017 4144 1034 4176 ι
1074 4125 1391 4197 πεποίηκεν.

443 4213 870 4281 Περιεϐάλοντο
890 4214 1129 4268 ἀδικίαν
1144 4217 1241 4270 καὶ
1263 4216 1772 4281 ἀσέϐειαναὺτῶν,
1789 4223 1947 4273 κ.τ.ὲ.

382 4305 447 4357 'H
485 4304 585 4375 μὲν
615 4303 797 4357 ἀδικία
828 4303 938 4374 (74)
976 4306 1031 4357 ὲν
1063 4304 1146 4375 τῷ
1178 4306 1334 4377 κακῷ
1365 4306 1467 4377 βίῳ
1493 4307 1799 4378 θεωρεῖται,
1829 4313 1859 4379 ἡ
1896 4311 1951 4363 δὲ

370 4394 595 4448 ἀσέϐεια
625 4396 684 4447 ὲν
708 4396 820 4457 τοῖς
851 4394 1071 4463 ψευδέσι
1094 4395 1347 4467 δόγμασι.

453 4486 869 4550 Ἐξελεύονεται
923 4486 1003 4552 ὡς
1053 4486 1121 4539 ἐκ
1188 4488 1440 4555 στέατος
1488 4493 1525 4557 ἡ
1585 4490 1784 4547 ἀδικία
1844 4496 1948 4547 αὺ-

374 4577 513 4642 τῶν,
541 4596 595 4631 κ.
629 4595 679 4631 τ.
727 4579 777 4631 ἐ.
811 4598 830 4629 t
862 4577 1109 4643 Ἐξίεσαν
1138 4578 1248 4633 ἀπὸ
1290 4579 1481 4644 λίπους
1507 4582 1619 4651 (75)
1663 4584 1709 4635 οἱ
1753 4584 1950 4653 ὀφθαλ-

372 4670 483 4738 μοὶ,
507 4687 525 4720 ι
560 4667 700 4722 κατὰ
746 4668 1060 4741 Σύμμαχον.

448 4762 686 4816 Ἕθεντο
733 4764 822 4827 είς
866 4762 1125 4830 οὐρανὸν
1176 4762 1237 4815 τὸ
1279 4764 1473 4831 στόμα
1514 4764 1731 4823 αὐτῶν.
1770 4768 1867 4820 καὶ
1910 4770 1947 4835 ἡ

374 4853 624 4922 γλῶσσα
660 4854 857 4908 αὐτῶν
888 4852 1133 4922 διῆλθεν
1161 4854 1258 4908 ἐπὶ
1290 4854 1399 4923 τῆς
1431 4855 1563 4923 γῆς,
1591 4873 1642 4907 κ.
1684 4874 1732 4911 τ.
1766 4860 1811 4914 ἑ.
1855 4860 1947 4924 Τὸ,

2067 1926 2201 1995 ejus,
2230 1934 2334 1980 etc.
2370 1922 2553 1980 Multis
2583 1924 2637 1979 in
2661 1922 2792 1977 locis
2826 1919 3090 1978 Libanum
3128 1931 3281 1977 vocat
3313 1927 3556 1976 montem
3590 1925 3646 1973 et

2069 2016 2350 2086 templum,
2378 2025 2432 2072 et
2459 2015 2600 2072 ﬁlios
2624 2016 2815 2072 Israel.

2136 2108 2413 2180 Ejusdem.
2439 2108 2682 2165 Fructus
2711 2107 2913 2166 Christi
2942 2117 3130 2179 gentes
3159 2114 3429 2174 suntquae
3451 2101 3632 2157 credi-

2066 2203 2281 2270 derunt,
2319 2211 2373 2256 et
2405 2202 2606 2272 pietate
2637 2200 2891 2257 exaltatae
2917 2208 3045 2257 sunt
3067 2214 3230 2269 super
3253 2195 3443 2261 Israel,
3480 2207 3642 2264 quem

2065 2292 2299 2364 ﬁgurate
2335 2290 2599 2347 Libanum
2633 2299 2807 2346 vocat.

2138 2387 2298 2444 Vens.
2347 2386 2435 2443 17.
2468 2385 2662 2440 Omnes
2704 2394 2876 2455 gentes
2913 2382 3325 2454 magni/imbuat
3367 2395 3505 2446 eum,
3533 2388 3640 2433 etc.

2066 2482 2262 2541 Paulus
2290 2482 2511 2541 dicit”:
2548 2502 2567 2535 ι
2593 2482 2794 2539 Beatus
2826 2490 2880 2535 et
2915 2477 3065 2536 solus
3088 2488 3306 2549 potens.
3335 2494 3351 2525 ι

2559 2750 2881 2808 PSALMUS
2920 2748 3125 2805 LXXII.

2141 2848 2303 2903 Vens.
2339 2846 2386 2899 I.
2423 2844 2597 2911 Quam
2646 2842 2811 2896 bonus
2852 2840 2991 2894 Deus
3024 2837 3194 2892 Israel
3222 2837 3305 2889 his
3359 2836 3450 2904 qui
3505 2841 3644 2887 recto

2064 2950 2187 2996 sunt
2218 2939 2395 3002 corde,
2424 2944 2531 2991 etc.
2565 2934 2837 3001 Quantum
2868 2932 2921 2986 in
2961 2945 3022 2985 se
3052 2936 3157 2993 est,
3181 2923 3437 2982 omnibus
3465 2926 3641 2981 bonus

2061 3034 2144 3084 est
2166 3026 2308 3081 Deus
2339 3038 2353 3079 :
2385 3042 2405 3076 ι
2428 3022 2681 3079 Salvator
2713 3021 2856 3077 enim
2901 3027 2986 3074 est
3030 3018 3272 3073 omnium
3337 3016 3639 3079 hominum,

2062 3120 2299 3175 maxime
2321 3117 2560 3172 ﬁdelium
2579 3114 2644 3168 “.
2678 3132 2700 3167 ι
2732 3114 2864 3169 Vide
2887 3118 3069 3165 autem
3094 3123 3163 3164 ne
3193 3108 3337 3179 quod
3372 3108 3639 3177 scriptum

2060 3220 2145 3267 est
2174 3209 2421 3267 eamdem
2469 3204 2931 3278 signiﬁcationem
2964 3202 3165 3259 habeat
3218 3216 3282 3257 ac
3307 3201 3354 3257 si
3383 3201 3635 3257 diceret:

2061 3299 2289 3358 Videtur
2310 3300 2396 3356 his
2425 3300 2517 3370 qui
2540 3308 2692 3356 recto
2720 3303 2848 3355 sunt
2868 3295 3035 3353 corde
3054 3295 3144 3350 cui
3173 3292 3346 3351 bonus
3364 3304 3447 3351 est
3471 3293 3635 3349 Deus.

2059 3392 2344 3463 Quomodo
2373 3392 2518 3448 enim
2548 3391 2713 3446 etiam
2760 3387 2902 3443 male
2938 3385 3269 3447 habentibus
3315 3402 3423 3444 non
3462 3389 3637 3444 bonus

2057 3493 2142 3542 est
2171 3483 2435 3549 medicus,
2465 3498 2576 3554 quo
2604 3483 2850 3554 indigent
2874 3483 2898 3535 ?

2131 3577 2294 3632 Vens.
2320 3575 2375 3629 5.
2404 3575 2545 3640 Quia
2575 3573 2741 3629 zetaui
2778 3589 2935 3643 super
2985 3572 3214 3642 iniquus,
3245 3586 3427 3638 pacem
3457 3587 3641 3640 pecca.
3670 3637 3681 3644 ε

2059 3678 2229 3723 torum
2260 3666 2461 3731 videns,
2493 3675 2600 3721 etc.
2641 3664 2837 3719 Pacem
2867 3664 2972 3722 hoc
3028 3665 3149 3720 loco
3173 3676 3495 3732 prosperum
3544 3664 3640 3719 hu-

2054 3759 2145 3829 jus
2175 3758 2303 3814 vitae
2335 3773 2554 3815 cursum
2582 3756 2822 3812 vocavit.

2131 3848 2296 3903 Vnns.
2321 3847 2375 3901 4.
2414 3846 2558 3911 Quia
2588 3860 2693 3899 non
2719 3854 2797 3899 est
2831 3850 3091 3911 respectus
3122 3842 3178 3897 in
3222 3852 3386 3898 morte
3431 3856 3636 3905 eorum,

2057 3945 2166 3993 etc.
2193 3937 2355 4007 763
2387 3936 2710 4004 Respectum
2745 3943 2909 3991 vocat
2939 3935 3136 3990 mortis
3178 3933 3633 3989 recordationem.

2057 4030 2401 4098 QuaprOpter
2434 4026 2801 4097 Symmachus
2831 4026 3030 4082 vertit:
3064 4045 3082 4078 ι
3112 4025 3377 4094 Quoniam
3408 4041 3513 4080 non
3541 4040 3637 4081 co-

2056 4122 2304 4192 gitabant
2331 4121 2397 4174 de
2430 4128 2605 4173 morte
2631 4133 2748 4173 sua.
2770 4136 2788 4172 ι

2129 4213 2289 4268 Vens.
2330 4213 2379 4267 6.
2417 4213 2599 4283 Operti
2630 4222 2751 4265 sunt
2785 4211 3061 4281 iniquitate
3114 4218 3166 4264 et
3214 4209 3483 4277 impietate
3513 4222 3634 4271 sua,

2057 4318 2160 4363 etc.
2199 4307 2458 4376 Iniquitas
2488 4307 2540 4360 in
2572 4306 2679 4359 vita
2733 4305 2897 4371 mala,
2931 4302 3179 4373 impietas
3229 4300 3281 4355 in
3346 4297 3499 4355 falsis
3539 4301 3635 4355 do-

1983 4417 2029 4474 ι)
2056 4400 2327 4471 gmatibus
2358 4399 2713 4468 conspicitur.

2131 4492 2293 4547 Vens.
2319 4493 2373 4547 7.
2405 4489 2647 4545 Prodibit
2680 4489 2833 4559 quasi
2861 4504 2923 4542 ex
2949 4488 3101 4556 adipe
3136 4487 3387 4558 iniquitas
3425 4500 3630 4548 eorum,

2057 4594 2163 4641 etc.
2186 4582 2347 4640 Juxta
2375 4582 2769 4651 Symmachum
2804 4597 2818 4632 :
2856 4598 2874 4631 ι
2907 4578 3171 4652 Exierunt
3215 4593 3245 4633 a
3306 4577 3633 4648 pinguedine

2057 4678 2217 4733 oculi.
2268 4697 2284 4729 ι

2130 4769 2294 4824 Vens.
2320 4770 2374 4825 9.
2413 4768 2713 4824 Posuerunt
2763 4770 2818 4822 in
2842 4766 3025 4821 eiciunt
3077 4784 3133 4821 οδ
3162 4780 3337 4829 suum,
3364 4776 3412 4818 et
3446 4766 3629 4833 lingua

2057 4880 2235 4917 eorum
2269 4864 2511 4920 transivit
2566 4863 2619 4917 in
2674 4873 2833 4927 terra,
2870 4870 2971 4917 etc.
3018 4878 3034 4911 ι
3074 4858 3412 4923 Posucruut,
3451 4876 3470 4908 ι
3507 4871 3628 4926 pro,

479 5009 525 5041 ³⁸
552 5009 670 5065 Gal.
695 5026 755 5077 ll,
789 5011 881 5064 20.
958 5011 1000 5042 ³³
1024 5010 1156 5067 Luc.
1183 5027 1242 5077 tt,
1277 5012 1331 5067 5.
1410 5012 1454 5045 ⁸ο
1489 5011 1669 5069 ITim.
1701 5030 1776 5080 vr,
1806 5017 1891 5072 I5.
1955 5020 1961 5046 "

2069 5022 2210 5077 Tim.
2240 5039 2312 5088 tv,
2340 5024 2425 5078 10.

375 5123 691 5251 tl
726 5124 1002 5194 Χριστός,
1039 5135 1147 5182 etc.
1170 5124 1314 5184 Idem
1347 5130 1515 5185 codex
1551 5145 1681 5185 mss.
1718 5140 1771 5188 et
1793 5134 1952 5191 sche-

590 5263 902 5338 ᾼέγοντες.
937 5264 1305 5338 Coislinianns
1334 5271 1558 5338 primus.

473 5333 562 5401 67)
601 5336 932 5401 Μαθόντες,
966 5348 1073 5390 etc.
1103 5333 1472 5395 Coisliuianus
1506 5345 1802 5399 secundus.

444 5404 557 5477 (68)
584 5405 844 5484 Λίϐανον
863 5409 1049 5484 ῥέπει,
1081 5417 1185 5461 etc.
1214 5409 1396 5465 Codex
1441 5409 1811 5470 Coislinianus
1840 5415 1949 5484 pri-

377 5490 518 5533 mus.
539 5474 596 5528 ’et
618 5474 832 5530 schedae
856 5474 1066 5531 Gratiii.

390 5545 560 5670 lu(£9)
588 5544 828 5611 Καρπὸς
871 5548 1150 5615 Χριστοῦ,
1183 5558 1286 5604 ete.
1340 5550 1707 5609 Coislinianus
1756 5569 1947 5610 secun-

373 5637 499 5669 (IIIS.

443 5684 558 5767 (7Q)
594 5685 647 5767 '_0
677 5686 940 5767 [(954953
987 5698 1090 5746 etc.
1123 5691 1303 5749 Codex
1333 5693 1702 5752 Coislinianus
1736 5696 1947 5766 primus

375 5766 430 5809 et
460 5756 676 5811 seltetltn
708 5755 913 5811 Gruhii.

2135 5135 2377 5209 (7t),Etc
2409 5139 2474 5192 τὸ
2510 5139 2601 5209 ἐφ’
2632 5139 2843 5207 ἐαυτῷ,
2878 5148 2983 5195 etc.
3030 5137 3207 5193 Codex
3259 5136 3627 5192 Coislinianus

2064 5208 2546 5345 ωῖξὲςῂίυξίρήνην
2590 5279 2727 5345 νῦν,
2755 5290 2862 5336 etc.
2902 5276 3271 5336 Coislinianus
3314 5276 3543 5347 primus,
3574 5286 3628 5329 et

2062 5347 2276 5401 seheda:
2302 5348 2508 5401 Crabii.

2060 5414 2641 5540 ἀειίῗίθίἷίὶνάνευσίν
2667 5420 2851 5489 λέγειν
2879 5428 2983 5476 θιεο
3010 5418 3154 5476 Idem
3192 5420 3361 5477 codex
3391 5423 3446 5474 et
3470 5416 3630 5472 sche-

2525 5556 2744 5621 ἀδικία,
2782 5567 2886 5613 etc.
2932 5558 3075 5615 Idem
3111 5559 3281 5614 codex
3315 5568 3366 5613 et
3416 5556 3632 5613 schedae

2059 5626 2550 5765 br(:!llgil)l.‘l££t£0'ar
2600 5698 2716 5753 ἀπὸ
2771 5700 3011 5765 λίπους,
3041 5709 3149 5755 etc.
3207 5699 3390 5754 Codex
3438 5694 3631 5752 Coisii-

2057 5766 2252 5822 nianus
2284 5769 2577 5825 secundus.
