4106 6462
441 342 464 396 Ι
479 341 578 396 3⁵17

1870 345 1957 398 EX
1999 344 2301 402 ORIGENE

3592 350 3729 406 1528

444 483 466 514 ιι
494 463 921 531 constituerunt,
961 484 978 516 ι
1019 465 1222 535 inquit,
1251 475 1309 521 ut
1339 467 1505 521 Deum
1529 466 1749 537 quidem
1776 467 2030 537 blasphe-

2148 487 2160 518 ι
2188 467 2412 521 Ἔθεντο
2431 468 2565 539 (76),
2590 489 2607 520 ι
2631 468 2752 523 ἀντὶ
2788 469 2938 529 τοῦ,«
2974 471 3233 538 Ἔταξαν,
3255 491 3273 521 ι
3301 473 3458 543 φησὶ,
3489 469 3736 542 βλασφη-

442 567 675 622 marent,
711 558 958 612 homines
985 573 1118 613 vero
1151 557 1352 628 injuria
1385 560 1692 615 adicerent.

519 649 680 705 Vens.
721 651 806 704 11.
840 649 908 704 Et
943 651 1192 705 dixerunt
1227 668 1245 706 :
1283 652 1557 718 Quomodo
1585 654 1681 706 scit
1707 653 1866 720 Dens,
1904 662 1954 706 et
1987 655 2034 706 si

440 755 516 797 est
562 744 781 797 scientia
811 744 866 796 in
898 742 1118 797 Excelsa
1145 746 1170 800 ?
1193 754 1299 803 etc.
1331 744 1485 812 Illud,
1521 764 1539 796 ι
1577 744 1633 799 Si
1679 755 1763 802 est
1805 745 2033 800 scientia

445 834 497 886 in
525 833 774 899 Excelsa,
815 853 834 886 ι
872 835 1012 890 idem
1038 847 1126 893 est
1163 853 1227 892 ac
1261 839 1304 892 si
1360 839 1651 907 diceretur,
1669 838 1724 896 Si
1758 841 2037 909 cognoscit

449 925 706 980 Dominus
738 941 802 979 ac
838 939 924 980 res
953 927 1226 983 humanas
1252 929 1424 984 videt.

517 1017 681 1072 Vens.
722 1019 808 1073 12.
841 1018 904 1072 Et
937 1021 1051 1075 dixi
1076 1037 1094 1074 :
1123 1022 1263 1090 Ergo
1292 1023 1405 1077 sine
1438 1041 1599 1079 causa
1622 1025 1916 1094 justiﬁcavi
1948 1042 2038 1079 cor

2140 560 2259 628 μεῖν
2296 559 2394 629 μὲν
2426 557 2580 623 Θεὸν,
2614 558 2937 632 ἀνθρώπους
2966 561 3022 614 δὲ
3056 562 3283 615 ἀδικεῖν.

2205 649 2316 704 Καὶ
2344 646 2511 704 εἶπαν
2527 667 2542 681 '
2565 649 2698 716 Πῶς
2722 652 2876 722 ἔγνω
2905 657 2937 706 ό
2963 654 3127 721 Θεὸς,
3155 654 3253 708 καὶ
3279 657 3329 709 el
3352 651 3484 707 ἔστι
3510 651 3737 722 γνῶσις

2135 745 2206 798 ὲν
2235 742 2316 808 τῷ
2356 744 2645 813 ’Υψίστρλ
2683 763 2738 799 κ.
2763 763 2816 799 τ.
2843 747 2890 801 ὲ.
2917 747 3040 810 Τὸ,«
3060 748 3121 800 Ei
3147 747 3263 800 ἔστι
3296 746 3407 818 (77)
3446 745 3651 815 γνῶσις
3677 746 3736 799 ὲν

2136 837 2214 908 τῷ
2247 836 2666 908 Ὕψίστῳ,›ἀντὶ
2687 837 2802 902 τοῦ,
2824 838 2884 891 Εἰ
2909 838 3168 907 γινώσκει
3203 841 3230 892 ὁ
3253 837 3458 908 Κύριος
3485 837 3582 891 καὶ
3611 839 3740 907 ἐφο-

2142 931 2210 1001 ρᾷ
2236 928 2305 982 τὰ
2335 928 2673 1002 ἀνθρώπινα.

2208 1019 2318 1073 Καὶ
2346 1015 2505 1072 εἶπαι
2543 1022 2682 1088 Ἄρα
2705 1019 2969 1090 ματαίως
2991 1018 3316 1072 ἐδικαίωσα
3345 1017 3461 1087 τὴν
3483 1017 3740 1086 καρδίαν

446 1125 638 1174 meum,
674 1121 723 1165 et
753 1111 856 1165 Iovi
888 1115 1023 1167 inter
1050 1116 1352 1170 innocentes
1401 1134 1590 1171 manus
1619 1136 1780 1184 meas,
1814 1129 1922 1175 etc.
1961 1122 2038 1176 Ac

2148 1129 2273 1177 μου,
2289 1111 2387 1164 καὶ
2405 1111 2710 1182 ἐνιψάμην
2726 1113 2792 1165 ὲν
2807 1111 3021 1178 ἀθώοις
3042 1111 3148 1178 τὰς
3163 1110 3366 1182 χεῖράς
3380 1128 3522 1181 μου,
3541 1129 3595 1166 κ.
3616 1129 3669 1166 τ.
3685 1111 3734 1164 ὲ.

444 1202 488 1257 si
520 1204 685 1268 dicat,
719 1220 893 1274 purus
927 1208 1102 1262 factus
1135 1221 1281 1263 sum.

521 1316 800 1388 Ejusdem.
840 1319 991 1375 Talia
1023 1322 1190 1376 etiam
1225 1323 1279 1377 in
1316 1323 1582 1380 Malachia
1621 1327 1825 1396 scripta
1863 1339 1988 1383 sunt
2019 1348 2033 1384 :

452 1427 470 1460 ι
502 1408 727 1466 Dixistis
755 1429 768 1465 :
806 1413 986 1467 Vanus
1021 1422 1104 1468 est
1135 1415 1228 1485 qui
1262 1416 1431 1471 servit
1462 1416 1591 1481 Deo,
1624 1419 1846 1488 etquod
1885 1435 2037 1474 emo-

449 1502 748 1557 lumentum
799 1505 924 1573 quia
973 1508 1367 1562 custodivimus
1412 1520 1682 1579 praecepta
1733 1510 1852 1578 ejus
1897 1510 1978 1566 “2'
2013 1531 2032 1564 ι

453 1591 577 1646 Hcce
609 1591 772 1646 locuti
811 1603 941 1648 sunt
973 1596 1064 1664 qui
1097 1598 1284 1652 timent
1316 1597 1630 1667 Dominum,
1664 1601 2040 1673 unusquisque

450 1683 516 1735 :ul
556 1684 862 1752 proximum
894 1702 1075 1740 suum.

523 1775 685 1831 Vnus.
720 1778 807 1832 16.
840 1778 1226 1835 Existimabam
1256 1793 1312 1836 ut
1345 1800 1711 1854 cognoscerem
1745 1786 1866 1850 hoc,
1891 1786 2043 1841 labor

446 1876 524 1920 est
556 1877 675 1922 ante
706 1886 806 1933 me,
840 1879 947 1925 etc.
981 1870 1164 1927 Labor
1197 1885 1282 1929 est
1310 1889 1642 1945 cognoscere
1670 1891 1792 1946 qua:
1831 1877 1902 1934 sit
1953 1894 2041 1933 ra-

448 1961 523 2012 tio
557 1959 938 2019 Providentite.
1468 2021 1470 2024 .

522 2056 684 2112 VEBS.
738 2059 824 2115 17.
884 2059 1059 2114 Donec
1109 2062 1296 2114 intrent
1345 2061 1400 2116 in
1430 2063 1800 2116 sanctuarium
1834 2061 1954 2129 Dei,
1994 2073 2042 2119 et

448 2149 741 2220 intelligam
776 2152 833 2206 in
871 2153 1162 2207 novissimis
1209 2171 1413 2218 eorum,
1456 2165 1565 2211 etc.
1614 2155 1748 2211 Cum
1808 2155 2041 2226 ingressi

447 2239 717 2298 fuerimus
746 2244 798 2298 in
824 2246 1203 2299 sanctuarium
1242 2245 1363 2313 Dei,
1399 2256 1526 2304 tunc
1574 2262 1697 2318 quae
1744 2249 1816 2304 sit
1848 2247 2042 2305 Provi-

450 2334 652 2390 dentia
679 2336 820 2390 ratio
845 2351 1257 2408 cognoscemus.
1304 2335 1308 2339 ’

525 2427 691 2483 Vens.
722 2428 811 2481 20.
842 2429 1086 2498 Domine,
1116 2432 1172 2485 in
1203 2431 1417 2486 civitate
1442 2442 1535 2486 tua
1571 2433 1852 2504 imaginem
1901 2434 2045 2504 ipso-

451 2535 568 2572 rum
599 2520 670 2572 ad
704 2520 930 2574 nihilum
979 2522 1204 2592 redigas,
1234 2532 1341 2578 etc.
1392 2522 1577 2594 Imago
1608 2524 1920 2591 peccatoris
1963 2533 2047 2580 est

452 2625 608 2668 vetus
637 2615 800 2669 homo
857 2614 947 2682 qui
1002 2615 1377 2685 corrumpitur
1427 2598 1728 2671 secundum
1769 2617 2044 2673 desideria

450 2707 660 2760 erroris
712 2723 726 2759 :
767 2722 925 2778 quem
964 2708 1048 2762 sui
1091 2709 1261 2774 ipsius
1330 2709 1640 2778 cognitione
1691 2709 1756 2764 ad
1815 2709 2043 2765 nihilum

450 2798 674 2868 redigit.

525 2914 692 2968 Vens.
743 2912 836 2968 ΞΙ.
890 2913 1028 2980 Quia
1062 2915 1454 2983 inﬂammatum
1497 2925 1572 2970 est
1622 2932 1717 2970 cor
1769 2932 1966 2982 meum,
1997 2925 2045 2970 et

451 3022 600 3060 renes
624 3007 724 3059 mei
759 3008 1070 3060 commutati
1103 3018 1248 3071 siml,
1282 3018 1390 3063 etc.
1424 3010 1534 3065 Cor
1568 3020 1826 3074 mentem,
1884 3022 2046 3063 renes

453 3111 634 3173 autem
662 3111 821 3157 vocat
865 3100 1114 3166 adeo-tus,
1163 3103 1306 3157 unde
1350 3102 1596 3157 nascitur
1649 3099 2044 3171 concupiscen-

454 3196 526 3251 tia
563 3203 616 3248 et
657 3193 759 3247 ita.

528 3287 691 3342 Vens.
722 3286 814 3343 25.
846 3286 988 3353 Quid
1013 3288 1153 3342 enim
1183 3289 1312 3342 mihi
1341 3289 1490 3344 estin
1526 3289 1676 3356 melo,
1704 3299 1751 3343 et
1775 3306 1808 3343 a
1842 3299 1893 3344 te
1921 3289 2047 3357 quid

452 3379 594 3434 volui
627 3396 784 3448 super
814 3387 1011 3434 terram
1031 3382 1057 3436 7
1081 3390 1188 3436 etc.
1223 3381 1349 3437 ﬂare
1380 3383 1565 3436 dicant
1595 3382 1688 3452 qui
1725 3382 2049 3438 ctelestibus

457 3483 674 3526 terrena
709 3480 1067 3540 anteponunt.
1101 3472 1200 3526 Hic
1230 3473 1331 3528 etsi
1359 3487 1461 3528 non
1495 3473 1661 3529 verbo
1688 3474 1793 3529 hoc
1821 3473 2048 3530 conﬁte-

457 3579 602 3628 mur,
637 3572 695 3616 at
725 3563 985 3632 operibus
1014 3563 1376 3620 ostendimus.

528 3755 813 3812 νειιε.ἓϐ.
871 3755 1070 3825 Defeci!
1106 3773 1200 3811 cor
1231 3773 1422 3823 meum,
1473 3768 1522 3812 et
1573 3775 1697 3813 cora
1747 3776 1884 3825 mea,
1937 3768 2044 3816 etc.

459 3845 724 3903 Videlicet
746 3848 1098 3905 saecularibus
1127 3859 1180 3904 et
1203 3849 1454 3906 humanis
1481 3849 1714 3907 actibus.
1741 3851 1875 3908 Cum
1899 3855 2046 3908 enim

454 3941 584 3998 inde
609 3941 893 4005 defecerit,
923 3942 974 3997 id
1009 3953 1097 3999 est
1137 3944 1205 4000 ab
1245 3944 1499 4000 omnibus
1539 3946 1846 4012 recesserit,
1884 3946 2050 4020 764

457 4045 585 4090 tunc
608 4044 816 4106 partem
852 4035 1018 4092 Deum
1052 4037 1103 4091 in
1129 4035 1392 4092 saeculum
1423 4037 1660 4092 habebit.

528 4129 695 4184 \‘Ens.
729 4128 816 4182 26.
853 4129 921 4182 Et
975 4146 1099 4197 pars
1154 4147 1271 4183 mea
1306 4128 1446 4183 Deus
1479 4131 1535 4184 in
1596 4130 1876 4199 smcnlum,
1939 4141 2044 4186 etc.

456 4217 593 4274 Pars
620 4221 752 4291 justi
782 4233 866 4276 cst
905 4223 1146 4292 cognitio
1181 4213 1295 4276 Dei.

533 4313 696 4368 Vnus.
747 4314 840 4371 27.
903 4311 1192 4370 Perdidisti
1236 4331 1414 4370 omnes
1458 4317 1548 4388 qui
1580 4317 1919 4385 fornicamur
1954 4317 2047 4370 abs

456 4419 527 4468 te,
558 4416 666 4462 etc.
707 4406 800 4463 Ille
823 4423 851 4462 a
882 4407 991 4463 Deo
1016 4407 1342 4476 fornicatur,
1373 4409 1464 4477 qui
1494 4424 1553 4464 se
1593 4407 1904 4464 daemonum
1931 4409 2047 4464 cul-

459 4500 532 4553 tui
563 4499 811 4554 tradidit.

533 4591 700 4646 Vens.
729 4590 821 4646 28.
870 4589 1006 4644 Mihi
1064 4601 1240 4647 autem
1275 4593 1548 4647 adltmrere
1583 4593 1688 4647 Deo
1724 4594 1916 4646 bonum
1947 4601 2045 4659 est,
2084 4579 2129 4636 Ι)

456 4701 648 4752 ponere
672 4685 728 4737 in
762 4685 984 4737 Domino
1009 4701 1151 4753 spem
1181 4701 1373 4751 meam,
1402 4696 1511 4742 etc.
1548 4685 1736 4740 Simile
1765 4693 1848 4740 est
1874 4685 2002 4738 illud
2030 4703 2045 4739 :

464 4795 484 4830 τι
527 4777 584 4832 Εἰ
616 4776 943 4831 adlucrebis.
985 4796 1003 4829 ι
1033 4775 1168 4832 ltem
1195 4778 1325 4834 illud
1349 4779 1393 4810 ⁸³
1425 4798 1438 4834 :
1474 4797 1492 4830 ι
1525 4777 1625 4846 Qui
1667 4779 1913 4834 atlltzerel
1947 4777 2047 4833 Du-

535 4935 581 4969 "
626 4935 861 4991 Malach.
896 4937 1098 5001 1",“.
1179 4936 1266 4991 ⁸³1
1299 4936 1430 4992 Cor.
1465 4951 1541 5003 Vt,
1572 4936 1657 4993 17.

479 5156 491 5207 1
535 5083 1030 5209 (7(9)1;o,"E08rco,
1052 5095 1159 5141 etc.
1177 5085 1542 5142 Coislinianus
1573 5085 1799 5155 primus,
1824 5084 2050 5142 etsche-

497 5173 540 5208 :l‘.
599 5173 680 5209 1Γῦ
705 5172 782 5209 )ll.

479 5172 540 5208 l:l‘.
607 5172 782 5212 Tal)".

459 5179 473 5349 ;
500 5172 643 5309 “(7%)
680 5226 771 5292 Τὸ,
797 5229 856 5282 Ei
889 5228 1044 5297 ἔστι,
1074 5237 1183 5284 etc.
1217 5228 1362 5284 Idem
1391 5227 1567 5283 codex
1588 5237 1642 5283 et
1673 5225 1888 5283 schedre
1914 5226 2045 5282 Gra-

483 5314 555 5349 Ill.

478 5448 480 5450 .
533 5392 582 5460 (fi
591 5391 648 5464 8)
673 5392 824 5447 Ἁντι
850 5392 978 5455 τοῦ,
1007 5402 1115 5447 etc.
1144 5391 1288 5446 Idem
1323 5392 1492 5446 codex
1522 5400 1574 5445 et
1597 5391 1811 5445 scheibe
1839 5391 2047 5446 Grabii.

533 5485 646 5556 (79)
681 5486 929 5539 Τοιαῦτα
963 5486 1061 5539 καὶ
1090 5485 1160 5537 ἐν
1197 5483 1298 5552 τῷ,
1331 5493 1438 5540 etc.
1471 5483 1841 5540 Coislinianus
1857 5499 2051 5540 secun-

463 5558 584 5608 ritis.

535 5647 648 5716 (80)
680 5650 880 5713 Moser;
903 5649 1058 5713 ἐστί,
1085 5659 1188 5703 etc.
1231 5648 1600 5703 Coislinianus
1637 5649 1866 5717 primus.

528 5740 640 5806 (81)
679 5743 856 5794 Ὅταν
894 5743 1280 5811 εἰσέλθωμεν,
1314 5755 1416 5796 etc.
1453 5743 1617 5798 Idem.

541 5829 654 5901 (8‘2":
680 5830 888 5898 δικὼν,
921 5844 1029 5888 etc.
1059 5834 1203 5888 Idem
1239 5837 1412 5891 codex
1447 5848 1500 5890 et
1535 5835 1751 5890 scheda:
1777 5831 1988 5888 Grabii.

2154 1204 2299 1256 ’Λντὶ
2331 1203 2424 1257 τοῦ
2449 1202 2585 1276 (78),
2619 1203 2860 1275 καθαρὸς
2884 1203 3174 1275 ἐγενόμην.

2217 1337 2327 1391 Τοῦ
2351 1337 2558 1392 αὑτοῦ.
2581 1336 2818 1390 Τοιαῦτα
2841 1336 2950 1409 (79)
2976 1339 3069 1390 καὶ
3091 1338 3148 1390 ἐν
3174 1335 3252 1407 τῷ
3272 1335 3557 1408 Μαλαχίᾳ·
3599 1356 3617 1387 ι
3647 1337 3740 1389 Εἴ-

2142 1443 2301 1492 πατε,
2331 1426 2411 1479 ὅτι
2446 1426 2674 1497 μάταιος
2704 1429 2732 1480 ὁ
2763 1427 3030 1480 δουλεύων
3057 1427 3176 1498 Θεῷ
3198 1445 3210 1458 ·
3245 1429 3338 1482 καὶ
3367 1429 3418 1481 τί
3450 1428 3634 1492 πλέον,
3656 1430 3738 1483 ὅτι

2141 1518 2489 1590 ὲφυλάξαμεν
2523 1519 2592 1573 τὰ
2622 1519 2956 1590 φυλάγματα
2999 1510 3166 1574 αὐτοῦ
3190 1538 3204 1587 ;
3229 1541 3246 1571 ι
3281 1521 3469 1576 Ταῦτα
3508 1521 3738 1576 κατελά-

2141 1612 2314 1683 λησαν
2355 1613 2403 1665 οἱ
2439 1611 2766 1684 φοϐούμενοι
2805 1613 2895 1666 τὸν
2935 1611 3160 1684 Κύριον,
3207 1613 3440 1677 ἕκαστος
3478 1614 3614 1686 πρὸς
3646 1614 3741 1668 τὸν

2144 1702 2370 1774 πλησίον
2396 1702 2586 1758 αὑτοῦ.
2816 1758 2818 1760 τ

2215 1797 2327 1850 Καὶ
2371 1795 2682 1850 ὑπέλαϐον
2719 1795 2825 1850 τοῦ
2857 1795 3082 1866 γνῶναι
3105 1797 3304 1860 τοῦτο,
3349 1799 3538 1862 κόπος
3568 1795 3744 1849 ἐστὶν

2143 1889 2425 1944 ἐναντίον
2469 1908 2610 1961 μου,
2652 1908 2708 1944 κ.
2731 1907 2784 1943 τ.
2815 1890 2863 1943 ὲ.
2894 1889 3080 1954 Κόττος
3110 1889 3228 1942 ἐστὶ⁹
3263 1887 3371 1960 (80)
3419 1887 3511 1941 τοῦ
3537 1887 3742 1956 γνῶναι

2144 1981 2238 2035 τὸν
2268 1981 2423 2051 λόγον
2454 1981 2546 2036 τὸν
2580 1983 2711 2054 περὶ
2740 1981 3031 2054 Προνοίας.

2220 2076 2376 2142 ’Ἑως
2402 2070 2475 2131 οὗ
2509 2075 2763 2130 εἰσέλθω
2795 2077 2883 2142 εἰς
2917 2075 2984 2128 τὸ
3016 2075 3408 2145 ἁγιαστήριον
3442 2074 3548 2128 τοῦ
3567 2073 3742 2137 Θεοῦ,

2145 2167 2245 2223 καὶ
2269 2166 2439 2222 συνῶ
2463 2170 2549 2235 εὶς
2572 2167 2646 2222 τὰ
2674 2165 2908 2238 ἔσχατα
2935 2165 3154 2235 αὐτῶν,
3185 2185 3239 2220 κ.
3272 2185 3321 2220 τ.
3352 2168 3399 2222 ἐ.
3433 2167 3602 2221 Ὅταν
3632 2167 3748 2219 εἱσ-

2146 2259 2390 2330 ἔλθωμεν
2411 2258 2522 2334 (81)
2556 2261 2635 2323 εἰς
2670 2259 2733 2313 τὸ
2772 2259 3129 2330 ἀγιαστήριον
3174 2258 3267 2312 τοῦ
3304 2257 3460 2323 Θεοῦ,
3500 2259 3561 2311 τὸ
3593 2276 3748 2330 τηνι-

2147 2350 2327 2406 καῦτα
2352 2352 2445 2406 τὸν
2475 2351 2632 2420 λόγον
2665 2350 2753 2403 τὸν
2796 2351 2925 2422 περὶ
2954 2349 3220 2422 Προνοίας
3250 2348 3595 2419 γνωσόμεθα.

2218 2446 2416 2514 Κύριε,
2472 2445 2542 2499 ἐν
2589 2442 2664 2512 τῇ
2713 2443 2884 2497 πόλει
2939 2456 3056 2496 σου
3114 2441 3231 2510 τὴν
3281 2443 3488 2496 εἰκόνα
3545 2439 3748 2495 αὐτῶν

2146 2536 2603 2604 ἑξουδενώσεις,
2637 2555 2690 2590 κ.
2717 2553 2768 2589 τ.
2801 2537 2846 2588 ὲ.
2879 2534 3058 2590 Εἰκών
3085 2534 3195 2607 (82)
3227 2536 3343 2587 ἐστι
3368 2533 3462 2587 τοῦ
3489 2535 3748 2604 ἀμαρτω-

2146 2632 2239 2686 λοῦ
2288 2634 2316 2685 ὁ
2355 2631 2582 2696 παλαιὸς
2630 2629 2916 2701 ἄνθρωπος
2970 2629 2999 2681 ὁ
3046 2627 3402 2698 φθειρόμενος
3451 2626 3594 2680 κατά
3646 2624 3749 2688 τάς

2148 2725 2445 2796 ἐπιθυμίας
2489 2724 2591 2794 τῆς
2634 2721 2871 2791 ἀπάτηςο
2909 2720 2968 2775 ὃν
3008 2720 3274 2787 ὲξουδενεῖ
3315 2718 3400 2773 διὰ
3444 2719 3543 2788 τῆς
3575 2716 3748 2772 αὑτοῦ

2150 2814 2428 2886 γνώσεως.

2222 2933 2342 2986 Ὅτι
2368 2929 2662 3001 ἐξεκαύθη
2691 2932 2730 3001 ἡ
2767 2930 2983 3001 καρδία
3013 2947 3152 2999 μου,
3178 2927 3278 2981 καὶ
3314 2929 3368 2980 οἱ
3393 2924 3604 2994 νεφροί
3625 2941 3749 2994 μου

2147 3023 2599 3092 ἡλλοιώθησαν,
2647 3042 2704 3078 κ.
2755 3042 2805 3078 τ.
2841 3024 2889 3078 ὲ.
2935 3021 3180 3094 Καρδίαν
3220 3020 3320 3091 μὲν
3353 3017 3500 3086 λέγει
3527 3015 3639 3088 (85)
3686 3015 3749 3070 τὸ

2149 3115 2508 3188 διανοητικὸν,
2543 3118 2777 3189 νεφροὺς
2808 3117 2866 3171 δὲ
2891 3117 2953 3170 τὸ
2986 3113 3310 3185 παθητικὸν,
3347 3111 3438 3181 ἀφ’
3473 3102 3533 3164 οὗ
3567 3111 3750 3165 τίκτε-

2074 3184 2118 3243 C
2149 3225 2241 3261 ται
2270 3184 2333 3262 τύ
2360 3226 2419 3262 τε
2451 3184 2848 3279 ἐπιθυμητικὸν
2875 3208 2971 3262 καὶ
3009 3207 3069 3260 τὸ
3095 3184 3348 3276 θυμικόν.

2227 3300 2289 3354 Τί
2327 3299 2439 3370 γάρ
2460 3319 2564 3369 μοι
2608 3299 2867 3370 ὑπάρχει
2915 3302 2986 3355 ἐν
3025 3297 3106 3365 τῷ
3147 3295 3403 3366 οὐρανῷ,
3446 3293 3546 3348 καὶ
3586 3291 3750 3360 παρὰ

2150 3391 2267 3448 σοῦ
2306 3393 2362 3447 τί
2387 3392 2653 3460 ἐθέλησα
2680 3393 2780 3447 ἐπὶ
2803 3393 2916 3460 τῆς
2943 3390 3076 3462 γῆς,
3103 3410 3158 3448 κ.
3182 3409 3233 3445 τ.
3259 3391 3306 3444 ὲ.
3347 3390 3409 3442 Οἱ
3442 3388 3550 3440 τῶν
3581 3387 3747 3439 ἐπου-

2155 3485 2356 3557 ρανίων
2393 3485 2506 3556 (84)
2543 3484 2919 3558 προτιμῶντες
2955 3483 3024 3538 τὰ
3061 3483 3280 3553 ἐπίγεια
3313 3480 3472 3534 τοῦτο
3509 3477 3750 3547 λεγέτω-

2153 3594 2255 3632 σαν
2275 3594 2287 3607 ⁸
2349 3577 2587 3630 ἐνταῦθα
2616 3577 2746 3650 γὰρ,
2782 3578 2830 3630 εἰ
2861 3577 2954 3630 καὶ
2986 3575 3060 3648 μὴ
3081 3573 3160 3647 τῷ
3192 3574 3337 3644 λόγῳ
3365 3572 3526 3625 τοῦτο
3550 3569 3748 3640 ὁμολο·

2151 3670 2378 3740 γούμεν,
2416 3668 2554 3724 ἀλλά
2585 3669 2717 3737 γοῦν
2745 3668 2835 3723 διὰ
2861 3668 2968 3722 τῶν
3000 3668 3177 3738 ἔργων
3212 3664 3372 3718 τοῦτο
3403 3663 3746 3732 δεικνύομεν.

2235 3761 2549 3826 Ἐξὲλιπεν
2576 3761 2615 3830 ἡ
2650 3759 2862 3829 καρδιά
2873 3777 2994 3829 μου
3009 3759 3109 3813 καὶ
3135 3760 3172 3828 ἡ
3195 3756 3354 3826 σάρξ
3374 3772 3516 3823 μου,
3537 3772 3592 3806 κ.
3615 3771 3664 3809 τ.
3695 3755 3746 3806 ἐ.

2166 3853 2299 3906 Ἀπὸ
2334 3853 2442 3906 τῶν
2474 3833 2866 3926 βιωτικῶν’(85)
2884 3851 3085 3924 δηλαδὴ
3115 3852 3208 3905 καὶ
3233 3846 3591 3920 ἀνθρωπίνων
3616 3850 3753 3916 πρά·

2153 3946 2287 4014 ξεων
2309 3962 2320 3976 ·
2357 3946 2487 3999 ὅταν
2522 3945 2632 4018 γὰρ
2663 3944 2872 3999 ἐκεῖθεν
2918 3943 3139 4016 ἐκλίπῃ,
3179 3942 3458 4005 τουτέστιν
3490 3940 3751 3994 ἁπάντων

2152 4038 2508 4110 ἀναχωρήσῃ,
2545 4039 2666 4091 τότε
2703 4037 2898 4110 μερίδα
2922 4037 3012 4090 τὸν
3035 4035 3168 4089 Θεὸν
3196 4037 3276 4098 εἰς
3300 4033 3390 4086 τὸν
3413 4031 3589 4086 αἰῶνα
3612 4029 3750 4096 ἕξει.

2221 4130 2331 4184 Καὶ
2358 4132 2396 4199 ἡ
2419 4130 2595 4199 μερίς
2617 4148 2738 4200 μου
2776 4133 2810 4182 ὁ
2851 4129 2995 4195 Θεὸς
3035 4130 3121 4194 εἰς
3161 4128 3267 4180 τὸν
3296 4124 3502 4188 αἰῶνα,
3536 4142 3592 4180 κ.
3616 4142 3668 4177 τ.
3699 4125 3748 4178 ἑ.

2150 4223 2326 4293 Μερὶς
2355 4221 2450 4275 τοῦ
2469 4221 2581 4292 (86)
2613 4221 2823 4276 δικαίου
2852 4223 3000 4275 ἐστὶν
3024 4223 3057 4291 ἡ
3089 4219 3291 4289 γνῶσις
3320 4219 3354 4290 ἡ
3381 4217 3474 4270 τοῦ
3497 4214 3654 4269 Θεοῦ.

2236 4313 2725 4382 Ἐξωλόθρευσας
2778 4312 2977 4368 πάντα
3025 4313 3135 4367 τὸν
3192 4310 3566 4381 πορνεύοντα
3628 4305 3752 4360 ἀπὸ

2152 4403 2290 4471 σοῦ,
2324 4421 2378 4458 κ.
2410 4423 2456 4458 τ.
2490 4406 2536 4457 ἐ.
2566 4397 2735 4468 Οὗτος
2762 4403 3015 4477 πορνεύει
3051 4404 3160 4475 (87)
3200 4402 3310 4456 ἀπὸ
3370 4399 3531 4464 Θεοῦ,
3569 4399 3598 4450 ὁ
3630 4399 3753 4450 ἐπι-

2151 4497 2401 4561 δεδωκὼς
2431 4496 2624 4550 ὲαυτὸν
2662 4499 2726 4568 τῇ
2757 4497 2870 4550 τῶν
2898 4496 3169 4568 δαιμόνων
3191 4493 3436 4565 λατρεία.

2240 4591 2402 4660 Ἐμοὶ
2422 4589 2491 4643 δὲ
2507 4590 2572 4644 τὸ
2586 4590 3086 4659 προσκολλᾶσθαι
3108 4589 3186 4658 τῷ
3213 4588 3336 4655 Θεῷ
3352 4587 3581 4658 ἀγαθόν
3593 4585 3749 4645 ἐστι,

2159 4685 2423 4739 τίθεσθαι
2459 4683 2530 4736 ἐν
2571 4682 2652 4748 τῷ
2699 4684 2895 4753 Κυρίῳ
2942 4683 3057 4752 τὴν
3098 4682 3320 4737 ἐλπίδα
3357 4698 3498 4750 μου,
3541 4697 3595 4734 κ.
3625 4694 3674 4730 τ.
3701 4677 3750 4728 ἐ.

2161 4779 2386 4852 Ὅμοιον
2435 4777 2496 4830 τό
2533 4776 2666 4850 (88).
2719 4779 2849 4852 «Τῷ
2900 4777 3048 4850 αύτῷ
3099 4775 3474 4850 κολληθήσῃ,ι
3514 4773 3610 4827 καὶ
3660 4771 3751 4834 τὸ,

2235 5084 2347 5153 (85)
2382 5080 2648 5150 Καρδίαν
2707 5078 2823 5149 μὲν
2863 5078 3047 5148 λέγει,
3095 5088 3201 5135 etc.
3266 5074 3411 5131 Idem
3473 5073 3644 5128 codex
3698 5078 3753 5124 el

2163 5156 2378 5210 scheibe
2409 5153 2624 5208 Grabii.

2231 5246 2436 5317 (84)οί
2493 5243 2614 5317 τῶν
2669 5240 3065 5311 ἐπουρανίων,
3121 5251 3226 5294 etc.
3285 5235 3430 5291 Idem
3477 5235 3652 5290 Codex
3697 5244 3755 5288 et

2161 5319 2380 5374 sehedae
2405 5316 2617 5371 Grabii.

2230 5410 2344 5481 (85)
2405 5408 2539 5464 Ἀπὸ
2588 5406 2705 5462 τῶν
2757 5405 3079 5471 βιωτικῶν,
3137 5413 3248 5458 etc.
3307 5399 3493 5456 Codex
3553 5393 3753 5451 Coisli-

2161 5482 2358 5536 nianus
2394 5481 2689 5534 secundus.

2229 5574 2344 5643 (86)
2379 5574 2565 5642 Μερὶς
2591 5574 2721 5634 τοῦ,
2755 5583 2862 5626 etc.
2895 5569 3074 5625 Codex
3104 5566 3477 5622 Coislinianus
3518 5562 3752 5632 primus,

2161 5655 2213 5700 el
2244 5646 2459 5702 scltetltl:
2482 5645 2692 5698 Gl'ﬂilli.

2235 5737 2348 5805 (87)
2372 5735 2564 5804 Οὗτος
2588 5738 2888 5803 ,τρία-εὔια,
2927 5745 3031 5789 etc.
3072 5733 3237 5785 idem.

2231 5831 2346 5898 (38)
2369 5833 2607 5895 Ὅμοιον
2632 5832 2716 5892 τό,
2740 5842 2846 5884 etc.
2869 5830 3049 5884 Codex
3070 5822 3434 5880 Coislinianus
3452 5819 3749 5876 secundus.
