4106 6404
378 382 396 434 1
409 380 513 435 52‘.)

1318 379 1628 435 SEIJSCTA
1665 377 1727 434 IN
1770 377 2108 433 PSALIIOS.
2145 411 2211 421 —-
2248 381 2439 438 PSAI..
2477 383 2710 443 LXXIII.

3520 399 3652 454 I530

375 520 393 553 ι
435 503 492 555 '0
519 501 856 573 κολλώμενος
886 502 964 573 τῷ
994 502 1182 574 Κυρίῳ
1209 502 1266 555 ἓν
1302 502 1520 572 πνεῦμά
1555 503 1722 554 ἐστιν.
1751 521 1768 549 ι
1805 501 1951 569 ’Ἅμα

2065 501 2234 568 mino,
2269 519 2406 558 unus
2436 505 2658 572 spiritus
2704 515 2808 561 est.
2842 527 2861 560 ι
2900 507 3036 564 IIiuc
3076 510 3241 566 etiam
3285 512 3447 568 simul
3479 518 3643 569 disci-

369 595 424 647 ὃὲ
457 595 548 647 καὶ
581 595 922 667 μανθάνομεν
970 596 1059 649 διὰ
1088 595 1294 648 τούτων
1321 595 1421 666 τὴν
1461 593 1556 647 τοῦ
1587 591 1792 662 ἀγαθοῦ
1820 589 1957 644 Θεοῦ

369 705 428 739 O'J
438 703 467 738 σ
474 703 486 737 ί
493 704 575 740 αν.

934 877 1228 932 ΨΑΛΜΟΣ
1266 878 1387 933 Ol".

443 965 574 1022 Ἵνα
598 968 674 1033 τί,
721 971 753 1022 ό
789 969 954 1035 Θεὸς,
993 968 1213 1023 ἀπώσω
1238 971 1325 1036 εἰς
1367 969 1560 1035 τέλος,
1589 987 1644 1023 κ.
1683 987 1734 1024 τ.
1775 969 1821 1021 ὲ.
1876 967 1962 1030 Ὡς

371 1059 507 1127 πρὸς
536 1059 598 1113 τὸ
627 1060 790 1131 ῥητὸν
831 1060 945 1132 (89)
981 1061 1153 1116 ταῦτά
1193 1079 1358 1131 φασιν
1400 1063 1448 1114 οἱ
1485 1061 1543 1114 ὲν
1585 1063 1650 1132 τῇ
1687 1059 1965 1130 αἰχμαλω-

371 1152 481 1220 σίᾳ.
537 1150 864 1203 Ἀπωθεῖται
909 1149 965 1203 δὲ
1011 1149 1110 1218 οὓς,
1142 1151 1442 1205 ἀπωθεῖται
1490 1151 1692 1222 Κύριος
1721 1149 1864 1203 κατά
1899 1148 1962 1202 τὸ

371 1241 573 1313 πλῆθος
605 1243 713 1296 τῶν
756 1243 1020 1297 ἀσεϐειῶν
1056 1243 1269 1297 αὑτῶνο
1303 1245 1396 1297 καί
1434 1261 1589 1307 τινας
1631 1243 1956 1308 ἀπωθεῖται,

369 1335 444 1396 ὡς
474 1335 806 1405 γέγραπται,
847 1335 951 1400 ἕως
1001 1335 1225 1406 σφόδραο
1270 1334 1364 1399 οὓς
1393 1335 1451 1389 δὲ
1485 1355 1504 1387 ι
1529 1338 1608 1399 εἰς
1638 1335 1790 1398 τέλος
1811 1355 1828 1384 ι
1865 1336 1960 1388 καὶ

369 1425 435 1478 τὰ
461 1425 683 1496 ἔσχατα.

450 1622 727 1693 Ὡργίσθη
776 1627 810 1678 ό
859 1625 1046 1694 θυμός
1098 1638 1214 1678 σου
1285 1623 1385 1678 ἐπὶ
1442 1626 1708 1694 πρόϐατα
1761 1624 1954 1696 νομῆς

2070 609 2188 648 mus
2223 596 2346 650 boui
2382 596 2474 652 Dei
2513 599 2893 656 substantiam.

2564 872 2788 927 Ρ5Α[.Μ
2801 873 2884 929 US
2923 873 3155 929 LXXIII.

2144 963 2302 1018 Vens.
2330 965 2380 1018 -Ι,
2417 961 2483 1017 Ut
2515 966 2663 1034 quid,
2708 967 2868 1032 Deus,
2928 970 3168 1036 repuliin
3199 972 3252 1024 in
3288 971 3490 1039 ﬁnem?
3540 987 3646 1030 etc.

2066 1056 2342 1123 Quantum
2372 1057 2440 1110 ad
2469 1055 2706 1111 litteram
2735 1068 2967 1129 spectat,
3000 1060 3116 1114 haec
3160 1061 3349 1116 dicunt
3401 1066 3490 1132 qui
3524 1078 3650 1119 sunt

2065 1143 2117 1196 iu
2151 1143 2485 1212 captivitate.
2523 1144 2754 1214 Iiepcllit
2803 1158 2984 1203 autem
3011 1165 3151 1220 quos
3206 1153 3420 1222 repellit
3458 1156 3647 1208 Domi-

2064 1251 2166 1289 nus
2220 1237 2520 1292 secundum
2572 1237 2977 1295 multitudinem
3033 1243 3376 1312 impietatum
3437 1261 3648 1302 eorum.

2063 1329 2130 1383 Et
2182 1329 2445 1397 quosdam
2499 1331 2716 1399 quidem
2747 1331 2980 1401 repellit,
3031 1333 3174 1389 sicut
3223 1336 3485 1405 scriptum
3542 1350 3648 1403 est,

2063 1423 2444 1488 vehementer,
2501 1425 2768 1494 quosdam
2823 1440 2953 1480 vero
2987 1444 3005 1478 ι
3045 1427 3098 1481 in
3154 1427 3316 1484 ﬁnem
3347 1448 3365 1481 ι
3399 1439 3453 1486 ct
3479 1448 3651 1500 usque

2060 1516 2126 1569 ad
2155 1518 2473 1572 novissima.

2134 1612 2261 1666 lmu.
2288 1612 2470 1666 Iratus
2509 1624 2584 1667 est
2616 1614 2770 1683 furor
2795 1624 2915 1670 tuus
2937 1632 3100 1686 super
3123 1633 3240 1670 oves
3271 1634 3485 1686 pascua:
3521 1629 3646 1682 (uir,

367 1686 589 1780 σουξκ.
627 1734 677 1769 τ.
800 1716 894 1779 Τὸ,
928 1686 1360 1770 ιΕίσελεῦσεται
1385 1686 1518 1790 (90),
1557 1719 1650 1771 καὶ
1683 1686 1951 1786 ἐξελεῦσέ

2061 1715 2166 1760 etc.
2205 1704 2339 1761 Illud
2363 1705 2433 1772 “,
2465 1726 2482 1758 ι
2515 1706 2881 1778 lngredietur,
2910 1718 2965 1763 et
2988 1709 3324 1779 egredietur,
3367 1721 3422 1764 et
3445 1725 3644 1780 pascua

365 1820 474 1869 ται,
509 1805 602 1858 καὶ
634 1804 805 1877 νομὴν
835 1807 1078 1877 εὑρήσει,
1106 1824 1123 1857 ι
1156 1805 1331 1878 τούτῳ
1357 1808 1645 1878 χρήσιμον.

437 1895 751 1963 Μνήσθητι
777 1895 889 1963 τῆς
921 1894 1280 1965 συναγωγῆς
1315 1912 1432 1950 σου
1472 1893 1548 1966 ἧς
1581 1897 1818 1966 ἐκτήσω
1852 1899 1952 1952 ἀπ’

364 1985 578 2055 ἀρχῆς,
608 2005 660 2041 κ.
694 2005 743 2040 τ.
775 1988 820 2051 ἐι.
841 1989 1105 2060 Ζητήσεις
1136 1989 1243 2041 ἀπὸ
1276 1989 1434 2053 ποίας
1460 1989 1572 2062 (9|)
1602 1991 1775 2062 ἀρχῆς
1803 1991 1956 2061 ἐκτή-

367 2096 498 2132 σατο
545 2078 642 2150 τὴν
696 2081 1020 2151 συναγωγὴν
1071 2080 1263 2133 ἑαυτοῦ
1302 2084 1329 2135 6
1377 2081 1530 2147 Θεὸς,
1572 2083 1759 2136 καὶτὸ
1796 2085 1949 2136 πότε-

369 2187 458 2240 ρον
490 2170 814 2243 προγνώσει,
843 2172 876 2242 ἢ
909 2172 1102 2237 ἄλλως.
1131 2173 1220 2230 Τὸ,
1262 2193 1280 2224 ι
1308 2175 1394 2227 ἵνα
1421 2174 1474 2228 τί
1501 2195 1518 2226 ι
1554 2176 1692 2247 πρὸς
1717 2176 1850 2229 Θεὸν
1875 2176 1955 2229 λε-

363 2265 593 2335 γόμενον
641 2267 970 2330 πευστικῶς,
1002 2267 1285 2338 αἰτητικόν
1325 2269 1472 2322 ἐστιν
1502 2269 1848 2341 ἀποκρίσεως
1873 2271 1952 2324 δι-

360 2359 668 2429 δασκούσης
702 2360 794 2432 τὴν
837 2361 1016 2415 αἰτίαν
1059 2362 1157 2432 τῆς
1191 2361 1458 2426 ἀπώσεως
1489 2365 1583 2417 καὶ
1625 2364 1724 2434 τῆς
1759 2365 1949 2436 ὀργῆς·

361 2449 422 2501 τὸ
462 2449 538 2510 δὲ.
599 2470 615 2500 ‹
641 2449 921 2522 ώργίσθης
967 2452 1060 2504 ἐπὶ
1110 2451 1378 2524 πρόϐατα,
1405 2473 1421 2505 ι
1460 2453 1550 2506 διὰ
1596 2453 1822 2524 ἱλασμὸν
1857 2453 1952 2506 τοῦ

361 2542 712 2613 ὀργιζομένου
744 2542 993 2612 λέγεται·
1029 2549 1143 2609 τοῖς
1183 2545 1293 2618 γὰρ
1322 2545 1396 2610 ὡς
1427 2546 1674 2616 πρόϐατα
1707 2548 1954 2617 ἀνοήτοις

365 2633 695 2706 συγγνώμην
723 2637 815 2688 ἐπὶ
840 2639 954 2700 τοῖς
981 2637 1060 2700 είς
1087 2636 1328 2690 διάνοιαν
1352 2631 1762 2708 ἡμαρτημένοις
1791 2638 1950 2690 αἰτεῖ.

371 2726 532 2780 ’Λλλά
585 2728 681 2780 καὶ
737 2727 1131 2799 ὲπιλοίόμενος
1176 2728 1266 2781 διὰ
1312 2729 1379 2782 τὰ
1433 2730 1808 2800 ἁμαρτήματα
1856 2730 1954 2800 τῆς

362 2819 701 2890 συναγωγῆς,
750 2819 1019 2890 μνήσθητι
1081 2820 1251 2890 αὐτῆς
1291 2820 1590 2890 γενομένης
1645 2821 1738 2873 ἀπ’
1778 2821 1954 2892 ἀρχῆς

362 2913 656 2982 κτήματος.
687 2911 808 2975 Πῶς
835 2911 892 2965 δὲ
925 2931 944 2962 ι
971 2911 1064 2964 ἀπ’
1085 2913 1280 2982 ἀρχῆς,
1305 2931 1321 2960 ι
1345 2912 1448 2964 οὐκ
1476 2911 1818 2981 ἐμφαίνεται,
1842 2911 1950 2964 οὐδ’

360 3004 427 3058 ἂν
450 3003 507 3068 ἐξ
528 3002 804 3072 Αἰγύπτου
827 3005 954 3072 νοῇς
977 3003 1147 3072 αὐτὴν
1174 3003 1366 3072 κτῆσιν
1395 2997 1673 3070 γεγονέναι
1699 3002 1856 3056 Θεοῦ.

451 3093 795 3162 Ἐλυτρώσω
807 3093 1038 3160 ῥάϐδον
1060 3096 1464 3162 κληρονομίας
1487 3111 1620 3148 σου·
1643 3095 1779 3162 ὅρος
1799 3095 1955 3148 Σιὼν

360 3187 534 3240 τοῦτο
561 3187 591 3239 ὃ
620 3183 1096 3250 κατεσκήνωσας
1128 3184 1198 3237 ἐν
1221 3184 1401 3250 αὐτῷ,
1437 3203 1488 3238 κ.
1520 3203 1570 3238 τ.
1606 3186 1653 3238 ὲ.
1685 3187 1953 3257 Ζητήσεις

359 3281 469 3332 εἴτε
493 3278 603 3348 (92)
667 3278 938 3347 ἐκτήσατο
975 3277 1004 3328 6
1042 3275 1173 3336 Θεὸς
1213 3275 1338 3344 ὅρος
1388 3276 1546 3338 Σιὼν,
1579 3278 1688 3330 εἴτε
1726 3277 1952 3348 ἐλυτρώ-

360 3386 490 3423 σατο
520 3369 672 3433 αὐτὸ,
726 3367 842 3431 πῶς
873 3366 967 3420 ἀπ’
997 3367 1173 3441 ἀρ)ἦς
1223 3369 1492 3440 ἐκτήσατο
1517 3367 1550 3439 ἢ
1585 3367 1948 3440 ἐλυτρώσατο.

359 3463 521 3530 Ζήτει
554 3478 624 3530 μυ
634 3460 854 3524 στικώς.

429 3554 586 3606 ’Ὀσα
613 3553 1065 3620 ἑπονηρεύσατο
1107 3555 1141 3606 ό
1187 3551 1401 3621 ἐχθρὸς
1430 3553 1500 3605 ἐν
1527 3552 1607 3619 τῷ
1636 3554 1782 3624 ἁγίῳ
1811 3571 1950 3619 σου,

359 3645 457 3700 καὶ
482 3643 978 3714 ἐνεκαυχήσαντο
1001 3649 1056 3700 οἱ
1077 3645 1404 3716 μισοῦντές
1435 3660 1530 3711 σε,
1561 3646 1642 3700 ἐν’
1651 3646 1820 3715 μέσῳ
1843 3647 1953 3716 τῆς

355 3734 567 3804 ἑορτῆς
605 3753 743 3801 σου,
782 3755 834 3793 κ.
880 3754 932 3790 τ.
969 3737 1017 3792 ἑ.
1061 3738 1138 3790 Οὐ
1183 3736 1351 3790 τόπου
1370 3736 1505 3806 (95),
1542 3736 1657 3790 ἀλλ’
1697 3738 1898 3810 ἀρετῆς
1923 3738 1952 3790 ὁ

357 3831 508 3894 Θεός.
568 3831 634 3883 Ἦ
679 3830 735 3882 δὲ
786 3829 880 3884 τοῦ
929 3830 1100 3883 τόπου
1157 3830 1346 3900 μνήμη
1398 3829 1488 3882 διὰ
1537 3829 1952 3902 φιλανθρωπίας

357 3921 578 3976 ἐλπίδα·
607 3920 747 3974 ὥστε
786 3922 914 3984 τοὺς
957 3921 1258 3983 ἐπιϐάντας
1297 3923 1409 3984 τοῖς
1452 3921 1804 3995 ἀφιερωθεῖσι
1832 3924 1951 3994 Θεῷ

357 4013 576 4084 χωρίοις
593 4012 916 4084 ἀμείϐεσθαί
958 4029 1092 4083 φησι
1140 4011 1319 4073 τοῦτο,
1335 4012 1416 4066 ὅτι
1437 4013 1465 4065 ὁ
1488 4012 1643 4081 λόγος
1665 4016 1692 4066 6
1715 4016 1951 4086 πονηρὸς

357 4103 550 4174 ἐχθρὸς
589 4104 646 4156 ἐν
682 4105 794 4166 τοῖς
839 4103 1014 4172 ἁγίοις
1057 4104 1192 4156 ὲστί.
1233 4103 1344 4156 Καὶ
1385 4102 1479 4156 νῦν
1519 4105 1881 4176 πονηρεύεται
1921 4108 1950 4160 6

356 4194 550 4265 ἐχθρὸς
591 4195 649 4246 ὲν
677 4193 754 4264 τῷ
784 4195 944 4265 ἁγίῳ,
978 4194 1256 4248 τουτέστιν
1286 4196 1345 4248 ὲν
1373 4198 1440 4266 τῇ
1478 4195 1798 4269 Ἐκκλησία.
1839 4199 1949 4253 Καὶ

357 4287 451 4342 ἐὰν
483 4287 691 4360 ἐκπέσῃ
719 4303 802 4350 τις
849 4286 959 4340 τῶν
1005 4286 1208 4358 ἑορτῶν
1241 4285 1335 4340 τοῦ
1378 4285 1541 4353 Θεοῦ,
1574 4288 1949 4359 ἐγκαυχῶνται

2057 1797 2321 1865 inveniet,
2356 1817 2378 1850 ι
2409 1800 2474 1853 ad
2505 1800 2556 1853 id
2585 1799 2715 1854 utile
2741 1808 2845 1856 est.

2133 1890 2296 1945 Vens.
2347 1891 2404 1946 2.
2458 1889 2666 1944 Memor
2711 1901 2820 1945 esto
2869 1896 3296 1964 congregationis
3345 1905 3452 1951 tua:
3486 1913 3648 1966 quam

2055 1983 2338 2052 possedisti
2368 1981 2432 2036 ab
2463 1983 2634 2047 initio,
2669 1993 2774 2037 etc.
2809 1982 3036 2049 Qnmres
3064 2002 3091 2039 a
3121 2001 3229 2055 quo
3277 1987 3432 2042 initio
3461 2003 3650 2057 posse-

2057 2076 2132 2129 dit
2162 2075 2637 2144 congregationcm
2666 2089 2820 2128 suam
2859 2075 3018 2141 Dens,
3079 2092 3145 2131 an
3176 2079 3538 2149 praescicntia,
3578 2094 3644 2133 an

2057 2168 2238 2222 aliter.
2277 2168 2431 2234 Illud,
2473 2185 2492 2218 ι
2529 2177 2584 2220 ut
2618 2169 2748 2236 quid
2780 2187 2798 2219 ι
2839 2170 2906 2224 ad
2939 2170 3106 2222 Deum
3144 2170 3536 2240 interrogative
3564 2171 3648 2224 di-

2057 2273 2226 2326 ctum,
2255 2261 2497 2331 postulat
2530 2277 2872 2331 responsum,
2906 2277 3014 2330 quo
3065 2263 3324 2317 doceatur
3371 2278 3534 2317 causa
3566 2277 3650 2317 re-

2058 2355 2326 2424 pulsionis
2386 2363 2440 2408 ct
2500 2354 2629 2420 irae;
2695 2354 2836 2408 istud
2888 2368 3042 2418 vero,
3087 2373 3105 2404 ι
3161 2352 3337 2408 Iratus
3393 2369 3454 2409 es
3481 2369 3646 2422 super

2056 2460 2208 2510 ores,
2243 2463 2264 2498 ι
2301 2454 2522 2515 propter
2560 2445 2999 2501 misericordiam
3046 2446 3337 2500 irascentis
3391 2445 3639 2500 dicitur:

2058 2553 2180 2590 nam
2215 2537 2281 2593 iis
2308 2538 2399 2606 qui
2433 2538 2727 2592 sicutoves
2768 2538 3090 2607 insipientes
3139 2548 3267 2592 sunt
3299 2540 3516 2593 veniam
3551 2554 3649 2607 pro

2059 2631 2386 2700 insipientia:
2415 2633 2655 2700 peccatis
2681 2631 2836 2699 petit.
2891 2630 2992 2695 Qui
3040 2632 3489 2702 congregationis
3544 2641 3651 2686 tua:

2056 2725 2258 2780 oblitus
2289 2740 2347 2780 es
2378 2733 2600 2794 propter
2639 2735 2883 2794 peccata,
2915 2741 3124 2779 memor
3157 2735 3274 2779 esto
3303 2725 3470 2786 illius,
3527 2741 3649 2796 qua:

2058 2816 2126 2869 ab
2173 2816 2328 2869 initio
2393 2816 2534 2870 facta
2571 2824 2656 2870 est
2711 2817 2982 2884 possessio
3046 2827 3153 2869 tua.
3192 2815 3479 2881 Quomodo
3513 2834 3531 2867 ι
3579 2817 3648 2870 ab

2059 2901 2238 2967 initio,
2271 2920 2288 2952 ι
2330 2915 2437 2954 non
2469 2902 2781 2956 declaratur
2816 2921 2830 2957 :
2864 2919 3039 2972 neque
3094 2904 3138 2957 si
3195 2919 3258 2956 ex
3288 2903 3524 2974 AZgypto
3559 2920 3650 2958 co-

1981 3029 2024 3084 C
2059 2994 2196 3064 gitcs
2229 2994 2399 3062 ipsam
2442 2993 2642 3047 factam
2683 3010 2804 3048 esse
2834 2996 3232 3064 posscssiOuem
3272 2997 3386 3050 Dei.

2130 3083 2258 3138 Imn.
2309 3084 2596 3138 Redemisli
2652 3087 2852 3155 rirgam
2903 3089 3232 3142 [Hereditatis
3287 3100 3392 3143 tua:
3430 3105 3448 3142 :
3497 3105 3647 3145 mons

2057 3177 2212 3243 Sion,
2244 3178 2296 3231 iu
2321 3195 2423 3248 quo
2449 3178 2702 3232 Imbilasti
2726 3179 2780 3233 in
2809 3197 2891 3245 eo,
2929 3189 3037 3236 etc.
3072 3181 3200 3236 Sive
3235 3193 3475 3237 montem
3511 3181 3644 3237 Sion

2056 3273 2361 3341 possederit
2412 3273 2575 3336 Dens,
2631 3272 2747 3353 sive
2783 3273 3110 3341 redemerit,
3139 3290 3350 3343 quaeres
3373 3276 3647 3345 quomodo

2055 3363 2124 3418 ab
2149 3363 2302 3418 initio
2347 3363 2649 3434 possederit
2679 3345 2764 3420 vel
2794 3364 3108 3422 redemerit.
3156 3366 3349 3433 Quaere
3395 3369 3644 3438 mystice.

2131 3549 2296 3606 Vens.
2325 3551 2381 3605 5.
2413 3552 2629 3618 Quanta
2681 3552 3002 3622 maliguatus
3043 3563 3118 3607 est
3168 3554 3412 3609 inimicus
3437 3556 3491 3610 iu
3524 3573 3646 3610 sou-

2056 3655 2164 3711 cto,
2190 3655 2236 3699 et
2267 3645 2486 3714 gloriati
2520 3653 2639 3705 sunt
2675 3645 2763 3710 qui
2790 3647 3010 3698 oderunt
3061 3656 3110 3700 te
3132 3686 3147 3711 ,
3194 3647 3246 3699 in
3297 3648 3464 3701 medio
3518 3649 3650 3701 sole-

2055 3739 2301 3793 muitalis
2339 3748 2466 3805 tum,
2496 3747 2604 3794 etc.
2637 3737 2754 3791 Non
2790 3737 2918 3802 loci,
2960 3738 3054 3794 sed
3082 3739 3303 3794 virtutis
3351 3741 3491 3796 Deus
3541 3750 3644 3796 est.

2056 3831 2182 3888 Loci
2220 3843 2396 3888 autem
2425 3833 2875 3890 commemoratio
2899 3831 2958 3885 lit
2983 3831 3053 3886 ob
3081 3847 3230 3902 spem
3268 3833 3645 3904 benignitatis,

2058 3924 2131 3976 ita
2165 3933 2223 3977 ut
2271 3924 2362 3992 qui
2406 3926 2472 3976 ad
2516 3923 2629 3978 loca
2664 3925 2776 3980 Deo
2825 3933 3148 3980 consecrata
3183 3923 3510 3988 ascendunt,
3554 3941 3644 3980 re-

2053 4016 2382 4083 spondeant,
2431 4015 2625 4085 inquit,
2682 4031 2992 4071 sermonem
3036 4017 3237 4071 malum
3274 4017 3551 4072 inimicum
3590 4016 3643 4070 in

2055 4107 2260 4161 sanctis
2289 4122 2430 4162 esse.
2481 4107 2545 4161 Et
2585 4125 2727 4163 nunc
2779 4111 3107 4178 malignatur
3135 4109 3395 4164 inimicus
3426 4110 3478 4162 in
3514 4125 3643 4163 san-

2054 4207 2166 4262 cto,
2197 4199 2296 4253 hoc
2339 4199 2502 4271 765
2532 4209 2616 4255 est
2656 4201 2708 4254 in
2742 4201 3007 4257 Ecclesia.
3060 4201 3126 4256 Et
3182 4202 3226 4257 si
3265 4202 3392 4271 quis
3429 4217 3457 4254 a
3495 4201 3640 4257 sule-

2056 4289 2374 4346 muitatibus
2428 4291 2521 4346 Dei
2577 4291 2866 4356 exciderit,
2908 4292 3215 4363 gloriantur
3257 4291 3347 4361 qui
3399 4292 3639 4352 oderunt

355 4383 405 4434 οἱ
437 4380 720 4452 μισοῦντες
743 4380 833 4434 τὸν
858 4379 1094 4451 Χριστὸν
1122 4381 1217 4433 καὶ
1242 4379 1597 4452 ἀναιροῦντες
1624 4382 1809 4449 αὑτὸν,
1837 4384 1948 4438 εἴτε

2057 4383 2332 4440 Christum
2373 4393 2427 4438 et
2459 4382 2794 4438 interficiunt
2826 4384 3000 4453 illutn,
3052 4385 3167 4440 sive
3215 4383 3470 4454 populus,
3525 4384 3642 4439 sive

353 4475 384 4528 6
411 4473 559 4538 λαὸς,
595 4474 703 4526 εἴτε
737 4474 792 4526 αἱ
824 4472 1197 4542 ἀνακείμεναι
1227 4473 1504 4544 δυνάμεις.

438 4565 532 4629 Ὡς
556 4564 626 4617 ἐν
650 4563 853 4635 δρυμῷ
873 4563 1075 4629 ξύλων
1093 4563 1333 4633 ἀξίναις
1369 4566 1677 4634 ἐξέκοψαν
1708 4568 1816 4636 τὰς
1845 4571 1948 4624 θύ-

350 4672 463 4724 ρας
489 4655 701 4722 αὐτῆς,
741 4673 798 4710 κ.
829 4674 880 4710 τ.
910 4657 958 4709 ὲ.
1004 4656 1188 4710 Ταῦτα
1216 4657 1396 4711 πάντα
1429 4658 1541 4727 (94)
1584 4661 1964 4733 πεπλήρωται·

355 4748 414 4801 ἐν
460 4750 526 4818 τῇ
584 4747 694 4800 τῶν
755 4748 1144 4820 Ἰεροσολύμων
1193 4750 1424 4812 ἁλώσει,
1489 4751 1680 4824 ὥσπερ
1755 4755 1942 4827 Ἰώση-

357 4857 455 4903 πος
501 4841 705 4910 ἱστορεῖ
761 4840 967 4894 καθένα
1023 4841 1384 4913 διηγούμενος
1446 4842 1575 4896 τῶν.
1619 4849 1943 4919 πεπραγμέ-

355 4947 462 4983 νων
471 4973 480 4983 .

440 5024 834 5090 Ἐνεπύρισαν
866 5023 936 5076 ἐν
976 5023 1118 5090 πυρὶ
1163 5025 1226 5077 τὸ
1277 5027 1670 5095 ἀγιαστήριόν
1701 5046 1818 5084 σου
1853 5035 1942 5099 εις

355 5115 469 5182 τὴν
504 5113 638 5184 γῆν
679 5113 1063 5180 ἐϐεϐιξλωσαν
1098 5114 1165 5167 τὸ
1197 5115 1488 5188 σκήνωμα
1517 5119 1622 5173 τοῦ
1655 5122 1943 5190 ὀνόματός

356 5224 494 5271 σειν,
535 5224 590 5259 κ.
625 5223 675 5259 τ.
715 5207 762 5258 ὲ.
805 5207 1077 5278 Σκήνωμα
1109 5209 1203 5261 τοῦ
1239 5210 1502 5280 ὀνόματος
1539 5212 1650 5282 (95)
1678 5213 1772 5266 τοῦ
1809 5216 1943 5270 Θεοῦ

356 5300 504 5351 ἐστιν
537 5300 564 5351 6
594 5298 738 5362 νοῦς,
773 5299 920 5363 ὅστις
957 5298 1301 5369 βεϐηλοῦται,
1329 5303 1517 5372 γήϊνος
1550 5303 1671 5356 ἀντὶ
1715 5306 1945 5375 ἐπουρα-

354 5390 464 5442 νίου)
491 5389 800 5460 γενόμενος.

426 5485 469 5516 ν’
497 5485 653 5538 .Ioan.
683 5501 734 5547 Χ,
774 5485 827 5539 9.

429 5577 540 5646 (89)
583 5577 678 5642 Ὡς
705 5578 855 5642 πρὸς
881 5577 946 5629 τὸ
966 5577 1180 5645 ῥητόν,
1198 5585 1308 5632 etc.
1337 5575 1377 5630 E
1395 5576 1587 5632 codice
1607 5577 1944 5633 Coisliniano

357 5649 615 5700 snt‘tttltln.

430 5719 539 5786 (9”)
581 5718 670 5778 Τὸ,
707 5718 1151 5779 Εἱσδλεύσεται,
1185 5725 1293 5769 etc.
1338 5717 1408 5769 Es
1446 5719 1656 5771 eodem.

427 5789 540 5852 (9|)
574 5787 867 5853 Ζητήσετς
909 5787 1028 5841 ἀπὸ
1057 5787 1255 5852 ποίας,
1289 5799 1395 5841 etc.
1429 5788 1502 5841 Ex
1539 5790 1749 5844 eodem.

430 5857 540 5928 (92)
577 5857 868 5926 Ζητήσεις
901 5859 1041 5922 εἴτε,
1074 5869 1178 5912 etc.
1216 5857 1294 5912 hx
1327 5860 1537 5913 eodem.

2057 4477 2382 4532 adversaria:
2415 4487 2733 4547 potestates.

2127 4565 2294 4621 Vens.
2352 4567 2469 4622 5-6.
2528 4565 2697 4632 Quasi
2747 4568 2801 4621 in
2851 4568 2981 4622 siiro
3041 4568 3306 4637 lignorum
3371 4569 3641 4624 securibus

2053 4661 2584 4730 excideruutjauuas
2615 4661 2750 4730 ejus,
2780 4669 2886 4715 etc.
2916 4659 3038 4715 Ilaec
3061 4663 3244 4716 omnia
3267 4662 3485 4732 impleta
3510 4673 3639 4717 sunt

2054 4753 2107 4806 in
2138 4751 2491 4824 Jerosolymm
2517 4757 2943 4828 expugnatione,
2991 4757 3448 4826 quemadmodum
3513 4772 3639 4810 nar-

2057 4857 2138 4900 rat
2163 4845 2433 4918 .Ioscplius
2460 4850 2551 4917 qui
2581 4850 2900 4922 singillatim
2935 4866 3020 4913 res
3050 4859 3233 4920 gestas
3261 4851 3634 4920 persequitur.

2128 5027 2289 5080 Vens.
2321 5026 2375 5080 7.
2416 5025 2773 5080 lucemlerunt
2827 5028 2936 5098 igni
2982 5030 3348 5084 soncluorium
3384 5041 3532 5083 tuum
3582 5029 3634 5082 iu

2053 5130 2232 5182 u-rra;
2274 5118 2578 5188 polluerunt
2630 5119 3030 5175 tabernaculum
3084 5124 3313 5177 nominis
3362 5123 3462 5185 lui,
3525 5129 3632 5176 etc.

2056 5209 2491 5264 TuIICI'IIaCllIIIIlI
2529 5207 2768 5264 nominis
2820 5212 2910 5266 Dei
2942 5221 3024 5267 est
3060 5228 3230 5277 meus,
3290 5227 3410 5283 quae
3440 5212 3632 5282 pollui-

2055 5312 2142 5356 tur
2167 5317 2290 5358 cum
2316 5317 2414 5369 pro
2440 5301 2650 5357 ccelesti
2683 5304 2744 5358 ﬁt
2771 5314 3009 5359 terrena.

2124 5574 2338 5640 (95)οὺ
2374 5582 2583 5632 τόπου,
2616 5587 2719 5625 cIc.
2751 5574 2825 5628 Ex
2851 5573 3059 5627 eodem.

2120 5647 2233 5713 (9’s)
2280 5644 2469 5699 Ταῦτα
2509 5645 2725 5706 πάντα,
2754 5658 2858 5698 ete.
2890 5643 2930 5696 Ε
2955 5644 3140 5698 codice
3166 5642 3388 5700 Coiinn.
3426 5646 3622 5715 primo,

2047 5726 2098 5769 ct.
2131 5717 2348 5768 St'Itt‘cIis‘
2372 5715 2578 5780 Gl'ultii.

2110 5787 2221 5851 (95)
2251 5785 2544 5854 Σκιξιιωμα
2572 5786 2674 5838 τοῦ
2708 5786 3020 5855 ὀνόματος,
3049 5794 3159 5840 etc.
3201 5785 3273 5842 Es
3305 5787 3496 5843 eodem
3527 5803 3622 5841 co-

2039 5857 2155 5911 diee
2187 5867 2240 5910 et
2267 5858 2482 5912 sclicdis
2516 5856 2726 5910 Grabii.
