2053 3211
0 2954 14 3087 Ξ

230 187 292 214 4.351
915 182 960 210 EX
980 182 1132 211 OlthENE
1791 183 1864 212 M32

264 247 346 274 Vsus.
364 247 406 273 Η.
422 245 520 277 thuid
545 244 641 271 avertis
656 252 764 271 manum
790 249 862 270 luam
884 248 906 270 et
927 245 1017 270 Δέκιε·
1033 246 1053 273 Δ

229 300 285 319 ram
299 298 371 318 lnam
386 292 418 318 tle
432 291 515 317 medio
542 291 601 316 sinu
616 295 661 316 tuo
674 290 700 316 in
724 289 821 323 ﬁnem?
831 294 886 316 etc.
909 288 938 316 Si
959 297 1016 316 ma-

229 346 278 364 litis
292 342 318 364 et
345 338 454 363 dextera
475 337 520 364 Dei
548 337 620 363 inter
636 343 667 363 se
692 335 832 365 diil'erunt.
855 336 968 362 adverto
983 343 1016 362 ne

229 384 300 410 forte
318 391 412 409 manus
427 382 508 409 l'aciat
521 390 580 415 qua:
595 386 658 408 sunt
676 386 771 407 contra
799 380 891 406 hostes
914 381 1015 415 populi,

228 431 338 456 dextera
355 436 419 454 Vero
435 431 563 463 operetur
579 427 648 454 bona
662 433 712 461 pro
733 425 841 460 populo.
862 426 942 453 Verbi
956 434 1012 460 gra-

229 476 277 506 tia,
294 482 390 501 manus
405 480 475 505 erat,
492 474 602 508 quando
614 472 746 503 furorem.
772 476 800 498 ct
829 472 911 503 iram,
927 476 954 499 et
968 472 1017 498 tri-

228 520 405 553 bulationem,
426 519 623 546 immissionem
646 526 694 552 per
707 517 817 553 angelos
832 518 916 546 malos
932 518 1018 553 {Egy-

228 565 301 599 ptiis,
318 565 494 592 llebra-orum
506 564 604 599 gratia,
619 564 692 591 tnisit
708 564 778 592 Deus
790 563 823 590 de
837 564 924 591 medio
936 565 995 591 sinu
1009 571 1016 590 :

227 611 305 645 quasi
319 611 383 639 olim
400 611 432 639 de
445 611 533 638 medio
546 611 608 638 sinu
634 611 705 637 bona
721 610 827 637 dederit
848 610 893 637 Dei
910 618 1017 641 manus,

229 661 321 690 postea
334 660 426 683 autent
447 663 542 683 aversa
561 654 642 682 fuerit
656 662 670 681 a
696 653 775 681 bonis
790 655 823 681 de
851 654 940 681 medio
956 654 1017 680 sinu

228 700 394 735 accipiendis
406 705 434 728 et
448 700 545 728 dandis
563 700 671 735 populo.
699 701 786 728 Simul
803 705 894 728 autem
911 708 1019 735 quaeres

229 754 263 772 an
283 746 336 773 duo
352 746 407 773 sint
421 754 516 773 manus
528 750 556 773 et
567 746 678 773 dextera
698 747 756 773 Dei.

266 835 348 862 Vens.
364 836 408 863 12.
435 836 505 863 Dens
529 841 617 863 autem
637 845 683 863 rex
710 841 799 864 noster
816 842 876 864 mue
900 837 1018 869 sarcula,

230 888 351 914 operatus
371 887 407 908 est
432 882 543 908 salutem
560 883 588 908 in
608 883 693 910 medio
712 888 802 915 term,
827 888 881 911 etc.
905 884 1019 917 Quando

1107 243 1168 269 ’Ίνιι
1184 243 1211 269 τι
1225 242 1424 277 ἀποστρέφεις
1435 242 1491 276 τὴν
1504 242 1590 277 χεῷἀ
1602 250 1665 270 σου
1680 241 1731 269 καὶ
1740 241 1799 276 τὴν
1811 241 1864 269 δε-

1068 288 1136 321 ξιάν
1148 297 1206 315 σου
1227 288 1261 315 ὲκ
1277 288 1376 323 μέσου
1398 288 1451 316 τοῦ
1471 289 1588 316 κόλπου
1611 295 1670 315 σου
1692 288 1737 321 εις
1754 286 1864 320 τέλος-ς

1068 343 1094 361 κ.
1108 343 1134 360 τ.
1150 335 1172 360 ὲ.
1189 335 1219 360 El
1229 333 1351 369 διαφέρει
1365 334 1382 369 ἠ
1396 334 1457 369 χεὶρ
1473 333 1529 369 (96)
1540 334 1587 360 καὶ
1603 334 1620 369 ὴ
1632 332 1708 366 δεξιὰ
1718 333 1766 360 τοῦ
1780 332 1862 365 Θεοῦ,

1067 379 1196 414 ἐφίστημι
1220 379 1322 415 μήποτε
1340 380 1356 413 ὴ
1381 378 1430 413 μὲν
1450 380 1511 413 χεὶρ
1527 378 1561 406 τὰ
1580 378 1652 405 κατὰ
1673 378 1728 405 τῶν
1755 376 1863 413 ἐχθρῶν

1067 425 1113 451 τοῦ
1131 425 1196 451 λαοῦ
1211 426 1291 456 ποιεῖ,
1308 425 1324 459 ἡ
1339 423 1415 456 δεξιὰ.
1425 423 1453 451 δὲ
1466 424 1500 450 τὰ
1516 424 1587 460 ὑπὲρ
1605 423 1653 450 τοῦ
1670 423 1737 451 λαοῦ
1757 422 1861 457 ἀγαθά.-

1067 469 1121 497 οἶον
1138 472 1155 506 ἡ
1169 471 1239 506 χεὶρ,
1252 471 1296 497 ὅτε
1309 470 1395 505 θυμὸν
1411 470 1458 496 καὶ
1474 470 1557 506 ὀργὴν
1577 470 1625 497 καὶ
1643 469 1733 504 θλίψιν
1745 469 1864 496 ἀποστο-

1068 517 1117 552 λὴν
1129 516 1161 543 δι’
1175 516 1298 550 ἀγγέλων
1312 516 1438 552 πονηρῶν
1449 516 1607 550 Αἰγυπτίοις
1630 516 1701 551 ὑπὲρ
1728 514 1864 550 Ἑϐραίων

1068 561 1225 590 ἀπέστειλεν
1241 562 1255 588 ὁ
1270 562 1337 592 Θεὸς
1357 563 1390 588 ὲκ
1414 560 1497 596 μέσου
1519 560 1567 588 τοῦ
1584 561 1696 588 κόλπου·
1722 559 1760 592 ὡς
1777 559 1864 587 πάλαι

1070 609 1119 644 μὲν
1133 608 1282 643 δεδομένων
1294 608 1326 634 ὲκ
1339 607 1422 642 μέσου
1438 607 1486 634 τοῦ
1498 607 1598 633 κόλπου
1616 606 1728 641 ἀγαθῶν
1740 606 1795 634 ἀπὸ
1813 605 1865 642 τῆς

1069 655 1159 690 χειρὸς
1171 654 1218 680 τοῦ
1229 653 1306 680 Θεοῦ·
1322 653 1435 689 ὕστερον
1445 653 1474 680 δὲ
1487 652 1709 689 ἀποστραφείσης
1725 651 1776 687 τῆς
1788 651 1865 683 θείας

1068 700 1159 735 χειρὸς
1176 699 1229 726 ἀπὸ
1242 699 1289 725 τοῦ
1308 698 1457 734 λαμϐάνειν
1470 699 1503 725 ἐκ
1518 697 1600 733 μέσου
1613 696 1661 724 τοῦ
1674 697 1775 723 κόλπου
1791 697 1863 731 ἀγα-

1070 745 1113 777 θὰ,
1137 745 1183 771 καὶ
1205 744 1303 771 διδόναι
1327 744 1366 778 τῷ
1387 743 1455 779 λαῷ.
1472 744 1548 779 ’Ἅμα
1566 743 1594 769 δὲ
1617 742 1746 778 ζητήσεις
1769 742 1795 768 εἰ
1815 740 1865 768 δύο

1070 791 1137 817 εἰσὶν
1152 791 1168 826 ἡ
1185 790 1244 825 χεὶρ
1258 789 1305 816 καὶ
1321 790 1338 824 ἡ
1352 789 1426 821 δεξιὰ
1441 788 1488 816 τοῦ
1505 788 1584 815 Θεοῦ.

1111 836 1137 862 '0
1150 836 1183 862 δὲ
1198 835 1269 868 Θεὲς
1282 833 1434 868 ,βασιλεὺς
1450 833 1535 869 ἡμῶν
1548 832 1606 868 πρὸ
1626 831 1746 864 attint-oc,
1762 830 1862 866 εἰργά-

1071 890 1145 909 σατο
1162 881 1314 915 σωτηρίαν
1323 881 1357 907 ἐν
1367 880 1452 915 μέσῳ
1465 879 1519 914 τῆς
1532 877 1598 915 γῆς,
1609 887 1637 906 κ.
1655 887 1680 905 τ.
1711 878 1734 904 ὲ.
1761 877 1826 904 "the
1848 877 1865 903 6

229 926 314 954 Filius
327 927 444 954 hominis
463 927 488 954 in
504 927 586 955 corde
604 933 682 955 terrte
704 933 759 956 tres
779 929 836 956 dies
850 937 882 957 ac
899 934 953 957 tres
968 937 1017 956 uo-

1070 928 1134 959 Υἱὸς
1149 928 1204 962 (97)
1221 927 1268 954 τοῦ
1283 925 1427 963 ἀνθρώπου
1449 926 1578 962 ἐποίησεν
1592 925 1621 951 ὲν
1637 925 1670 960 τῇ
1695 922 1795 958 καρδίᾳ
1813 923 1865 958 τῆς

228 977 286 999 ctus
309 973 372 1007 egit.
396 972 533 1000 Fortassis
554 981 618 1001 vero
634 983 643 1000 ι
665 975 783 1002 medium
809 979 890 1004 terra:
911 984 920 1001 ι
936 980 1018 1003 vocat

229 1024 352 1046 centrum
366 1019 449 1052 illius,
471 1026 530 1054 qua:
543 1020 674 1055 spltaarica
689 1026 740 1048 est.

264 1108 347 1136 Vsns.
364 1109 408 1136 15.
429 1108 468 1136 Τιι
483 1108 648 1143 conﬁrmasti
663 1109 691 1135 in
707 1110 802 1137 virtute
818 1115 865 1137 tua
881 1119 965 1143 mare,
991 1117 1018 1139 tu

229 1154 377 1181 contrivisti
402 1155 491 1189 capita
516 1155 661 1181 draconum
687 1155 715 1181 in
739 1156 824 1190 aquis,
843 1161 897 1184 etc.
918 1157 951 1185 Ut
966 1165 1018 1185 non

231 1200 346 1235 amplius
372 1205 444 1229 esset
457 1201 612 1228 contrarius
641 1206 739 1228 ventus
758 1203 951 1236 navigantibus
977 1204 1019 1231 di-

229 1246 351 1280 scipulis,
368 1247 475 1274 etfacta
488 1248 528 1275 cis
553 1248 749 1282 tranquillitate
778 1249 811 1277 ad
834 1254 934 1278 terram
958 1258 1019 1285 per-

231 1292 356 1319 venirent
367 1293 400 1319 ad
417 1300 498 1327 quam
513 1292 687 1321 recedebant.

268 1380 350 1408 Vens.
381 1381 424 1409 l7.
452 1380 584 1408 {Extatem
611 1387 636 1409 et
659 1390 702 1409 ver
720 1388 747 1408 tu
764 1382 860 1417 fecisti,
889 1388 942 1411 etc.
966 1384 1020 1412 Cur

230 1427 322 1454 omisit
334 1432 494 1454 autumnum
510 1433 537 1455 et
553 1428 691 1455 hiemem?
704 1429 787 1456 Aiunt
802 1429 883 1464 igitur
897 1434 1019 1458 aestatem

229 1474 340 1509 quidem
367 1479 508 1506 autumno,
534 1474 650 1502 hiemem
667 1480 756 1502 autem
774 1476 829 1502 veri
854 1477 964 1511 opponi.
982 1478 1020 1504 Ac

230 1528 278 1547 ver
295 1520 404 1555 quidem
430 1521 626 1555 generationis,
651 1526 732 1550 testas
759 1529 826 1549 vero
852 1527 959 1557 tempus
977 1527 1021 1550 est

230 1567 418 1602 perfectionis.

266 1610 347 1639 Vens.
362 1611 406 1639 18.
422 1611 524 1638 Memor
538 1615 592 1639 esto
609 1611 699 1646 hujus,
712 1616 764 1639 etc.
781 1611 884 1640 Memor
894 1616 953 1640 esto
968 1612 1019 1640 bu-

226 1657 273 1693 jns
287 1662 419 1686 creaturae
433 1657 570 1685 videlicet.
591 1657 618 1685 Si
638 1662 749 1692 propter
765 1658 901 1692 homines,
919 1659 1018 1694 inquit,

229 1708 384 1731 creaturam
414 1702 513 1735 fecisti,
546 1704 677 1731 auxilium
705 1709 803 1739 praesta
829 1704 883 1732 illis
909 1710 1020 1741 propter

228 1758 299 1784 quos
317 1755 443 1777 creatura
457 1750 528 1777 facta
557 1754 609 1777 est.
641 1749 689 1777 Vel
722 1757 826 1777 memor
854 1755 914 1778 esto
939 1751 1020 1786 hujus

229 1795 464 1831 congregationis,
492 1803 574 1830 quam
599 1795 742 1830 possedisti
767 1797 800 1823 ab
833 1796 922 1824 initio.
952 1796 1019 1824 Nam

228 1842 312 1869 etiam
332 1842 365 1868 ad
377 1841 442 1869 illud
465 1840 592 1870 refertur.

268 1887 348 1914 \‘Ens.
371 1887 414 1914 19.
432 1886 471 1914 Ne
492 1888 581 1914 tradat
608 1887 695 1914 bestiis
710 1887 827 1914 animum
854 1888 1020 1922 conﬁtentem

229 1932 286 1964 tibi,
305 1937 358 1960 etc.
389 1932 417 1960 Si
435 1932 528 1960 bestia:
556 1933 683 1960 dicuntur
708 1933 853 1966 dtl‘lﬂOﬂia,
881 1933 908 1961 in
926 1934 1021 1962 bestiis

230 1979 312 2014 766
327 1983 416 2005 autem
432 1978 559 2014 prrcvalet
585 1978 672 2011 furor,
691 1979 717 2005 in
730 1979 898 2007 daemonibus
925 1980 1020 2015 utique

229 2025 358 2059 praevalet
384 2025 471 2053 furor.
498 2025 531 2052 Et
545 2024 615 2060 apud
638 2024 688 2053 Job
711 2025 733 2041 "
755 2026 856 2053 dicitur
873 2035 880 2053 :
898 2036 907 2052 ι
923 2025 1020 2055 Bestiae

229 2077 349 2107 agrestes
361 2072 481 2107 pacilicm
493 2076 574 2099 erunt
592 2071 650 2100 tibi.
674 2082 683 2097 ι

266 2116 346 2145 Vens.
367 2118 411 2145 20.
443 2117 548 2153 Respice
572 2118 600 2145 in
628 2122 822 2151 testamentum,
848 2125 902 2147 etc.
916 2119 1021 2148 Memor

227 2169 288 2192 esto
304 2164 515 2199 promissionum
532 2172 601 2199 quas
619 2165 776 2193 Abrahamo
794 2166 895 2199 fecisti,
913 2166 972 2194 fore
990 2171 1020 2194 ut

228 2210 307 2238 (lares
322 2210 419 2238 semini
435 2211 494 2245 ejus
505 2215 605 2238 terram
623 2211 694 2239 lacte
708 2220 740 2240 ac
758 2212 838 2240 tnelle
852 2217 1018 2240 manantem.

265 2297 331 2325 IBID.
357 2298 428 2331 Quia
443 2299 535 2334 repleti
557 2304 618 2326 sunt
642 2300 688 2335 qui
707 2301 841 2328 obscurati
862 2306 924 2328 sunt
939 2305 1018 2329 terra:

227 2343 348 2371 doinibu:
360 2345 541 2380 iniquitatum,
558 2352 611 2374 etc.
628 2346 780 2376 Obscurata
802 2355 879 2375 mens
898 2347 1018 2382 repletur

228 2389 429 2424 iniquitatibus.
455 2391 619 2419 Obscuratio
645 2392 718 2420 enim
745 2392 771 2420 in
802 2392 1019 2428 cognitione,et

228 2434 358 2467 iniquitas
373 2435 399 2462 in
413 2437 520 2464 actibus
532 2437 705 2473 intelligitur.

266 2477 346 2506 VERS.
364 2479 408 2507 ‘22.
437 2480 570 2516 Exsurge,
587 2481 668 2515 Deus,
687 2482 782 2517 judico
795 2490 904 2510 causam
932 2488 1015 2511 luant.

229 2523 331 2551 Memor
345 2531 399 2552 esto
421 2526 639 2562 improperiorum
666 2532 784 2562 tuorum,
811 2535 870 2564 qua:
894 2527 926 2555 ab
950 2528 1016 2556 imi-

225 2569 311 2605 pieme
328 2575 391 2598 sunt
406 2577 460 2600 tota
473 2572 526 2605 die,
548 2577 602 2601 etc.
620 2581 631 2599 ι
649 2572 783 2609 Exsurge.
805 2573 886 2607 Deus,
907 2583 915 2599 I
931 2581 1016 2609 usque

260 2631 282 2646 "
299 2629 350 2658 Job
367 2639 393 2665 v,
413 2626 458 2659 25.

259 2688 316 2724 (96)
337 2688 374 2715 Et
397 2687 533 2722 διαφέρει
558 2687 578 2720 ἠ
594 2686 669 2721 χείρ,
685 2689 737 2714 etc.
754 2684 776 2712 E
796 2685 890 2713 codice
921 2685 1015 2713 Coisli-

226 2723 310 2750 nianu
321 2724 451 2750 secundo.

261 2758 319 2793 (97)
335 2758 400 2784 Ὅτε
412 2759 429 2785 ό
447 2757 522 2793 Υἱός,
543 2762 596 2784 etc.
616 2756 653 2793 Es
670 2756 777 2793 eodem.

261 2792 319 2829 (98)
337 2793 404 2820 Ἵνα
413 2792 605 2829 μηκέτι,-οιε.
624 2792 662 2819 Ex
677 2792 781 2829 eodem.

258 2825 320 2868 (99)
336 2828 389 2855 Διά
413 2825 455 2854 it'
468 2827 596 2863 παρῆκε,
623 2832 677 2856 etc.
697 2827 717 2854 ιι
739 2826 832 2855 codice
847 2825 1015 2855 Coisliniano

244 2870 323 2890 nmo.

224 2870 323 2898 primo.

260 2897 470 2932 (numnam
490 2899 612 2932 ταύτης,
624 2903 677 2927 etc.
693 2897 712 2925 E
731 2897 825 2925 codice
847 2896 1014 2925 Coisliniano

1070 974 1120 1008 γῆς
1130 975 1205 1009 τρεῖς
1221 973 1327 1008 ἡμέρας
1345 973 1393 999 καὶ
1405 972 1479 1007 τρεῖς
1494 971 1604 1003 νύκτας.
1617 969 1694 1005 Τάχα
1706 968 1735 995 δὲ
1751 978 1760 994 ι
1774 967 1805 996 τὸ
1817 968 1867 1003 μέ-

1071 1026 1115 1044 σον
1137 1017 1185 1052 τῆς
1201 1017 1253 1052 γῆς
1270 1027 1278 1042 ›
1293 1017 1323 1043 τὸ
1337 1016 1449 1051 κέντρον
1469 1015 1554 1051 αὐτῆς
1577 1014 1663 1050 λέγει,
1678 1011 1866 1049 σφαιροειδοῦς

1070 1071 1163 1093 euang.

1105 1071 1376 1140 .éxpazalwo'ac
1401 1104 1436 1131 ἐν
1456 1103 1493 1138 τῇ
1510 1103 1636 1138 δυνάμει
1659 1111 1717 1131 σου
1734 1103 1792 1138 τὴν
1815 1101 1868 1131 0.:-

1070 1157 1204 1186 λοῦσαν,
1223 1153 1264 1180 σὺ
1283 1151 1473 1186 συνέτριψας
1492 1150 1547 1183 τὰς
1563 1149 1697 1185 κεφαλὰς
1714 1149 1775 1177 τῶν
1795 1148 1868 1184 δρα-

1070 1202 1187 1228 κόντων
1207 1200 1256 1227 ἐπὶ
1274 1198 1328 1226 τοῦ
1350 1197 1471 1230 ὕδατος,
1488 1205 1515 1223 κ.
1529 1204 1555 1222 τ.
1574 1195 1598 1222 ὲ.
1616 1195 1677 1222 Ἵνα
1695 1194 1794 1231 μηκέτι
1808 1193 1867 1230 (98}

1070 1246 1189 1278 ἐναντίος
1205 1243 1222 1283 ᾗ
1242 1246 1256 1272 ό
1272 1244 1371 1280 ἄνεμος
1387 1244 1443 1275 τοῖς
1460 1242 1571 1270 πλέουσι
1584 1241 1730 1277 μαθηταῖς,
1750 1240 1797 1267 καὶ
1816 1248 1867 1275 γει

1070 1293 1186 1329 νομένης
1204 1291 1296 1323 αὐτοῖς
1319 1290 1441 1326 γαλήνης
1468 1289 1599 1323 γένωνται
1623 1287 1663 1320 εἷς
1683 1286 1733 1323 τὴν
1756 1286 1808 1322 γῆν
1826 1286 1868 1318 εις

1070 1339 1104 1374 ἣν
1120 1338 1236 1373 ὑπῆγον,

1107 1383 1196 1417 Θέρος
1222 1382 1270 1409 καὶ
1295 1381 1349 1415 ἔαρ
1373 1380 1413 1407 σὺ
1435 1374 1599 1414 ἐποίησας,’
1617 1387 1643 1406 κ.
1667 1386 1692 1405 τ.
1717 1378 1741 1405 ἐ.
1769 1377 1819 1405 Διὰ
1839 1377 1868 1405 τί

1075 1430 1182 1466 παρῆκε
1203 1428 1258 1463 (99)
1278 1427 1309 1454 τὺ
1327 1426 1485 1462 μετόπωρον
1501 1425 1548 1452 καὶ
1563 1425 1610 1452 τδν
1629 1424 1773 1461 χειμῶνας
1795 1424 1867 1451 Φασὶ

1070 1475 1158 1503 τοίνυν
1173 1473 1343 1502 ἀντικεῖσθαι
1358 1473 1390 1499 τὸ
1404 1473 1455 1508 μὲν
1473 1471 1552 1508 θέρος
1574 1470 1614 1507 τῷ
1638 1470 1801 1507 μετοπώρῳ,
1819 1471 1869 1498 τὸν

1070 1522 1099 1549 δὲ
1112 1521 1235 1557 χειμῶνα
1248 1519 1286 1555 τῷ
1303 1519 1374 1555 ἔαρι·
1392 1519 1439 1546 καὶ
1455 1518 1485 1546 τὸ
1505 1518 1555 1554 μὲν
1568 1518 1618 1554 ἔαρ
1634 1517 1694 1544 ἐστὶ
1711 1516 1807 1553 καιρὸς
1823 1525 1868 1552 γε-

1072 1568 1181 1600 νέσεως,
1193 1567 1223 1594 τδ
1231 1566 1260 1594 δὲ
1272 1566 1350 1602 θέρος
1367 1565 1463 1601 καιρὸς
1477 1563 1653 1596 τελειώσεως.

1106 1613 1264 1647 Μνήσθητι
1282 1611 1404 1645 ταύτης,
1421 1620 1448 1638 κ.
1464 1620 1490 1638 τ.
1509 1611 1532 1638 έ.
1547 1609 1692 1646 Μνήσθητι
1711 1607 1814 1644 ταύτης
1826 1607 1865 1643 (I)

1069 1660 1118 1696 τῆς
1128 1659 1243 1690 κτίσεως
1254 1657 1385 1694 δηλονότι.
1400 1657 1433 1684 Εἰ
1452 1656 1496 1683 διὰ
1508 1657 1571 1689 τοὺς
1593 1654 1767 1691 ἀνθρώπους,
1785 1654 1865 1689 φησὶ,

1069 1705 1118 1741 τὴν
1132 1704 1221 1731 κτίσιν
1231 1703 1395 1738 πεποίηκας,
1413 1698 1555 1737 παράσχου
1571 1701 1620 1736 τὴν
1642 1699 1804 1736 ἐπικουρίαν
1817 1698 1853 1726 αὖ

1070 1752 1135 1783 τοῖς,
1155 1751 1189 1777 δι’
1199 1750 1245 1782 οὒς
1261 1750 1278 1785 ἡ
1289 1749 1379 1781 κτίσις
1390 1749 1552 1784 γεγένηται·
1568 1747 1585 1783 ἢ
1602 1747 1650 1774 καὶ
1664 1746 1750 1778 οὕτως
1764 1744 1868 1780 ταύτης

1070 1797 1120 1832 τῆς
1146 1795 1306 1831 συναγωγῆς
1331 1791 1365 1830 ἦς
1397 1794 1506 1830 ἐκτήσω
1533 1793 1581 1820 ἀπ’
1606 1792 1712 1829 ἀρχῆς”
1732 1791 1780 1818 καὶ
1797 1790 1866 1828 πρὸς

1070 1843 1158 1869 ἐκεῖνο
1171 1842 1226 1878 γὰρ
1237 1841 1400 1868 ἀποδίδοται.

1105 1887 1154 1921 Μὴ
1166 1885 1305 1920 πιιραόῷς
1319 1884 1381 1918 τοῖς
1403 1884 1516 1919 θηρίοις
1537 1884 1645 1918 ’ψυχὴν
1661 1882 1865 1918 ἐξομολογου-

1067 1933 1166 1968 μένην
1189 1939 1256 1964 σοι,
1275 1940 1302 1957 κ.
1320 1938 1346 1957 τ.
1370 1930 1393 1956 ἑ.
1412 1930 1444 1956 El
1464 1928 1547 1965 θηρία
1567 1929 1604 1964 (2)
1626 1928 1736 1963 λέγεται
1758 1927 1792 1955 τὰ
1807 1927 1865 1954 διι-

1072 1978 1161 2014 μόνια,
1174 1978 1202 2003 ὲν
1217 1977 1246 2003 δὲ
1260 1977 1317 2007 τοῖς
1337 1974 1443 2011 θηρίοις
1466 1975 1610 2010 ἐπικρατεῖ
1621 1974 1635 2001 ὁ
1648 1972 1745 2010 θυμὸς,
1763 1973 1795 1999 ὲν
1808 1971 1869 2004 τοῖς

1070 2024 1195 2060 δαίμοσιν
1207 2023 1261 2058 ἄρα
1277 2023 1421 2057 ἐπικρατεῖ
1438 2022 1452 2048 ὁ
1469 2020 1565 2057 θυμός.
1578 2020 1634 2047 Καὶ
1648 2021 1678 2047 ὲν
1693 2018 1732 2055 τῷ
1747 2017 1809 2046 Ἰὼϐ
1820 2017 1864 2044 λέ-

1070 2077 1123 2104 γει·
1142 2078 1150 2095 ι
1173 2068 1262 2104 Θῆρες
1275 2066 1366 2103 ἄγριοι
1380 2065 1570 2102 είρηνεύσουσί
1587 2073 1638 2092 σοι.
1656 2074 1666 2091 ι

1111 2114 1293 2147 Ἐπιϐλεψον·
1314 2113 1357 2146 εις
1380 2111 1438 2146 τὴν
1462 2110 1612 2145 διαθήκην
1636 2118 1710 2142 σου,
1736 2117 1765 2136 κ.
1788 2117 1817 2136 τ.
1839 2109 1864 2136 ἑ.

1071 2159 1214 2195 Μνήσθητι
1227 2158 1281 2185 τῶν
1289 2157 1327 2194 ('5)
1336 2156 1511 2192 ἐπαγγελιῶν
1524 2165 1583 2188 σου,
1605 2152 1643 2183 ὧν
1661 2153 1867 2191 ἐπηγγείλωῲ

1077 2206 1213 2242 Ἀϐραὰμ,
1238 2203 1330 2232 δοῦναι
1350 2203 1389 2240 τῷ
1405 2203 1545 2239 σπέρματι
1572 2201 1656 2229 αὑτοῦ
1673 2202 1726 2237 γῆν
1749 2201 1868 2237 ῥέουσαν

1037 2265 1059 2294 D
1071 2252 1143 2288 γάλα
1159 2253 1205 2279 καὶ
1216 2251 1288 2288 μέλι.

1108 2298 1169 2324 Ὅτι
1193 2295 1415 2330 ἐπληρώθησαν
1437 2295 1465 2321 οι
1492 2292 1706 2327 ἐσκοτισμέν-οι
1732 2290 1786 2326 τῆς
1807 2290 1866 2326 τῆς

1070 2344 1162 2373 οἴκων
1187 2341 1328 2378 ἀνομιῶν,
1356 2350 1384 2369 κ.
1406 2349 1431 2367 τ.
1455 2340 1479 2367 ἑ.
1508 2339 1715 2375 Ἑσκοτισμὲνος
1741 2338 1804 2370 νοῦς
1824 2337 1866 2374 (4)

1071 2389 1221 2426 πληροῦται
1233 2387 1363 2424 ἀνομιῶν·
1374 2386 1469 2418 σκότος
1482 2385 1537 2422 γὰρ
1547 2384 1611 2420 περὶ
1620 2383 1732 2419 γνῶσιν,
1746 2383 1795 2411 καὶ
1804 2383 1866 2410 ἀνο-

1071 2437 1121 2472 μία
1136 2436 1200 2472 περὶ
1214 2434 1314 2471 πρᾶξιν
1326 2434 1436 2461 νοεῖται.

1111 2482 1247 2514 Ἀνάστα,
1262 2482 1278 2508 ό
1294 2479 1376 2513 Θεὸς,
1389 2478 1580 2512 δίκασοντὴν
1595 2478 1685 2511 δίκην
1699 2483 1769 2503 σου·
1784 2474 1864 2511 μνή-

1071 2531 1159 2563 σθητι
1181 2527 1240 2555 τῶν
1269 2525 1449 2561 ὀνειδισμῶν
1477 2532 1535 2552 σου
1562 2523 1622 2550 τῶν
1649 2523 1710 2552 ὑπὸ
1732 2521 1865 2558 ἄφρονος

1071 2575 1148 2610 ὅλην
1166 2574 1224 2609 τὴν
1235 2573 1360 2610 ἡμέραν,
1375 2580 1403 2599 κ.
1416 2580 1442 2600 τ.
1455 2571 1479 2598 ἐ.
1494 2580 1504 2598 ι
1529 2570 1656 2602 Ἀνάστα,
1667 2570 1682 2597 ὁ
1702 2568 1771 2602 Θεδς
1795 2567 1862 2604 (5),»

1069 2688 1203 2716 secundo.

1116 2724 1145 2758 2)
1156 2725 1191 2751 El
1206 2725 1303 2758 θηρία,
1319 2729 1372 2752 etc.
1399 2724 1419 2751 E
1433 2722 1528 2758 codice
1543 2721 1710 2758 Coisliniano
1725 2719 1825 2756 primo.

1117 2757 1145 2794 5)
1159 2757 1318 2794 Μνήὰθητι
1335 2759 1404 2791 τῶν,
1418 2763 1472 2794 εις.
1495 2757 1532 2785 Ex
1552 2757 1660 2794 eodem.

1115 2791 1144 2832 1)
1161 2791 1497 2832 ΪΕσέιοτιὶτμέτξοςῪοῧςν
1513 2797 1568 2832 61°-
1584 2792 1623 2832 E‘.
1631 2791 1741 2832 F0401“:
1759 2825 1775 2832 ..
1798 2824 1805 2831 .

1156 2825 1331 2892 ίἓΑν-ἁστιιβό
1350 2825 1434 2863 Θεός,
1446 2825 1500 2857 etc.
1527 2827 1547 2855 Ε
1574 2827 1672 2857 codice
1693 2825 1862 2855 Coislil'lno

1102 2873 1153 2892 cun
1175 2873 1201 2892 ο.

1070 2873 1201 2893 δοευιιαο.
