4106 6444
416 394 556 449 1553

1343 391 1653 445 SELECTA
1698 389 1760 445 IN
1803 390 2142 447 PSALMOS.
2182 425 2241 434 ——
2289 393 2482 451 PSAL.
2523 397 2756 452 LXXIV.

3562 411 3697 467 1551

409 512 534 576 ἓως,
573 532 592 566 ι
628 511 760 580 ὃλην
787 511 886 582 τὴν
908 509 1144 582 ἡμέραν.
1191 530 1208 567 ι
1245 512 1361 564 Οὐκ
1391 509 1534 576 εἷπε,
1560 511 1659 583 τὴν
1687 512 1844 583 δίκην
1869 529 1989 582 μου,

2108 515 2177 566 ad
2225 513 2372 579 illud,
2413 533 2430 565 t
2478 526 2588 569 tota
2644 518 2751 572 die.
2791 539 2810 570 ι
2848 517 2964 573 Non
3021 521 3180 587 dixit,
3239 537 3457 577 causam
3495 542 3692 597 meam,

409 606 546 662 ἀλλὰ
575 625 592 657 t
619 607 720 676 τὴν
750 605 907 677 δίκην
947 623 1063 661 σου.
1113 626 1132 658 ι
1185 606 1327 674 Ἐγὼ
1361 607 1465 678 μὲν
1496 609 1626 678 γὰρ,
1671 607 1826 678 φησὶ,
1864 607 2002 661 ἐνδί-

409 717 521 762 κως
569 699 828 770 ὑπομένω
857 698 1061 754 ταῦτα·
1107 699 1306 754 ἐκεῖνοι
1341 699 1398 757 δὲ
1448 699 1648 762 πολλὰς
1693 699 2004 770 ἐτόλμησαν

411 790 551 845 κατὰ
591 789 685 842 σοῦ
740 789 1108 861 βλασφημίας.
1157 791 1254 853 Εἰς
1301 790 1404 859 τὴν
1452 790 1561 845 τῶν
1600 790 2003 860 ἁπατησάντων

409 883 499 936 τὸν
532 881 660 935 λαὸν
689 882 959 952 τιμωρίαν
988 882 1294 952 διανίστησι
1329 885 1424 939 τὸν
1461 882 1614 935 Θεὸν.
1670 882 1741 934 Ἣ
1784 882 1879 934 καὶ
1916 879 2002 934 οὖ-

407 989 536 1037 τωςο
582 972 869 1044 Μνήσθητι
912 974 1012 1044 τῆς
1074 973 1354 1047 συνθήκης
1421 993 1515 1029 σου
1553 975 1737 1037 αὐτοῖς
1777 971 1868 1027 διὰ
1903 972 2001 1025 τοῦ

408 1063 644 1136 Χριστοῦ
681 1063 1080 1136 δεδωρημένης.
1119 1067 1183 1120 Εἰ
1213 1066 1324 1138 γὰρ
1351 1067 1446 1120 καὶ
1477 1065 1548 1121 τὰ
1577 1067 1812 1138 μάλιστα
1839 1065 2000 1135 γεγό-

406 1158 531 1210 νασί
561 1174 702 1220 τινες
723 1158 1097 1228 ἐσκοτωμένοι
1123 1159 1221 1230 τὴν
1245 1160 1504 1225 διάνοιαν,
1554 1161 1647 1213 καὶ
1688 1160 1854 1214 οἴκων
1877 1159 1999 1212 ἀνο-

410 1245 550 1318 μιῶν
601 1245 1022 1318 πεπληρωμένοι
1068 1252 1118 1306 οἱ
1146 1251 1222 1322 μὴ
1260 1249 1685 1322 καταδεξάμενοι
1730 1251 1822 1303 τὸν
1862 1251 1998 1320 Χρι-

407 1338 532 1392 στόν
561 1355 677 1401 σου,
711 1338 847 1392 ἀλλὰ
882 1339 946 1393 σύ
981 1357 1045 1410 γε
1073 1343 1149 1406 ὡς
1187 1342 1321 1406 Θεὸς
1351 1342 1462 1397 τῶν
1496 1343 1604 1398 σῶν
1648 1341 1880 1411 πτωχῶν
1923 1340 1997 1412 μὴ

405 1430 763 1508 ἀποστραφῇς
807 1433 906 1497 τὰς
942 1434 1173 1497 ἱκεσίας.
1222 1433 1442 1505 Ἐπειδὴ
1486 1435 1588 1504 οὐχ
1623 1437 1782 1505 ἡμεῖς
1814 1433 1999 1504 ὴδική·

409 1521 568 1591 μεθα,
598 1525 735 1578 ἀλλὰ
760 1525 951 1596 σὺ,(σὲ
991 1526 1101 1598 γὰρ
1121 1526 1397 1585 ὠνείδισεν
1420 1528 1449 1580 6
1477 1526 1694 1599 ἐχθρὸς,
1739 1527 1835 1578 καὶ
1868 1523 1998 1588 λαὸς

403 1617 596 1688 ἄφρων
631 1618 920 1689 παρώξυνε
939 1637 952 1652 ·
980 1620 1001 1691 )
1027 1621 1221 1677 τούτου
1252 1621 1416 1693 χάριν
1460 1619 1758 1690 «ἀνάστηθι
1801 1619 1895 1671 καὶ
1918 1617 1995 1672 δί-

404 1723 574 1760 κασον
600 1708 702 1779 τὴν
723 1708 879 1778 δίκην
909 1726 1024 1766 σου.
1077 1731 1096 1764 ι

479 1799 591 1853 Τοῦ
642 1801 849 1854 αὑτοῦ.
903 1800 1018 1855 Νῦν
1060 1803 1271 1874 ἄφρονα
1317 1803 1395 1874 (6)
1446 1803 1539 1856 τὸν
1583 1800 1828 1856 διάϐολον
1881 1799 1997 1851 ὀνο-

409 1891 590 1963 μάζει.

971 2076 1263 2130 ΨΑΛΜΟΣ
1301 2080 1418 2130 OA'.

473 2169 576 2232 Εἰς
614 2166 676 2219 τὸ
701 2165 895 2233 τέλος,
920 2167 1006 2237 μὴ
1027 2168 1395 2238 διαφθείρῃς,
1440 2168 1684 2238 ψαλμὸς
1727 2165 1888 2235 ᾠδῆς
1911 2163 1992 2229 τῷ

413 2257 613 2326 Ἀσάφ,
643 2275 696 2310 κ.
723 2276 774 2310 τ.
808 2259 855 2313 ἐ.
883 2259 1198 2331 Γέγραπται
1229 2264 1286 2315 ἐν
1309 2264 1378 2332 τῇ
1410 2260 1600 2334 πρώτῃ
1636 2261 1712 2329 (7)
1739 2259 1847 2312 τῶν
1879 2259 1984 2311 Βα-

400 2349 635 2405 αιλειῶνο
665 2369 682 2400 ι
719 2350 828 2405 Καὶ
852 2344 973 2403 εἷπε
998 2350 1162 2404 Δαυτδ
1193 2351 1330 2422 πρὸς
1369 2351 1609 2404 Ἀδεσαῖ·
1638 2349 1729 2419 Μὴ
1748 2347 1990 2416 διαφθεί-

400 2459 503 2517 Ρῃς
533 2441 716 2508 αὐτὸν,
757 2461 777 2497 ι
811 2441 1052 2514 δηλονότι
1097 2443 1189 2496 τὸν
1218 2443 1409 2497 Σαούλο
1450 2443 1595 2513 ᾇπερ
1629 2443 1736 2514 ὅρα.
1773 2444 1824 2496 εἰ
1857 2442 1991 2512 χρή-

400 2537 540 2607 σιμά.
565 2538 682 2589 ἐστι
713 2535 851 2606 πρὸς
875 2534 976 2605 τὴν
1005 2537 1338 2608 ἐπιγραφήν.

481 2627 1076 2697 Ἐξομουῑοτησόμεθὰ
1109 2642 1229 2692 σοι,
1265 2633 1300 2683 ό
1333 2629 1499 2695 Θεὸς,
1546 2629 1991 2699 ἐξομολογησά-

393 2722 565 2787 μεθα,
590 2719 689 2773 καὶ
730 2719 1215 2787 ἐπικαμσόμεθα
1258 2719 1325 2773 τὸ
1365 2719 1554 2789 ὄνομά
1588 2737 1728 2786 σου,
1761 2737 1817 2773 κ.
1851 2737 1901 2772 τ.
1940 2720 1986 2772 ἐ.

410 2805 473 2863 Ἥ
509 2809 570 2864 ἐν
591 2806 812 2879 Χριστῷ
843 2806 920 2877 (8)
977 2808 1276 2880 Ἐκκλησία
1299 2811 1427 2873 τοὺς
1456 2810 1550 2864 δύο
1581 2811 1796 2881 στίχους
1818 2809 1986 2878 λέγει.

469 2897 835 2967 Δωγήσομαι
897 2897 1094 2955 πάντα
1147 2901 1221 2956 τὰ
1268 2900 1572 2970 θαυμάσιά
1627 2918 1765 2956 σου.
1813 2902 1990 2955 Ὅταν

393 2988 557 3044 λάϐω
596 2991 826 3057 καιρὸν,
855 3008 908 3048 κ.
939 3009 992 3047 τ.
1037 2993 1084 3046 ἐ.
1147 2992 1208 3045 ὐ
1254 2992 1554 3062 Σύμμαχος
1603 2992 1699 3062 (9)·
1752 3012 1771 3043 ι
1817 2992 1989 3046 Ὅταν

395 3081 545 3138 λάϐω
568 3081 671 3153 τὴν
697 3084 1042 3154 συναγωγήν.
1077 3101 1095 3132 ι
1133 3083 1322 3144 Ὅταν,
1344 3085 1533 3153 φησὶν,
1567 3081 1978 3152 ἐπανέλθωμεν,

395 3173 490 3226 καὶ
515 3173 595 3236 εις
619 3173 714 3226 τὸν
744 3174 891 3244 ἱερόν
926 3191 1023 3230 σου
1059 3174 1538 3245 συναθροιαθῶμεν
1567 3174 1716 3238 ναὸν,
1755 3174 1876 3228 τότε
1925 3192 1983 3228 σε

391 3266 632 3336 ἐννόμως
672 3266 1010 3337 ὑμνήσομεν·
1059 3268 1154 3321 καὶ
1190 3268 1291 3332 τὰς
1340 3270 1438 3332 σας
1486 3269 1813 3339 εὐεργεσίας
1857 3268 1985 3331 τοὺς

2108 607 2205 659 sed
2235 625 2252 658 t
2291 621 2513 661 causam
2550 619 2719 666 tuam.
2753 629 2771 660 ι
2812 611 2921 681 Ego
2946 612 3116 679 enim,
3169 615 3366 684 inquit,
3396 614 3546 684 juste
3577 619 3693 675 ltmc

2105 697 2386 765 sustineo;
2415 699 2490 753 illi
2526 715 2656 755 vero
2684 702 2885 758 multas
2932 713 3123 759 contra
3178 715 3228 760 te
3253 707 3371 759 ausi
3413 718 3539 764 sunt
3567 725 3693 778 pro-

2105 786 2250 841 ferre
2275 788 2664 860 blaSpbemias.
2696 794 2776 846 Ad
2812 794 3142 864 supplicium
3167 811 3357 851 eorum
3393 815 3484 868 qut
3518 814 3690 869 popu-

2105 879 2215 933 lum
2274 881 2628 951 deceperunt,
2694 885 2864 941 Deum
2915 889 3141 943 excitat.
3206 891 3302 944 Vel
3353 893 3520 946 etiam
3555 894 3687 947 sic:

2107 971 2314 1028 Memor
2338 983 2459 1030 esto
2507 978 2821 1032 testamenti
2859 981 2934 1033 tui
2973 983 3118 1050 quod
3164 983 3244 1036 eis
3276 997 3372 1050 per
3408 983 3687 1038 Christum

2103 1064 2290 1117 datum
2324 1076 2429 1120 est.
2463 1066 2577 1122 Etsi
2610 1068 2755 1122 enim
2801 1071 3051 1125 nonnulli
3103 1082 3285 1127 mente
3318 1085 3446 1128 sunt
3501 1075 3688 1128 admo-

2101 1152 2230 1208 dum
2288 1156 2600 1222 obscurati,
2673 1169 2729 1214 et
2773 1160 3026 1215 domibus
3099 1161 3445 1231 iuiquitatutn
3499 1163 3688 1232 repleti

2102 1254 2252 1310 sunt,
2283 1247 2374 1316 qui
2405 1247 2686 1303 Christum
2737 1265 2843 1304 non
2903 1263 3260 1322 receperunt,
3312 1263 3688 1309 verumtamen

2103 1343 2158 1390 tu
2187 1345 2246 1389 ut
2273 1336 2415 1393 Deus
2442 1352 2744 1407 pauperum
2783 1349 3000 1394 tuorum
3052 1355 3242 1407 preces
3275 1357 3343 1396 ne
3394 1342 3684 1412 despicias.

2101 1426 2367 1493 Quoniam
2420 1445 2527 1483 non
2589 1445 2690 1484 nos
2738 1429 2936 1498 injuria
2973 1430 3155 1487 aﬂ‘ecti
3206 1449 3427 1500 sumus,
3478 1437 3572 1490 sed
3631 1445 3687 1488 tu

2100 1519 2221 1589 (tibi
2254 1519 2400 1573 enim
2433 1520 2828 1591 improperavit
2861 1523 3142 1594 inimicus,
3178 1536 3235 1578 ct
3259 1534 3312 1580 te
3343 1526 3574 1595 populus
3606 1527 3690 1580 itt-

2097 1610 2304 1678 sipiens
2327 1612 2729 1682 exacerbavit),
2763 1625 3054 1684 propterea
3091 1633 3113 1668 ι
3156 1630 3394 1686 exsurge
3423 1625 3476 1673 et
3505 1617 3687 1687 judica

2099 1719 2318 1760 causam
2346 1715 2513 1760 tuam.
2551 1725 2569 1757 ι

2173 1795 2452 1865 Ejusdem.
2483 1797 2837 1867 lnsipieutem
2891 1797 2996 1852 hoc
3041 1797 3163 1852 loco
3197 1796 3468 1853 diabolum
3503 1809 3683 1854 vocat.

2591 2064 2916 2122 PSALMUS
2954 2065 3190 2125 ωίιιιν.

2165 2160 2330 2215 Vens.
2371 2161 2418 2213 l.
2459 2158 2524 2213 In
2547 2159 2729 2228 finem,
2759 2176 2822 2213 ne
2854 2176 3184 2230 corrumpas,
3229 2166 3461 2229 psalmus
3492 2165 3686 2217 cantici

2094 2254 2292 2322 Amph,
2347 2262 2456 2307 etc.
2489 2251 2766 2321 Scriptum
2824 2262 2907 2306 cst
2948 2253 3000 2305 in
3054 2253 3190 2306 libro
3244 2255 3419 2323 primo
3471 2254 3688 2324 Regno-

2095 2364 2214 2404 rum
2242 2347 2288 2379 “
2320 2363 2334 2400 :
2370 2364 2388 2397 ι
2423 2346 2488 2400 Et
2516 2346 2655 2400 dixit
2706 2343 2877 2401 David
2920 2348 2987 2400 ad
3035 2347 3245 2412 Abisai,
3282 2346 3360 2402 Ne
3401 2348 3684 2418 disperdas

2093 2442 2267 2505 illum,
2298 2459 2318 2494 ι
2357 2440 2611 2496 videlicet
2673 2439 2826 2496 Saul.
2885 2439 3019 2508 Quae
3045 2441 3169 2496 vide
3220 2457 3288 2498 an
3319 2441 3448 2496 huic
3490 2441 3689 2497 inseri-

2094 2534 2264 2599 ptioni
2301 2533 2452 2586 utilia
2479 2533 2613 2588 sint.

2170 2627 2330 2680 Vsus.
2366 2625 2420 2678 2.
2447 2625 2831 2694 Conﬁtebimur
2857 2624 2974 2689 tibi,
3011 2623 3175 2691 Deus,
3217 2625 3604 2693 conﬁtebimur,
3634 2637 3684 2681 et

2092 2719 2450 2773 invocabimus
2490 2735 2676 2772 nomen
2709 2728 2882 2780 tuum,
2905 2708 3021 2770 "etc.
3075 2715 3184 2770 Hos
3215 2719 3352 2771 duos
3383 2719 3687 2772 versiculos

2093 2811 2304 2882 profert
2326 2826 2449 2880 quae
2485 2811 2539 2864 in
2573 2810 2790 2865 Christo
2814 2819 2895 2864 est
2927 2809 3195 2864 Ecclesia.

2164 2901 2331 2958 Vnus.
2355 2902 2408 2958 ἔ».
2447 2899 2697 2953 Narrabo
2726 2899 2903 2952 omnia
2937 2898 3206 2952 mirabilia
3230 2910 3344 2951 tua.
3373 2899 3507 2954 Cum
3528 2918 3683 2955 acce-

2089 3008 2216 3057 pero
2277 3002 2502 3060 tempus,
2551 2999 2658 3044 etc.
2718 2987 3086 3058 Symmachus
3117 3007 3131 3044 :
3167 3008 3186 3042 ι
3217 2991 3351 3044 Cum
3414 3006 3682 3062 accepero

2089 3082 2592 3152 congregationem.
2632 3100 2651 3132 ι
2681 3081 2840 3143 Cum,
2887 3080 3086 3149 inquit,
3125 3083 3326 3136 reversi
3391 3082 3676 3148 fuerimus,

2088 3182 2145 3228 et
2173 3175 2224 3228 in
2254 3182 2445 3230 Sancto
2474 3172 2678 3242 templo
2711 3181 2804 3226 tuo
2851 3173 3166 3243 congregati
3213 3173 3500 3237 fuerimus,
3549 3184 3680 3229 tunc

2089 3274 2142 3319 te
2179 3266 2420 3335 legitime
2445 3264 2865 3330 celebrabimus,
2920 3274 2973 3318 et
3017 3279 3112 3320 eos
3160 3265 3250 3332 qui
3289 3265 3550 3319 beneﬁcia
3589 3274 3677 3318 ttta

391 3359 717 3427 ἀγνοοῦντας
767 3359 1081 3430 διδάξομεν·
1123 3362 1332 3425 ἐκεῖνος
1380 3362 1487 3433 γὰρ
1536 3362 1669 3432 ἡμῖν
1719 3363 1750 3415 6
1795 3364 1984 3435 καιρὸς

2093 3358 2368 3428 ignorant,
2398 3357 2718 3413 docebimus
2750 3376 2762 3410 :
2804 3373 2925 3410 nam
2990 3355 3124 3410 illud
3162 3357 3342 3412 facere
3391 3357 3551 3411 nobis
3581 3373 3680 3426 per

389 3450 548 3504 τοῦτο
579 3453 753 3505 ποιεῖν
783 3451 1090 3522 ἐπιτρέψει.
1114 3451 1300 3516 Οὕτως
1323 3452 1358 3506 ἃ
1382 3452 1550 3524 ἐχρῆν
1571 3454 1698 3516 τοὺς
1727 3454 1786 3507 ἐν
1811 3454 1986 3507 Βαϐυο

388 3538 520 3593 λῶνι
543 3539 912 3611 δορυαλώτους
933 3542 1174 3608 διδάξας,
1207 3543 1557 3596 ὑποδείκνυσι
1577 3544 1671 3598 τὸν
1694 3544 1829 3598 Θεὸν
1849 3545 1988 3616 πρὸς

388 3631 488 3694 τὰς
517 3632 892 3702 γεγενημένας
920 3634 1255 3703 ἐπαγγελίας
1295 3635 1742 3706 ἀποκρουόμενον
1778 3638 1872 3690 καὶ
1901 3636 1987 3693 λέ-

387 3739 554 3792 γοντα
572 3740 584 3752 ·
624 3741 643 3779 ι
697 3723 837 3792 Ἐγὼ
875 3725 1179 3800 εὐθύτητας
1209 3726 1402 3798 κρινῶ.
1431 3746 1450 3778 ι
1478 3726 1623 3797 Ὅρα
1639 3726 1818 3780 τοίνυν
1835 3729 1888 3780 εί
1911 3727 1986 3799 μὴ

386 3814 474 3868 διὰ
495 3815 700 3871 τούτων
714 3818 742 3871 ὁ
758 3816 951 3887 Σωτὴρ
963 3818 1063 3881 τὰς
1086 3817 1293 3880 οἰκείας
1315 3818 1595 3889 ἐνεργείας
1606 3817 1864 3883 διδάσκει,
1887 3820 1986 3891 τὴν

386 3907 479 3962 τοῦ
499 3908 710 3981 [ἰατρὸς
725 3909 935 3973 διεξιὼν
953 3911 1250 3978 θεολογίαν.
1267 3911 1406 3981 Φησὶ
1421 3909 1570 3977 γοῦν·
1598 3931 1615 3960 ι
1644 3913 1986 3982 Διηγήσομαι

388 3999 457 4054 τὰ
501 4000 780 4070 θαυμάσια
816 4017 934 4066 σου,
969 4003 998 4054 6
1036 4002 1190 4066 Θεὸς,
1233 4002 1362 4058 ὅταν
1395 4001 1548 4055 λάϐω
1595 4002 1696 4072 τὴν
1738 4019 1984 4069 συναγω-

387 4093 512 4163 γήν
563 4113 580 4143 t
632 4092 1028 4160 ἐπαγγέλλεται
1063 4094 1193 4164 γὰρ,
1240 4093 1436 4164 καιροῦ
1478 4095 1782 4164 ἐπιτηδείου
1826 4095 1983 4148 λαϐό-

390 4202 571 4256 μενος,
602 4185 779 4241 πάντα
823 4187 891 4242 τὰ
929 4186 1180 4257 θαύματα
1208 4188 1306 4240 τοῦ
1351 4188 1562 4260 [ἰατρὸς
1591 4188 1976 4259 διηγήσασθαι.

385 4277 742 4348 Δικαιοσύνης
790 4277 846 4332 δὲ
896 4279 989 4333 καὶ
1030 4279 1324 4349 εὐθύτητος
1365 4280 1522 4350 ἔργον
1570 4279 1632 4333 τὺ
1677 4285 1752 4349 μὴ
1787 4279 1981 4348 μόνους

399 4371 685 4436 Ἰουδαίους
726 4371 1069 4441 προσίεσθαι,
1103 4371 1217 4424 ἀλλ’
1261 4371 1324 4438 ἐξ
1362 4371 1613 4424 ἁπάντων
1656 4371 1828 4424 ἐθνῶν
1881 4371 1979 4443 τὴν

385 4461 614 4533 ἐκλογὴν
651 4464 925 4520 ποιεῖσθαι
949 4463 1062 4516 τῶν
1091 4463 1437 4533 σωζομένων.

469 4551 685 4622 Ἐτὰκη
714 4556 754 4623 ἡ
790 4553 868 4624 γῆ
908 4553 1008 4610 καὶ
1036 4552 1260 4618 πάντες
1291 4556 1348 4608 οὶ
1389 4554 1811 4622 κατοικοῦντες
1869 4555 1977 4607 αὐ-

384 4647 518 4715 τὴν,
555 4664 610 4700 κ.
639 4663 691 4699 τ.
722 4645 768 4699 ὲ.
802 4645 909 4715 Γῆν
946 4645 1094 4712 λέγει
1125 4645 1234 4714 (l0)
1267 4644 1365 4716 τὴν
1403 4643 1563 4713 φύσιν
1602 4643 1699 4733 τὴν
1731 4643 1977 4714 λογικὴν,
2013 4679 2054 4733 D

382 4739 504 4810 ἣτις
532 4739 703 4810 ἐτάκη
728 4739 836 4792 ἀπὸ
864 4737 1035 4809 πυρὸς
1065 4735 1162 4790 τοῦ
1193 4736 1563 4808 πνευματικοῦ
1584 4735 1613 4788 ὃ
1633 4732 1763 4805 ἦλθε
1793 4736 1974 4808 βαλεῖν

381 4832 411 4884 6
443 4833 634 4904 Σωτὴρ
662 4832 755 4886 ἐπὶ
784 4831 884 4900 τῆς
915 4831 1040 4902 γῆς.
1077 4828 1244 4898 Τῆξις
1268 4829 1324 4882 δέ
1347 4829 1462 4882 ἐστι
1489 4828 1764 4899 χωρισμὸς
1795 4828 1974 4898 ψυχῆς

381 4921 490 4974 ἀπὸ
519 4923 750 4984 κακίαςο
803 4921 915 4991 πῦρ
954 4920 1012 4973 δέ
1054 4922 1168 4974 ἐστι
1216 4921 1404 4992 νοητὸν
1447 4919 1764 4974 διδασκαλία
1813 4937 1974 4974 πνευ-

385 5015 596 5086 ματικὴ
621 5013 714 5072 τοῦ
750 5013 1039 5085 Σωτῆρος,
1075 5012 1352 5085 φθαρτικὴ
1395 5012 1594 5074 κακίας
1647 5012 1742 5066 καὶ
1792 5011 1970 5081 ἀγνω-

383 5107 526 5170 σίας.

465 5198 606 5266 Ἐγὼ
652 5197 992 5265 ἐστερέωσα
1035 5198 1178 5265 τοὺς
1207 5201 1475 5269 στύλους
1502 5197 1716 5268 αὐτῆς,
1747 5217 1800 5253 κ.
1830 5217 1880 5254 τ.
1917 5201 1966 5257 ἐ.

386 5308 405 5342 ι
434 5291 545 5352 Καὶ
575 5290 796 5362 γνόντες
826 5290 942 5363 (Η)
978 5292 1081 5364 τὴν
1121 5293 1307 5363 χάριν,
1335 5294 1502 5364 φησιν
1528 5295 1557 5349 6
1598 5293 1922 5358 ’Δπόστθλος
1950 5335 1963 5358 ,

451 5451 496 5483 ³⁸
525 5451 543 5506 l
568 5450 699 5520 Reg.
734 5467 878 5514 χχιι,
910 5453 963 5507 9.
1038 5453 1082 5483 ⁸⁵⁷
1111 5451 1283 5507 Galat.
1325 5467 1382 5516 tt,
1409 5451 1461 5505 9.

712 5591 966 5665 ἄφρονα.
1003 5601 1109 5665 etc.
1137 5591 1178 5646 Ε
1195 5591 1384 5665 codice
1404 5590 1742 5665 Cois_liniano
1760 5593 1953 5665 primo.

453 5661 530 5730 (7)
566 5663 900 5731 Γέγραπται
927 5662 999 5713 ἂν
1022 5658 1100 5729 τῇ
1122 5660 1344 5730 πρώτῃ,
1370 5673 1475 5716 etc.
1509 5662 1548 5716 E
1583 5658 1774 5718 codice
1800 5663 1956 5721 Cois-

380 5731 586 5786 liniano
627 5733 888 5786 secundo.

451 5802 528 5869 (8)
570 5803 632 5854 Ἡ
663 5802 731 5854 ἐν·
758 5802 1010 5869 Χριστῷ,
1049 5813 1153 5857 etc.
1193 5803 1268 5856 Ex
1301 5803 1514 5857 eodem.

451 5802 506 5866 (8
570 5803 632 5854 Ἡ
663 5802 731 5854 ἐν·
758 5802 1010 5869 Χριστῷ,
1049 5813 1153 5857 etc.
1193 5803 1268 5856 Ex
1301 5803 1470 5857 codeu

450 5802 530 5944 (νζ
574 5872 628 5925 '0
667 5873 987 5943 Σύμμαχος
1021 5885 1126 5928 etc.
1159 5873 1237 5930 Ex
1259 5874 1470 5930 eodem.

2094 3462 2306 3520 tempus
2330 3450 2542 3505 licebit.
2571 3451 2664 3505 Sic
2690 3459 2979 3519 postquam
3014 3465 3108 3505 eos
3139 3451 3232 3518 qui
3289 3449 3340 3502 ιιι
3381 3449 3679 3519 Babylonia

2091 3545 2288 3612 captivi
2345 3552 2521 3609 erant,
2572 3544 2759 3597 docuit
2807 3544 2969 3614 767
3016 3558 3137 3612 quae
3191 3542 3436 3597 docenda
3490 3554 3673 3607 erant,

2090 3635 2399 3691 subiudicat
2433 3637 2598 3690 Deum
2636 3636 2808 3690 factas
2862 3636 3258 3705 promissiones
3297 3633 3676 3701 repellentem,

2088 3735 2146 3781 et
2184 3727 2458 3782 dicentem
2489 3742 2502 3778 :
2537 3744 2554 3778 ι
2591 3725 2970 3796 Egojustitias
3002 3724 3284 3792 iudicabo.
3327 3743 3346 3778 ι
3384 3723 3518 3780 Vide
3546 3739 3679 3794 ergo

2089 3837 2274 3876 annon
2313 3836 2410 3890 per
2435 3821 2550 3875 lucc
2605 3819 2861 3874 Salvator
2887 3818 3136 3888 proprias
3185 3817 3532 3886 operationes
3582 3816 3679 3870 do-

2087 3924 2209 3967 ceat
2241 3915 2366 3967 dum
2396 3913 2461 3966 de
2485 3911 2650 3966 Patre
2680 3912 2796 3965 t'use
2830 3909 3065 3964 disserit.
3098 3908 3188 3961 Ait
3243 3909 3406 3978 igitur
3438 3925 3454 3963 :
3491 3927 3514 3960 ι
3541 3908 3682 3962 Nar-

2089 4006 2221 4060 rabo
2252 4005 2522 4060 mirabilia
2567 4014 2684 4067 tua,
2723 4004 2886 4065 Deus,
2943 4019 3066 4057 cum
3121 4015 3390 4068 accepero
3442 4015 3682 4072 synago-

2085 4114 2229 4166 gam.
2273 4116 2290 4148 ι
2328 4096 2626 4150 Pollicetur
2674 4093 2821 4148 enim
2863 4108 2924 4149 se
2965 4094 3018 4149 in
3065 4101 3312 4162 tempore
3363 4102 3683 4160 υμνοι-ωηο

2084 4189 2267 4242 omnia
2317 4187 2499 4242 Patris
2526 4185 2791 4240 mirabilia
2822 4194 3193 4240 narraturum.
3236 4180 3471 4238 .Iustitia:
3519 4198 3674 4236 natu-

2084 4297 2189 4352 que
2237 4294 2295 4336 et
2335 4281 2674 4335 rectitudinis
2715 4296 2856 4348 opus
2897 4288 3005 4343 est,
3061 4292 3168 4333 non
3227 4275 3441 4331 Jndatos
3494 4275 3671 4330 solum

2084 4373 2395 4439 admittere,
2433 4372 2528 4428 sed
2559 4374 2822 4427 omnibus
2864 4387 2932 4428 ex
2983 4370 3235 4442 gentibus
3280 4367 3673 4424 salvaudorutn

2082 4465 2400 4520 electionem
2436 4466 2646 4521 facere.

2160 4560 2319 4614 Vt-zns.
2356 4559 2411 4612 4.
2460 4559 2775 4630 Liquefacta
2816 4569 2892 4612 est
2934 4566 3078 4610 terra
3107 4564 3156 4608 et
3190 4569 3366 4609 unum
3392 4554 3483 4623 qui
3515 4551 3671 4605 habi-

2085 4661 2198 4704 tant
2224 4653 2276 4703 in
2307 4668 2390 4715 ea,
2428 4661 2534 4706 etc.
2566 4651 2790 4703 Terram
2815 4649 2950 4704 dicit
2975 4657 3225 4700 naturam
3264 4643 3671 4708 rationabilem,

2085 4760 2207 4814 ιιιιιιι
2238 4743 2524 4812 liquefacta
2557 4751 2644 4797 est
2671 4743 2738 4795 ab
2769 4741 2893 4808 igne
2928 4738 3187 4808 spiritali,
3221 4752 3386 4807 quem
3416 4736 3672 4790 Salvator

2085 4837 2233 4891 venit
2291 4838 2510 4890 mittere
2571 4836 2622 4892 in
2673 4843 2898 4889 terram.
2959 4830 3302 4900 Liquel‘actio
3360 4839 3540 4884 autem
3585 4838 3673 4882 est

2083 4929 2362 4996 separatio
2402 4929 2601 4983 anima:
2631 4944 2660 4980 a
2693 4927 2932 4991 malitia;
2981 4924 3123 4993 ignis
3158 4939 3289 4979 vero
3321 4921 3668 4977 intellectua-

2085 5021 2169 5086 lis,
2207 5020 2511 5076 Salvatoris
2541 5021 2789 5076 doctrina
2814 5031 2897 5074 est
2937 5017 3224 5087 spiritalis,
3249 5032 3371 5085 qtae
3399 5016 3665 5070 malitiam

2078 5124 2132 5168 et
2161 5115 2429 5168 inscitiam
2459 5114 2743 5184 dispertiit.

2149 5204 2281 5259 Imp.
2331 5204 2444 5275 Ego
2488 5205 2800 5273 conﬁrmavi
2849 5205 3123 5259 columnas
3175 5201 3310 5271 ejus,
3367 5210 3476 5257 etc.
3549 5201 3668 5256 εΕι

2077 5311 2206 5350 cum
2253 5297 2664 5366 cognovissent,
2719 5297 2898 5366 inquit
2948 5293 3245 5364 Apostolus
3303 5292 3378 5358 ⁸⁷,
3428 5291 3662 5361 gratiast

2094 5669 2106 5682 η
2144 5598 2259 5682 (tu)
2293 5596 2424 5665 Γῆν
2446 5598 2632 5666 λέγει,
2673 5605 2779 5652 etc.
2803 5595 2880 5649 Ex
2907 5594 3098 5650 eodem
3129 5593 3320 5648 codice
3349 5600 3404 5647 et
3440 5590 3660 5652 schedia

2069 5668 2396 5808 “fmilia!
2439 5743 2705 5810 γνόντες,
2745 5748 2847 5793 etc.
2880 5737 2921 5794 E
2950 5737 3134 5794 codice
3180 5734 3406 5792 Coislin.
3451 5735 3656 5804 primo,

2073 5819 2126 5866 et
2155 5813 2372 5868 scltcdis
2402 5813 2615 5867 Gralzii.
