4106 6398
392 371 524 426 1557

1317 359 1624 414 SEIECTA
1669 357 1732 410 ΕΝ
1775 356 2112 412 PSALMOS.
2149 389 2213 399 --
2251 358 2447 414 PSAL.
2492 358 2722 418 LXXVI.

3507 369 3530 423 1
3545 371 3646 424 553

387 486 535 545 τῶν,
567 502 620 538 κ.
659 501 707 538 τ.
762 485 807 536 ἐ..
848 482 922 534 Δι’
959 481 988 533 ὃ
1027 478 1206 542 καλῶς
1258 479 1369 548 (18)
1426 477 1718 547 παρεγγυᾷ
1753 479 1780 528 ό
1814 475 1976 543 σοφὸς

2085 477 2429 545 Quapropter
2499 477 2722 545 pulchre
2795 478 3008 544 sapiens
3057 477 3312 534 Salomon
3383 480 3648 548 hortatur,

388 574 665 645 Σολομὼν,
700 593 716 624 t
742 573 834 644 Μὴ
855 571 957 642 δῷς
983 571 1167 633 ὕπνον,
1198 570 1391 638 λέγων,
1430 573 1541 631 σοῖς
1573 570 1804 639 ὄμμασι,
1849 571 1969 638 μηδ’

386 666 747 738 ἐπινυστάξῃς
774 667 886 727 σοῖς
921 664 1238 733 βλεφάροις,
1269 662 1356 713 ἵνα
1383 660 1530 730 σώζῃ
1557 660 1745 731 ὥσπερ
1772 659 1968 731 δορκάς

387 762 451 810 ἐκ
477 757 707 829 βρόχων,
741 757 834 809 καὶ
861 754 1052 825 ὥσπερ
1077 755 1261 823 ὄρνεον
1290 755 1354 804 ἐκ
1395 752 1634 818 παγίδος.
1665 772 1681 802 ι

461 851 572 903 Τοῦ
601 849 807 903 αὑτοῦ.
840 847 1030 909 Οὕτως
1048 847 1238 917 ἄνδρες
1271 846 1501 899 πλούτου
1527 846 1657 916 (l9),
1677 844 1752 907 ὡς
1781 845 1969 915 ἄνδρες

388 939 653 1009 αἱμάτωψ
696 940 744 990 oi
790 937 898 1007 γὰρ
950 937 1165 1007 ἔχοντες
1207 935 1277 988 τὰ
1323 936 1469 1006 πάθη
1523 935 1734 1005 ἄνδρες,
1766 934 1968 987 τούτων

387 1031 493 1083 τῶν
524 1029 712 1082 παθῶν
747 1029 1121 1098 ὀνομάζονται.

471 1118 846 1182 Ἐνύσταξαν
877 1121 928 1170 οἱ
975 1116 1392 1182 ἐπιϐεϐηκότες
1432 1114 1574 1179 τοὺς
1609 1114 1864 1178 ἵππους,
1910 1131 1962 1166 κ.

388 1231 436 1267 τ.
475 1214 519 1266 ὲ.
567 1214 628 1264 Ol
671 1211 922 1280 δαίμονες
985 1207 1096 1279 (20)
1159 1207 1575 1270 ὲπικαθέζονται
1625 1207 1811 1269 ἵπποις
1874 1207 1968 1259 καὶ

389 1304 656 1374 ἡμιόνοις,
685 1296 765 1363 οἷς
788 1300 887 1351 οὐκ
914 1299 1027 1350 ἔστι
1072 1297 1306 1360 σύνεσις,
1349 1296 1748 1364 ἀναγκάζοντες
1773 1297 1968 1360 αὐτοὺς

389 1395 457 1446 τὰ
486 1393 591 1445 τῶν
626 1391 834 1458 ἀλόγων
869 1389 1021 1452 ζώων
1049 1391 1312 1458 ἐνεργεῖν.
1339 1386 1524 1441 ’Ὶπποι
1557 1387 1612 1439 δὲ
1638 1388 1732 1440 καὶ
1756 1387 1968 1457 ἡμίονοι

391 1484 664 1552 ἄνθρωποί
691 1484 828 1534 εἰσιν
866 1480 1154 1550 ἐμπαθεῖς,
1185 1482 1268 1548 ἐφ’
1298 1479 1333 1533 ὃ.
1375 1480 1448 1550 μὴ
1487 1479 1587 1542 δεῖ,
1629 1479 1841 1546 ἀλόγως
1875 1496 1970 1547 φε-

394 1577 648 1647 ρόμενοι,
680 1573 776 1628 καὶ
824 1573 1241 1644 χρεμετίζοντες
1293 1573 1386 1626 ἐπὶ
1433 1573 1553 1635 ταῖς
1599 1571 1816 1640 γυναιξὶ
1861 1571 1968 1625 τῶν

394 1666 498 1736 πλη
509 1665 639 1718 σίον.

461 1757 691 1823 Πάντες
727 1760 780 1812 οἱ
819 1758 1023 1824 κύκλῳ
1055 1756 1240 1810 αὑτοῦ
1282 1754 1523 1808 οἴσουσι
1561 1752 1719 1821 δῶρα
1760 1751 1841 1817 τῷ
1868 1770 1972 1822 ερο-

2080 569 2266 622 dicens
2290 567 2334 600 ιθ
2362 587 2373 620 :
2408 585 2425 618 t
2457 567 2533 620 Ne
2577 569 2790 622 dederis
2819 584 3064 624 somnum
3107 571 3280 625 oculis
3319 572 3426 624 luis
3459 580 3512 624 et
3540 573 3642 642 pnl~

2079 661 2262 727 pebris
2281 661 2386 714 tuis
2409 661 2877 726 dormitationem,
2903 675 2962 716 ut
2993 665 3219 720 salvcris
3247 668 3400 735 quasi
3436 669 3651 720 damula

2077 750 2142 804 de
2170 751 2376 820 laqueis
2401 761 2452 806 et
2481 753 2633 821 quasi
2684 755 2803 807 avis
2828 770 2890 807 cx
2919 756 3185 824 decipulo.
3226 777 3245 809 ι

2151 841 2424 909 Ejusdem.
2471 844 2542 894 Ita
2580 843 2680 895 viri
2717 844 3073 910 divitiarum,
3123 848 3262 900 sit-nt
3296 848 3394 900 viri
3430 851 3650 915 sangui-

2077 947 2203 983 nntn
2240 949 2254 983 :
2294 934 2536 1002 naman
2580 935 2775 988 habent
2824 935 3051 991 allectus
3077 977 3091 1001 ,
3154 939 3256 992 viri
3292 939 3484 994 borum
3520 941 3646 994 ειη-ρ-

2074 1032 2255 1076 ctuum
2289 1024 2656 1078 nominantur.

2148 1111 2312 1168 Vens.
2339 1115 2393 1166 ’7.
2421 1113 2847 1168 Dormitaverunt
2872 1117 2960 1184 qui
2981 1119 3318 1172 ascenderunt
3338 1138 3514 1190 equos,
3539 1133 3646 1178 etc.

2077 1205 2360 1260 Dmmones
2391 1206 2630 1260 insideant
2659 1209 2815 1274 equis
2859 1219 2914 1261 et
2960 1210 3121 1263 mulis
3148 1251 3160 1272 ,
3209 1213 3404 1279 quibus
3438 1231 3540 1267 non
3567 1224 3650 1267 est

2077 1295 2400 1358 intellectus,
2426 1295 2548 1348 dum
2581 1290 2724 1364 ipsas
2763 1307 2961 1365 cogunt
2992 1299 3161 1352 instar
3193 1301 3646 1356 irrationabilium

2075 1388 2388 1440 animalium
2421 1389 2658 1456 cperari.
2723 1389 2857 1457 Equi
2905 1402 3083 1444 autem
3129 1402 3181 1444 et
3225 1393 3352 1446 muli
3403 1394 3650 1448 homines

2074 1489 2202 1534 sunt
2228 1481 2425 1549 quibus
2460 1481 2646 1534 insunt
2670 1479 2921 1547 all‘ectus,
2961 1484 3167 1553 quique
3203 1486 3266 1537 ad
3306 1501 3366 1539 ea
3395 1501 3511 1553 qum
3545 1501 3646 1538 non

2073 1580 2313 1639 oportet,
2357 1572 2803 1628 irrationabiliter
2851 1574 3126 1641 feruntur,
3175 1587 3229 1631 et
3286 1578 3533 1631 hinuiuut
3583 1581 3648 1631 ad

2077 1681 2274 1721 uxores
2309 1669 2540 1736 proximi
2574 1671 2681 1725 sui.

2144 1766 2310 1819 Vens.
2347 1763 2561 1828 12,15.
2615 1767 2820 1828 ,ἱοηιηεδ
2877 1763 2930 1815 in
2981 1762 3200 1814 circuitu
3254 1760 3369 1828 cjus
3421 1760 3642 1829 aﬂ'ercnt

394 1848 572 1916 ϐερῷ,
632 1850 732 1904 καὶ
790 1848 1204 1923 ἀφαιρουμένῳ
1263 1847 1570 1916 πνεύματα
1623 1845 1931 1914 ἀρχόντων
1957 1883 1972 1908 ,

2079 1871 2292 1908 munera
2321 1854 2562 1917 terribili,
2585 1863 2633 1906 et
2665 1853 2712 1907 ei
2735 1854 2823 1922 qui
2843 1852 3013 1920 aufert
3049 1851 3289 1918 spiritum
3321 1850 3644 1917 principum.

393 1939 619 2008 φοϐερῷ
669 1940 829 2009 παρὰ
867 1941 990 2006 τοῖς
1021 1940 1355 2004 ,ϐασιλεῦσι
1396 1939 1507 2006 τῆς
1553 1937 1693 2008 γῆς,
1729 1955 1784 1991 κ.
1831 1955 1884 1991 τ.
1925 1937 1972 1990 ἑ.

407 2031 745 2102 ’Λφαιρεῖται
776 2031 1062 2104 πνεύματα
1093 2031 1203 2102 (21)
1237 2031 1511 2102 ἀρχόντων
1541 2031 1568 2082 ὁ
1602 2028 1831 2099 φοϐερὸς
1867 2028 1975 2082 τῶν

397 2123 660 2192 βασιλέων
691 2127 788 2196 τῆς
821 2127 942 2196 γῆς.
977 2126 1202 2196 Πνεῦμα
1232 2127 1288 2179 δὲ
1321 2125 1594 2197 ἀρχόντων
1628 2123 1775 2175 ἐστὶν
1791 2123 1848 2174 ἐν
1864 2124 1976 2186 τοῖς

395 2219 715 2289 ἀρχομένοις
748 2219 852 2272 ὑπὸ
888 2220 996 2272 τῶν
1052 2220 1325 2292 ἀρχόντων
1376 2217 1473 2271 τοῦ
1517 2217 1711 2279 αἰῶνος
1761 2214 1970 2268 τούτου.

397 2311 618 2380 Πνεῦμα
639 2312 695 2364 δὲ
722 2312 817 2364 τοῦ
847 2312 1106 2384 ἄρχοντος
1139 2311 1232 2364 τοῦ
1274 2311 1466 2374 αἰῶνος
1491 2309 1680 2362 τούτου
1708 2303 1776 2378 ἦν
1805 2307 1896 2360 καὶ
1921 2309 1977 2359 ὲν

407 2404 575 2476 Ἰούδᾳ
607 2406 685 2476 τῷ
712 2405 1010 2477 προδιδόντι
1043 2405 1134 2457 τὸν
1176 2403 1398 2474 Ἰησοῦν.
1434 2401 1666 2471 Φοϐερὸς
1693 2400 1749 2452 δὲ
1774 2398 1980 2460 τούτοις

395 2498 506 2556 τοῖς
548 2495 821 2565 πνεύμασι
851 2497 1141 2566 γενόμενος
1168 2496 1196 2547 ὁ
1222 2492 1433 2564 Σωτὴρ,
1464 2493 1689 2564 ἀφαιρεῖ
1707 2489 1841 2544 αὐτὰ
1872 2487 1980 2543 ἀπὸ

399 2585 765 2657 ἐνεργούντων
801 2580 844 2655 ᾧ
871 2587 1031 2650 αὐτὸς
1059 2583 1166 2639 οἶδε
1200 2585 1397 2656 καιρῷ,
1434 2584 1521 2637 ἵνα
1545 2583 1979 2654 μετανοήσωσιν.

399 2675 553 2727 Οὕτω
580 2676 636 2728 δὲ
671 2676 765 2729 καὶ
805 2676 1034 2746 φοϐερός
1072 2676 1188 2727 ἐστι
1219 2673 1370 2744 παρά
1403 2675 1513 2734 τοῖς
1546 2668 1822 2741 βασιλεῦσι
1882 2667 1981 2736 τῆς

397 2763 520 2834 γῆς,
555 2766 682 2836 περ)⁸
715 2758 789 2818 ὧν
813 2766 1062 2836 εἴρηται·
1100 2783 1117 2816 t
1153 2763 1510 2835 Παρεστησαν
1542 2764 1591 2814 οἱ
1617 2757 1854 2818 ϐασιλεῖς
1881 2755 1979 2826 τῆς

397 2871 521 2926 γης.
565 2876 583 2909 ι

960 3038 1252 3091 ΨΛΛΜΟΣ
1291 3037 1422 3094 OC'.

467 3126 642 3195 Φωνῇ
661 3144 779 3196 μου
813 3125 964 3193 πρὸς
986 3126 1205 3194 Κύριον
1231 3119 1523 3189 ἐκέκραξα
1546 3159 1561 3185 ,
1607 3114 1705 3169 καὶ
1736 3116 1774 3182 ἡ
1807 3110 1973 3183 φωνή

398 3236 510 3286 μου
541 3218 689 3285 πρὸς
719 3218 828 3270 τὸν
867 3217 1032 3281 Θεὸν,
1082 3216 1182 3270 καὶ
1221 3214 1525 3283 προσέσχε
1555 3227 1690 3280 μοι,
1731 3225 1784 3260 κ.
1821 3224 1871 3258 τ.
1927 3205 1971 3257 ὲ.

403 3311 530 3361 Ὅτε
567 3310 715 3361 πᾶσα
757 3308 907 3378 φωνὴ
952 3307 1062 3378 (22)
1096 3306 1251 3378 ἡμῶν
1302 3303 1440 3357 κατὰ
1489 3302 1620 3354 Θεόν
1671 3303 1821 3362 ἐστι,
1854 3297 1976 3350 τότε

401 3400 537 3452 ἐπὰν
579 3399 801 3469 γένηται
839 3399 975 3469 πρὸς
1015 3398 1174 3452 αὑτὸν
1212 3398 1244 3467 ἡ
1280 3395 1430 3464 φωνὴ
1480 3393 1636 3464 ἡμῶν
1661 3433 1676 3457 ,
1721 3390 1977 3460 προσέχει

401 3491 531 3559 ἡμῖν
563 3488 822 3558 ἀμίαντον
845 3488 1029 3558 ἔχουσι
1054 3487 1151 3558 τὴν
1179 3487 1382 3556 φωνήν.

485 3582 580 3632 Ἐν
600 3580 787 3649 ἡμέρᾳ
821 3579 1080 3648 θλίψεως
1107 3596 1226 3648 μου
1278 3577 1385 3630 τὸν
1439 3575 1590 3629 Θεὸν
1629 3572 1978 3640 ἑξεζήτησα,

404 3689 458 3726 κ.
488 3689 542 3725 τ.
569 3672 614 3724 ἑ.
647 3671 744 3723 Διά
763 3671 862 3740 τῆς
893 3670 1204 3742 πρακτικῆς
1233 3668 1343 3740 (25)
1381 3669 1439 3721 ὲν
1466 3666 1543 3738 τῷ
1580 3666 1673 3718 νῦν
1706 3665 1861 3718 αἰῶνι
1892 3663 1981 3716 τὸν

404 3763 537 3816 Θεὸν
569 3762 798 3834 ἐκζητοῦ
807 3780 926 3834 μεν.

479 3851 590 3906 Τοῦ
620 3851 826 3906 αὐτοῦ.
867 3851 1046 3920 Ἀγίου
1075 3850 1136 3904 τὸ
1159 3849 1271 3920 (24)
1313 3851 1371 3902 ὲν
1405 3847 1754 3919 περιστάσεσι
1784 3845 1857 3916 μὴ
1893 3844 1982 3896 οο-

405 3944 647 4007 ).οῦσοαι,
672 3943 785 3996 ἀλλ’
815 3941 1064 4013 ὲκζητεῖν
1102 3941 1192 3993 τὸν
1233 3940 1384 3993 Θεόν.

489 4035 855 4104 Ἀπηνήνίιτο
914 4031 1372 4102 παρακληθῆναι
1429 4031 1468 4098 ἡ
1529 4027 1699 4097 Ψυχή
1730 4044 1883 4097 μου·
1927 4026 1985 4078 ἐ·

405 4127 685 4197 μνήσθητι·
715 4126 818 4180 τοῦ
852 4125 1021 4187 Θεοῦ,
1055 4141 1109 4178 κ.
1148 4140 1197 4176 τ.
1228 4123 1274 4176 ὲ.
1307 4121 1371 4172 Ἦ
1397 4119 1528 4191 μηδὲ
1550 4118 1647 4188 τὴν
1675 4115 1846 4186 ἀρχὴν

409 4223 722 4294 λυπουμένη
751 4221 896 4292 ψυχὴ
924 4219 1016 4271 ἐπὶ
1049 4220 1160 4280 τοῖς
1187 4216 1531 4285 πειρασμοῖς,
1559 4212 1635 4275 ὡς
1667 4210 1740 4281 μὴ
1757 4209 1984 4279 δεομένη

409 4314 825 4386 παρακλήσεως,
856 4309 1206 4365 ἀπαναίνεται
1241 4305 1676 4380 παρακληθῆναι.

2074 1948 2296 2001 terribili
2357 1949 2498 2016 apud
2556 1963 2698 2016 reges
2755 1955 2933 2009 terrre,
2982 1953 3090 1999 etc.
3145 1941 3336 1994 Aufert
3397 1941 3643 2010 spiritum

2074 2042 2378 2111 principum
2418 2039 2676 2094 terribilis
2707 2053 2892 2108 regum
2928 2047 3108 2092 terrm.
3159 2037 3394 2107 Spiritus
3439 2034 3645 2101 princi-

2072 2147 2197 2201 pum
2233 2142 2318 2186 est
2364 2133 2416 2185 in
2461 2131 2527 2184 iis
2567 2131 2657 2198 qui
2713 2128 3079 2196 subjiciuntur
3125 2126 3462 2196 principibus
3491 2120 3648 2189 hujus

2071 2223 2278 2279 saeculi.
2305 2222 2546 2292 Spiritus
2580 2219 2846 2289 principis
2893 2219 3075 2274 saeculi
3127 2217 3289 2284 hujus
3335 2222 3448 2269 erat
3483 2214 3645 2268 etiam

2073 2317 2126 2369 in
2152 2314 2289 2369 Juda
2322 2314 2412 2382 qui
2442 2313 2624 2368 Jesum
2655 2310 2912 2380 prodidit.
2967 2307 3248 2362 Terribilis
3285 2314 3464 2360 autem
3500 2304 3652 2357 hisce

2072 2405 2357 2474 spiritibus
2391 2405 2568 2458 lactus
2598 2401 2852 2456 Salvator
2883 2413 2979 2452 eos
3013 2407 3254 2466 tempore
3297 2394 3398 2448 sibi
3431 2401 3557 2447 noto
3584 2392 3652 2444 ab

2071 2496 2423 2567 operantibus
2451 2492 2649 2558 aufert,
2677 2500 2731 2546 ut
2752 2490 3125 2560 paenitentiam
3155 2495 3340 2558 agant.
3367 2486 3458 2539 Sic
3488 2483 3650 2538 etiam

2083 2588 2344 2644 terribilis
2372 2595 2456 2642 est
2482 2589 2621 2656 apud
2660 2598 2820 2653 reges
2866 2592 3046 2646 terrae,
3099 2580 3165 2636 de
3207 2578 3403 2650 quibus
3451 2578 3652 2632 dictum

2083 2691 2170 2738 est
2199 2681 2248 2714 '°
2285 2698 2302 2736 :
2332 2697 2352 2732 t
2377 2680 2684 2736 Astiterunt
2718 2689 2872 2746 reges
2901 2683 3078 2728 teme.
3109 2690 3128 2724 ι

2473 3009 2636 3082 769
2665 3005 2985 3062 PSALMUS
3035 3005 3269 3061 Lxxw.

2155 3109 2314 3162 Vnus.
2367 3105 2416 3160 l.
2484 3102 2620 3157 Voce
2651 3117 2763 3154 mea
2795 3102 2863 3153 ad
2889 3101 3174 3154 Dominum
3211 3100 3452 3163 clamavi,
3475 3111 3524 3154 et
3559 3118 3660 3156 vox

2079 3217 2197 3254 mea
2235 3198 2303 3251 ad
2342 3194 2528 3251 Deum,
2559 3203 2606 3245 et
2639 3191 2861 3244 intendit
2891 3191 3042 3252 milii,
3101 3201 3206 3245 etc.
3260 3190 3486 3255 Quando
3543 3202 3654 3246 tota

2079 3301 2266 3350 nostra
2300 3305 2400 3344 vox
2437 3287 2503 3340 ad
2528 3287 2690 3340 Deum
2723 3296 2826 3349 est,
2858 3293 3010 3352 tunc,
3044 3300 3166 3338 cum
3201 3287 3266 3337 ad
3297 3285 3464 3338 Deum
3501 3283 3662 3341 fuerit

2080 3400 2184 3438 vox
2216 3389 2396 3436 nostra
2423 3420 2437 3443 ,
2473 3377 2705 3433 intendit
2737 3377 2894 3430 nobis
2929 3377 3302 3430 intemeratum
3341 3390 3522 3429 vocem
3558 3376 3655 3429 ba-

2080 3476 2355 3530 bentibus.

2153 3567 2318 3620 Vens.
2369 3567 2422 3620 5.
2485 3562 2550 3616 1η
2589 3563 2675 3616 die
2709 3558 3068 3613 tribulationis
3105 3575 3232 3612 mea:
3278 3558 3441 3612 Deum
3479 3560 3659 3624 amni-

2083 3661 2200 3725 sivi,
2232 3670 2339 3714 etc.
2399 3654 2669 3725 Operibus
2726 3651 2930 3706 nostris
2989 3653 3153 3706 Deum
3208 3652 3259 3704 in
3313 3651 3417 3704 hoc
3463 3650 3661 3704 szeculu

2083 3751 2439 3823 exquirimus.

2157 3843 2433 3911 Ejusdem.
2470 3837 2526 3892 In
2575 3835 2819 3891 adversis
2875 3850 2982 3888 non
3049 3834 3295 3898 turbari,
3350 3834 3443 3887 sed
3493 3832 3660 3887 Deum

2085 3935 2395 4003 exquirere,
2421 3931 2596 3985 sancti
2637 3937 2741 3982 est.

2159 4027 2318 4081 Vsus.
2342 4025 2392 4087 5,
2415 4023 2468 4075 4.
2507 4023 2693 4074 [ienuit
2716 4019 2979 4075 consolari
3001 4017 3177 4071 anima
3204 4033 3339 4069 mea.
3367 4016 3664 4084 Mentor-51m

2088 4120 2205 4184 Dei,
2235 4129 2343 4174 etc.
2373 4117 2565 4169 Anima
2597 4129 2717 4182 qute
2741 4111 2886 4166 nulla
2917 4112 2969 4165 in
3009 4109 3401 4164 lentatiunibus
3436 4109 3659 4161 tristitia

2087 4209 2340 4273 afficitur,
2375 4205 2554 4261 renuit
2591 4203 2884 4269 consolari,
2919 4201 3118 4270 quippe
3146 4215 3267 4269 qua:
3294 4197 3664 4253 consolatione

2089 4316 2194 4354 non
2225 4298 2484 4367 indigeat.

485 4407 597 4462 Τοῦ
633 4406 838 4460 αὐτοῦ.
866 4405 1030 4458 Οὐδὲν
1063 4401 1205 4455 οὕτω
1239 4401 1348 4470 (26)
1383 4395 1691 4469 παρακαλεῖ
1712 4393 1887 4465 ψυχὴν
1911 4393 1976 4458 ὡς

2167 4392 2442 4461 Ejusdem.
2477 4387 2618 4442 Nihil
2642 4399 2797 4455 mque
2835 4383 3068 4436 animam
3114 4379 3426 4434 consolatur
3466 4393 3528 4430 ac
3556 4393 3666 4430 me-

413 4501 601 4572 μνήμη
632 4497 788 4552 Θεοῦ.

481 4589 1002 4659 Προκιιτελάϐοντο
1050 4583 1328 4656 φυλακὰς
1371 4583 1424 4634 οἱ
1481 4577 1780 4647 ὀφθαλμοί
1817 4592 1936 4644 μου
1969 4613 1984 4638 ,

414 4701 464 4736 ιι.
499 4701 546 4735 τ.
585 4684 631 4735 ὲ.
666 4680 835 4735 Τοῦτο
857 4677 1143 4751 γνώρισμά
1162 4675 1270 4747 (27)
1290 4675 1406 4726 ἐστι
1432 4669 1632 4738 πολλῆς
1661 4666 1986 4738 ἀγρυπνίας.

499 4774 885 4842 Ἐταράχοην,
921 4772 1017 4824 καὶ
1057 4771 1165 4823 οὐκ
1203 4767 1509 4832 ἐλάλησα,
1546 4779 1600 4814 κ.
1637 4779 1684 4814 τ.
1722 4761 1768 4813 ἑ.
1815 4759 1872 4812 ⁸0
1905 4776 1989 4810 κι-

424 4867 601 4936 νηθεὶς
644 4865 740 4938 μὲν
770 4864 880 4935 (28)
935 4862 1041 4916 ὑπὸ
1063 4860 1252 4933 ὀργῆς,
1282 4859 1315 4930 ἢ
1349 4856 1544 4926 λύπης,
1576 4854 1610 4924 ἢ
1633 4853 1740 4905 τῶν
1768 4851 1992 4914 λοιπῶν,

420 4957 923 5030 ἐγκρατευσάμενος
949 4955 1006 5008 δὲ
1030 4953 1195 5025 μηδὲν
1223 4950 1330 5004 ἀπὸ
1358 4948 1548 5021 ὀργῆς,
1569 4947 1604 5020 ἢ
1627 4945 1822 5016 λύπης,
1855 4946 1886 5015 ἦ
1912 4962 1992 4998 τι-

413 5065 503 5111 νος
537 5047 645 5100 τῶν
670 5047 876 5112 παθῶν,
909 5045 1050 5097 εἴποι
1071 5043 1188 5098 ἄν’(
1213 5040 1562 5113 Ἐταράχοην,
1587 5037 1682 5090 καὶ
1727 5036 1827 5088 οὐκ
1869 5034 1994 5088 ἐλά-

413 5137 577 5210 λησα.
618 5158 638 5191 ι

487 5256 533 5287 δ’
558 5255 717 5310 Prov.
743 5269 818 5316 vt,
852 5252 966 5318 4,5.
1039 5250 1085 5282 ⁸ο
1134 5248 1278 5303 Psal.
1311 5263 1369 5314 ιι,
1406 5245 1461 5300 2.

488 5371 601 5438 (l8)
636 5373 714 5426 Δι’
747 5370 777 5423 ὃ
802 5367 1021 5432 καλῶς,
1049 5375 1154 5419 etc.
1172 5363 1351 5438 Codex
1374 5360 1735 5438 Coislinianus
1757 5357 1985 5427 primus.

493 5429 607 5515 (19')
640 5442 842 5515 Οὕτως
866 5429 1082 5504 ἄνδρες
1115 5434 1403 5515 πλούξοιρ,
1432 5440 1537 5515 etc:
1570 5429 1740 5515 idem.

493 5497 604 5587 (ξύ)
648 5515 712 5566 Οἱ
745 5497 1073 5578 δαὶμονὲςί
1101 5516 1206 5558 etc.
1255 5501 1437 5557 Codex
1488 5497 1856 5553 Coisliuianus
1902 5509 1989 5549 se-

421 5602 451 5622 “
636 5621 650 5636 ο

427 5591 630 5726 vuig)?
652 5649 993 5726 Ἀφαιρςῖται
1029 5643 1493 5726 “www.9-
1514 5636 1820 5726 3.9%-.-"

496 5704 608 5796 (22)
635 5704 772 5776 ’Ὄὶέ
797 5704 962 5776 ἇεᾱσα
989 5704 1313 5784 φωνήξυιιι.
1346 5708 1389 5763 E
1428 5708 1614 5763 codice
1655 5704 1990 5760 Coisliniano

424 5797 682 5854 secundo.

2094 4485 2264 4539 moria
2292 4482 2406 4536 Dei.

2165 4573 2327 4628 Vens.
2365 4573 2420 4627 5.
2470 4571 2900 4640 Anticipaverunt
2937 4563 3146 4634 vigilias
3193 4560 3332 4615 oculi
3379 4560 3501 4621 mei,
3558 4566 3663 4614 etc.

2097 4667 2276 4723 Multa:
2310 4662 2739 4736 pervigilationis
2760 4657 2900 4713 istud
2937 4655 3194 4711 indicium
3235 4662 3336 4708 est.

2169 4759 2303 4814 lum.
2367 4755 2631 4809 Turbatus
2678 4767 2814 4816 sunt,
2855 4757 2903 4804 et
2943 4763 3046 4803 non
3096 4761 3212 4799 sum
3265 4744 3494 4805 locutus,
3562 4750 3666 4794 etc.

2093 4851 2196 4918 Qui
2231 4851 2300 4904 ab
2327 4851 2405 4901 ira
2442 4845 2658 4916 quidem
2703 4852 2796 4897 aut
2824 4839 3045 4896 tristitia
3079 4847 3172 4891 aut
3207 4835 3430 4903 reliquis
3465 4833 3671 4886 alie-tti-

2095 4941 2196 4994 bus
2245 4949 2515 5002 movetur,
2551 4952 2656 4991 non
2709 4932 2946 4987 abstinet
2993 4944 3125 4984 vero
3182 4941 3240 4982 se
3290 4927 3358 4980 ab
3417 4925 3518 4988 ira,
3578 4932 3671 4975 aut

2099 5032 2338 5097 tristitia,
2390 5039 2484 5083 aut
2525 5027 2630 5081 alio
2681 5024 2926 5095 quolibet
2959 5020 3178 5084 aﬂ‘ecw,
3234 5019 3416 5073 dicere
3462 5016 3668 5085 possit:

2112 5145 2130 5178 ι
2161 5124 2433 5180 Turbatus
2461 5136 2606 5184 sum,
2635 5128 2689 5173 et
2719 5134 2826 5172 non
2855 5130 2974 5170 sum
3005 5115 3238 5169 locutus.
3264 5129 3284 5163 ι

2169 5351 2281 5422 (25)
2312 5343 2544 5412 Διίιτῆς
2579 5335 2946 5409 πρακτικῆς,
2985 5345 3092 5390 etc.
3129 5333 3172 5389 E
3211 5325 3540 5384 Coisliuiano
3563 5323 3674 5392 pri-

2100 5438 2286 5558 m((.2lt)
2329 5485 2530 5558 Ἀγίου
2550 5483 2653 5558 τό,
2686 5491 2791 5558 etc.
2827 5472 3224 5558 E'Coislinia‘no
3256 5464 3515 5558 seleuntlo.

2174 5540 2286 5629 (25)
2329 5540 2712 5629 ᾘξμηδὲητὴν
2739 5543 2971 5629 ἁρχῄὶνλ
2989 5554 3093 5629 etc.
3220 5540 3431 5629 (HM-leni".

2174 5609 2495 5701 Οἰιᾷὲνί
2531 5609 2702 5701 οὕτω,
2733 5609 3265 5701 etc.E‘Coisliuiatlu)
3299 5609 3494 5674 primo.

2312 5693 2490 5748 Τοῦτο
2516 5680 2840 5772 γνῴρισέια,
2876 5683 3089 5772 etc.nl‘l[.~‘t
3117 5680 3328 5772 eo'detn.

2313 5741 2378 5817 τό
2681 5741 2949 5826 [ὠνίοις.
2978 5753 3018 5806 Ε
3047 5748 3380 5805 Coisliniano
3415 5741 3672 5799 secundo.
