4106 6402
456 363 479 416 1
492 363 597 417 539

1817 355 1906 412 EX
1940 353 2245 412 ORIGENE

3606 361 3746 414 1540

528 481 694 536 Vnus.
726 481 780 537 6.
821 480 1063 552 Cogitavi
1097 481 1209 535 dies
1240 480 1489 551 antiquos
1530 488 1578 535 et
1623 493 1791 534 annos
1818 490 2043 534 a’ternos

2218 473 2655 545 Διε.ίογισάμην
2690 476 2914 546 ἡμέρας
2951 477 3206 546 ἀρχαίας
3240 494 3336 532 και
3386 479 3490 546 ἐτη
3531 477 3747 531 αἰώνια

459 575 510 626 in
534 582 706 627 mente
733 574 915 639 habui,
942 583 1048 628 etc.
1077 573 1176 639 Qui
1208 574 1412 628 incerta
1436 581 1488 626 ct
1504 573 1717 628 occulta
1743 572 1837 627 Dei
1869 573 2040 636 novit,

455 665 505 719 is
544 673 600 720 et
643 666 1044 735 prmteritorum
1091 666 1440 730 szeculorutu,
1493 675 1547 721 et
1605 679 1794 721 eorum
1843 666 1934 736 qui
1986 667 2038 720 in

455 755 587 824 ipsis
621 766 747 810 sunt
778 772 1092 822 annorum,
1145 773 1246 814 nec
1296 773 1400 814 non
1451 760 1802 828 antiquorqu
1829 758 2039 812 dierum

451 863 518 900 ex
552 848 752 916 quibus
784 851 911 904 anui
944 852 1339 914 constiterunt,
1381 851 1700 906 memoriam
1735 851 1918 904 habet.

525 937 687 994 Vens.
721 943 774 996 7.
821 941 990 996 Nocte
1036 959 1154 996 cum
1211 944 1368 996 corde
1416 959 1530 996 meo
1577 942 1931 1004 exercitabar,
1992 951 2042 995 et

451 1032 742 1086 sarriebam
772 1035 1020 1102 spiritum
1052 1051 1247 1099 meum,
1279 1042 1389 1087 etc.
1427 1033 1592 1099 Quasi
1627 1034 1834 1088 diceret
1862 1050 1875 1085 :
1915 1032 2039 1102 Spi‘

453 1123 559 1176 ritu
585 1133 638 1175 et
667 1133 851 1180 mente
885 1127 1250 1181 exercitahar.

525 1213 690 1268 Vnus.
729 1213 780 1270 9.
814 1216 918 1268 Aut
943 1217 996 1268 in
1022 1216 1181 1284 ﬁnem
1206 1215 1625 1269 misericordiam
1647 1227 1800 1267 suam
1836 1214 2042 1267 abscin-

449 1299 578 1351 det?
627 1309 733 1356 etc.
797 1302 921 1370 Ipso
975 1304 1134 1372 quasi
1187 1304 1545 1358 abscindeute
1604 1301 2038 1357 misericordiam

447 1403 600 1444 suam
631 1408 659 1446 a
693 1395 996 1460 nonnullis,
1040 1397 1248 1451 dictum
1290 1405 1375 1450 cst
1403 1397 1529 1450 alibi
1562 1397 1606 1430 "
1636 1416 1650 1452 :
1684 1417 1704 1452 ι
1753 1397 2038 1455 Ρηιξιθηίίο

448 1480 879 1539 misericordiam
926 1495 1073 1540 tuam
1113 1487 1420 1541 scientibus
1449 1496 1519 1541 te.
1551 1502 1571 1539 ι

521 1570 688 1627 Vens.
721 1575 808 1628 11.
841 1574 906 1628 Et
932 1577 1066 1642 dixi,
1087 1575 1236 1630 Nunc
1271 1577 1405 1646 coepi
1434 1590 1452 1630 :
1477 1579 1589 1632 hac
1611 1579 1837 1632 mulatio
1859 1578 2037 1635 dexte-

447 1682 521 1720 ra:
545 1666 778 1735 Excelsa“,
810 1679 917 1724 etc.
947 1668 1234 1738 Nunquam
1265 1670 1451 1741 cmpit,
1482 1671 1608 1726 licet
1631 1671 1949 1728 clamaverit
1971 1675 2037 1729 ad

450 1759 638 1824 Deum,
676 1769 729 1813 et
758 1761 808 1812 in
839 1762 926 1814 die
959 1761 1332 1816 tribulationis
1366 1776 1489 1818 eum
1541 1761 1900 1834 exquisierit,
1935 1781 2036 1823 nec

447 1851 612 1905 interit
655 1853 951 1921 deceptus,
992 1853 1121 1908 licet
1173 1853 1228 1909 in
1280 1855 1544 1910 memoria
1592 1831 1684 1910 Dei
1731 1857 2036 1915 delectatus
2067 1831 2112 1892 Β

447 1942 607 1996 fuerit
639 1953 693 1997 ct
724 1944 938 2013 vigilias
984 1947 1414 2016 anticipaverint
1440 1947 1584 2002 oculi
1619 1947 1759 2015 eius.
1801 1947 2034 2006 Dextera

445 2042 626 2087 autem
661 2033 878 2090 Excelsi
913 2035 1165 2093 Salvator
1192 2047 1298 2106 cst,
1352 2039 1444 2109 qui
1499 2037 1738 2110 seipsum
1782 2043 2035 2111 mutavit,

446 2119 674 2173 formam
731 2123 873 2177 servi
923 2126 1223 2197 accipiens,
1279 2140 1374 2197 per
1428 2143 1591 2199 quem
1642 2133 1916 2203 coepimus
1980 2135 2035 2190 in

443 2209 593 2267 Novo
644 2213 997 2274 Testamento
1041 2219 1246 2277 hortari
1301 2233 1360 2278 ut
1404 2224 1592 2295 ﬁgura:
1634 2225 1797 2281 linem
1825 2228 2039 2299 accipe-

441 2315 563 2360 reut
587 2315 641 2361 et
666 2307 931 2380 inciperet
961 2312 1190 2367 veritas.

517 2485 792 2552 Ejusdem.
822 2490 1178 2547 Mutationem
1199 2494 1306 2550 hoc
1329 2494 1449 2550 loco
1472 2493 1609 2552 dicit
1635 2510 1665 2552 a
1693 2496 1862 2570 77o
1881 2499 2038 2556 maliv

445 2579 515 2632 tia
573 2590 629 2634 ct
662 2583 968 2651 ignorantia
1021 2586 1086 2641 ad
1133 2588 1398 2642 virtutem
1439 2598 1497 2643 et
1545 2590 1834 2645 scientiam
1892 2594 2036 2648 redi-

447 2681 580 2727 lum.

513 2764 679 2820 Vens.
717 2765 804 2820 14.
867 2768 1028 2832 Deus,
1070 2769 1122 2822 iu
1181 2779 1366 2824 sancto
1409 2774 1493 2825 via
1547 2781 1673 2838 tua;
1730 2775 1847 2841 quis
1897 2775 2035 2829 Deus

441 2872 663 2924 magnus
691 2858 824 2910 sicut
856 2859 994 2913 Deus
1023 2861 1244 2915 noster?
1271 2871 1381 2916 etc.
1412 2861 1510 2916 Vel
1547 2863 1600 2917 in
1648 2866 1796 2918 omni
1842 2875 2034 2920 sancto

438 2957 522 3002 est
553 2950 634 3003 via
674 2949 800 3018 Dei,
840 2951 921 3007 vel
959 2953 1011 3006 in
1055 2952 1277 3009 Christo
1307 2954 1534 3010 verbum
1576 2955 1695 3025 ejus
1725 2974 1738 3009 :
1769 2972 1894 3012 nam
1939 2959 2031 3027 qui

438 3037 577 3091 dixit
606 3039 652 3070 "
684 3054 698 3094 :
732 3058 752 3092 ‹
779 3041 890 3109 Ego
931 3056 1050 3096 sum
1093 3043 1200 3110 via,
1230 3062 1249 3095 ι
1292 3041 1346 3096 in
1384 3053 1577 3100 sancto
1613 3054 1717 3103 est.

512 3126 790 3198 Ejusdem.
831 3129 966 3188 Vide
1014 3148 1081 3186 an
1114 3142 1404 3203 propterea
1463 3135 1680 3190 ltctatur
1717 3137 1845 3206 qula
1897 3151 2035 3192 non-

441 3220 570 3275 nulli
599 3223 820 3292 quidem
853 3227 925 3279 dii
958 3201 1131 3295 sunt,
1180 3201 1362 3284 nullus
1419 3244 1550 3284 vero
1609 3201 1838 3300 magnus
1893 3228 2036 3285 sicut
2066 3201 2107 3259 θ

441 3311 580 3366 Deus
609 3323 816 3379 noster,
851 3325 905 3369 et
934 3326 1116 3371 utrum
1143 3320 1210 3374 ad
1238 3319 1354 3375 haec
1390 3320 1466 3376 uti
1506 3320 1673 3377 liceat
1704 3321 1790 3378 his
1820 3321 2034 3379 verbis:

442 3423 460 3455 ι
491 3402 963 3471 Quemadmodum
1000 3418 1126 3464 sunt
1151 3409 1225 3465 dii
1249 3410 1404 3466 multi
1435 3409 1502 3475 ⁵³,
1534 3431 1551 3462 ι
1576 3420 1680 3466 etc.

512 3497 675 3551 Vens.
705 3497 792 3552 15.
832 3498 1029 3553 Notam
1055 3501 1228 3570 fecisti
1251 3505 1306 3558 in
1345 3504 1562 3575 papulis
1590 3507 1836 3561 virtutem
1863 3518 2035 3574 tuam,

436 3596 546 3640 etc.
577 3585 690 3643 Hoc
719 3600 803 3645 est
839 3590 1122 3648 Christum
1153 3611 1169 3649 :
1195 3593 1450 3650 Christus
1476 3597 1622 3651 enim
1656 3597 1834 3653 virtus
1862 3607 1916 3654 et
1943 3601 2035 3656 Dci

437 3680 731 3748 sapientia.

511 3771 674 3827 Vsus.
708 3775 795 3829 i7.
833 3774 1086 3829 Turbatis
1106 3787 1228 3832 sunt
1257 3779 1456 3850 abyssi,
1489 3791 1597 3836 etc.
1625 3781 1824 3852 Abyssi
1857 3783 2032 3839 virtu-

442 3873 522 3918 tcs
559 3865 800 3922 indicant
824 3867 1069 3923 infernas
1092 3885 1215 3940 qua:
1247 3883 1517 3941 praesente
1548 3875 1768 3931 Christo
1804 3878 2036 3934 turbata:

441 3965 591 4011 sunt.

515 4051 675 4106 Vens.
710 4051 798 4109 i9.
835 4049 951 4107 Vox
1014 4055 1239 4108 tonitrui
1265 4054 1346 4110 tui
1372 4055 1426 4111 in
1456 4070 1574 4113 rota
1595 4100 1610 4123 ,
1636 4071 1743 4116 etc.
1775 4063 1913 4117 Rata
1949 4063 2034 4119 vel

439 4144 700 4198 saeculum
744 4145 850 4200 hoc
893 4147 1204 4216 significat,
1264 4148 1350 4202 vel
1396 4151 1710 4207 sensibiletn
1747 4157 2030 4220 mundum,

441 4237 526 4289 vel
559 4253 746 4306 puram
777 4247 1150 4306 mtcruamque
1199 4241 1435 4294 animam
1465 4283 1480 4308 ,
1516 4244 1786 4313 siquidem
1825 4249 2030 4302 malitia

439 4329 506 4382 ad
535 4330 790 4399 angulum
819 4331 994 4386 sedet.

511 4419 639 4474 lntn.
673 4420 976 4476 “luxerunt
1002 4423 1526 4480 coruscationestuae
1567 4429 1682 4480 orbi
1709 4440 1884 4493 teme,
1919 4438 2030 4483 etc.

2144 569 2481 638 ἐμνήσθην,
2523 586 2578 622 κ.
2609 585 2660 622 τ.
2699 571 2743 622 ἑ.
2787 572 2846 622 Ὀ
2877 569 2948 622 τὰ
2981 569 3152 640 ἄδηλα
3180 569 3292 642 (29)
3317 571 3408 624 καί
3432 571 3502 624 τὰ
3532 569 3746 642 κρύφια

2143 661 2238 714 τοῦ
2266 661 2402 714 Θεοῦ
2432 659 2709 730 ἐγνωκὼς,
2745 657 2899 727 οὗτος
2943 664 3037 718 καὶ
3075 664 3176 727 τὰς
3223 664 3441 735 μνήμας
3482 663 3596 734 ἔχει
3631 661 3746 716 τῶν

2145 753 2529 824 παρελθόντων
2561 753 2775 808 αἰώνων
2803 790 2817 817 ,
2877 756 2972 809 καὶ
3001 755 3110 808 τῶν
3137 757 3196 809 ὲν
3228 756 3411 819 αὐτοῖς
3441 754 3580 808 ἑτῶν
3603 789 3619 818 ,
3650 754 3746 808 καὶ

2144 846 2240 909 τὰς
2264 843 2324 911 ἐξ
2353 841 2429 900 ὧν
2459 842 2632 900 ταῦτα
2666 846 2996 918 συνέστηκεν
3025 843 3259 918 ἀρχαίας
3282 848 3519 920 ἡμέρας.

2213 937 2450 1004 Νυκτὸς
2465 939 2620 1006 μετὰ
2644 933 2754 1005 τῆς
2777 939 3026 1006 καρδίας
3041 955 3162 1009 μου
3201 936 3611 1009 ἡόολέσχουν,
3638 941 3741 993 καὶ

2142 1029 2456 1083 ἕσκαλλον
2483 1029 2549 1082 τὸ
2573 1029 2813 1098 ,ττνεῦμά
2833 1049 2976 1099 μου,
3011 1044 3064 1085 κ.
3090 1045 3141 1086 1.
3166 1028 3212 1085 ὲ.
3241 1033 3386 1085 Ὠσεὶ
3421 1032 3573 1101 ἔλεγε
3601 1026 3740 1103 (50)·

2143 1118 2243 1172 No?
2272 1120 2366 1172 καὶ
2399 1118 2477 1188 τῷ
2505 1119 2774 1190 πνεύματι
2798 1118 3146 1193 ὴδολέσχουν.

2218 1213 2295 1265 “II
2322 1213 2410 1276 είς
2438 1212 2615 1278 τέλος
2650 1212 2718 1265 τὸ
2753 1212 2928 1280 ἕλεος
2956 1213 3144 1270 αὑτοῦ
3188 1217 3483 1286 ἀποκόψει.
3502 1231 3520 1281 ;
3542 1235 3597 1271 κ.
3620 1233 3672 1272 1.
3691 1219 3741 1273 ἒ.

2154 1304 2242 1367 Ὡς
2279 1303 2578 1367 κόπτοντος
2611 1305 2780 1357 αὑτοῦ
2814 1306 2927 1377 (51)
2955 1307 3018 1360 τὸ
3047 1307 3196 1385 ἔλεος
3217 1307 3309 1361 ἐπί
3331 1322 3494 1374 τισιν,
3523 1310 3746 1382 εῐρηται

2141 1396 2376 1467 ἀλλαχοῦ
2411 1396 2499 1463 τὸ,
2539 1413 2557 1449 ι
2590 1392 2924 1469 Παράτεινον
2980 1400 3042 1453 τὸ
3097 1399 3245 1465 ἔλεός
3285 1415 3378 1455 σου
3411 1405 3524 1467 τοῖς
3571 1403 3742 1472 γινώ-

2143 1488 2334 1541 σκουσί
2367 1501 2445 1540 σε.
2477 1507 2496 1541 t

2211 1577 2321 1635 Καὶ
2345 1577 2504 1635 εἶπεν
2539 1581 2670 1636 Νῦν
2701 1581 3001 1654 ἠρξάμην,
3033 1583 3184 1653 αὕτη
3205 1583 3244 1654 ἡ
3266 1585 3598 1654 ἀλλοίωσις
3627 1587 3744 1656 τῆς

2139 1670 2345 1738 δεξιᾶς
2371 1672 2478 1726 τοῦ
2517 1674 2838 1743 ’Υψίστοικ
2871 1693 2926 1728 κ.
2948 1693 2998 1729 τ.
3020 1677 3065 1730 ὲ.
3086 1677 3356 1730 Οὐδέποτε
3391 1677 3594 1748 ἧρξατο
3624 1678 3738 1748 (52)

2140 1765 2436 1838 κεκραγὼς
2458 1765 2598 1838 πρὸς
2624 1766 2780 1832 Θεὸν,
2804 1768 2902 1821 καὶ
2932 1768 2990 1821 ὲν
3018 1768 3202 1841 ἡμέρᾳ
3229 1767 3464 1839 θλίψεως
3492 1768 3739 1841 ζητήσας

2143 1855 2306 1910 αὑτὸν
2336 1896 2351 1920 ,
2409 1858 2502 1910 καὶ
2553 1857 2628 1929 μὴ
2659 1857 2963 1929 ἀπατηθεὶς
2987 1898 3002 1925 ,
3041 1859 3134 1914 καὶ
3168 1858 3262 1912 ἐπὶ
3297 1859 3376 1931 τῷ
3425 1858 3738 1930 μεμνῆσθαι

2142 1949 2239 2003 τοῦ
2271 1949 2409 2004 Θεοῦ
2439 1951 2784 2024 εὐφρανθεὶς,
2807 1949 3334 2025 προκαταλαϐόντων
3354 1951 3601 2022 φυλακὰς
3628 1951 3740 2006 τῶν

2142 2040 2438 2113 ὀφθαλμῶν
2469 2043 2655 2099 αὐτοῦ.
2692 2043 2854 2112 Δεξιὰ
2880 2043 2938 2098 δὲ
2971 2043 3069 2099 τοῦ
3105 2045 3360 2116 Ὑψίστου
3381 2045 3410 2100 ὁ
3438 2044 3651 2119 Σωτὴρ,
3675 2047 3740 2114 ὃς

2143 2133 2438 2205 ήλλοίωσεν
2473 2135 2688 2203 ἑαυτὸν,
2724 2136 2940 2210 μορφὴν
2971 2137 3158 2191 δούλου
3203 2138 3385 2192 λαϐὼν
3407 2180 3421 2204 ,
3455 2137 3523 2193 δι’
3548 2140 3608 2194 δν
3632 2142 3739 2212 ἡρ-

2144 2228 2355 2300 εάμεθα
2381 2230 2441 2283 ὲν
2472 2232 2538 2302 τῇ
2578 2231 2757 2303 Καινῇ
2800 2229 3366 2302 προευτρεπισάμενοι
3415 2232 3496 2296 είς
3528 2231 3591 2285 τὸ
3635 2231 3742 2304 ἅρ-

2145 2320 2337 2387 ξασθαι
2360 2323 2490 2387 τοὺς
2525 2321 2732 2388 τύπους
2759 2322 3051 2390 παύεσθαι,
3093 2323 3360 2395 ἄρχεσθαι
3383 2324 3438 2379 δὲ
3470 2324 3568 2398 τὴν
3599 2325 3740 2399 ἁλή-

2141 2413 2314 2468 θείαν.

2219 2503 2331 2562 Τοῦ
2363 2507 2572 2562 αὐτοῦ.
2635 2507 2946 2562 Ἀλλοίωσιν
2998 2507 3147 2580 λέγει
3196 2507 3307 2581 (55)
3350 2507 3585 2564 ἐνταῦθα
3635 2509 3739 2580 τὴν

2142 2594 2252 2652 ἀπὺ
2283 2599 2486 2664 κακίας
2525 2597 2620 2653 καὶ
2650 2598 2930 2670 ἀγνωσίας
2987 2603 3076 2655 ἐπ’
3130 2599 3336 2675 ἀρετὴν
3391 2604 3486 2656 mi.
3534 2599 3743 2672 γνῶσιν

2144 2690 2425 2745 ἐπάνοδον.
3543 2750 3553 2757 .

2226 2780 2289 2832 '0
2326 2779 2490 2846 Θεὸς,
2520 2781 2590 2834 ἐν
2617 2777 2696 2847 τῷ
2727 2781 2874 2854 ἁγιῳ
2901 2783 2940 2853 ἠ
2977 2785 3117 2852 ὁδός
3147 2801 3289 2841 σουο
3326 2788 3415 2855 τίς
3449 2786 3595 2854 Θεὸς
3632 2788 3744 2858 μέ-

2140 2889 2252 2940 γας
2276 2873 2402 2938 ὠςό
2435 2873 2573 2931 Θεὸς
2601 2873 2793 2943 MV;
2805 2893 2860 2930 κ.
2877 2894 2930 2930 τ.
2948 2879 3161 2932 ὲ.Ἤτοι
3192 2881 3250 2933 ὲν
3280 2882 3444 2934 παντὶ
3465 2877 3575 2952 ('54)
3597 2881 3745 2953 ἁγίῳ

2143 2964 2176 3034 ἡ
2206 2964 2324 3028 ὁδὸς
2348 2963 2444 3018 τοῦ
2476 2965 2634 3032 Θεοῦ,
2665 2967 2698 3037 ἢ
2744 2969 2804 3021 ὲν
2833 2969 2913 3042 τῷ
2949 2971 3173 3044 Χριστῷ
3197 2974 3225 3025 ό
3254 2972 3412 3042 λόγος
3456 2973 3623 3028 αὑτοῦ
3651 2992 3667 3008 ο
3711 2977 3742 3029 ὁ

2141 3056 2252 3129 γὰρ
2285 3058 2479 3125 εἰπὼν,
2516 3079 2535 3110 ι
2585 3060 2726 3129 Ἐγώ
2754 3062 2870 3134 εἰμι
2903 3065 2936 3135 η
2965 3062 3103 3130 ὁδὸς,
3137 3085 3155 3118 ι
3192 3067 3250 3120 ὲν
3280 3068 3358 3139 τῷ
3383 3069 3524 3141 ἁγίῳ
3565 3070 3736 3126 ἐστίν.

2221 3149 2331 3203 Τοῦ
2369 3151 2578 3206 αὐτοῦ.
2614 3151 2758 3226 Ὅρα
2787 3151 2834 3208 εί
2866 3153 2953 3210 διὰ
2993 3157 3202 3212 τούτων
3232 3157 3344 3232 (55)
3384 3159 3742 3234 εὐφραίνεται

2139 3238 2223 3292 ὅτι
2262 3240 2369 3294 εἰσὶ
2414 3242 2512 3313 μέν
2548 3260 2695 3308 τινες
2731 3243 2873 3310 θεοὶ,
2921 3243 3099 3312 οὐδεὶς
3145 3245 3202 3302 δὲ
3243 3246 3416 3321 μέγας
3444 3252 3521 3314 ὠς
3543 3252 3572 3304 ὀ
3603 3251 3739 3319 Θεὸς

2139 3329 2321 3402 ἡμῶν,
2344 3333 2439 3386 καὶ
2466 3333 2514 3386 εί
2547 3336 2963 3407 συγχρήσασθαι
2991 3339 3071 3402 είς
3094 3339 3269 3394 ταῦτα
3309 3338 3424 3395 ἔστι
3447 3342 3547 3414 τῷ·
3577 3344 3742 3399 «Ὥσ-

2139 3438 2243 3493 περ
2306 3425 2412 3478 είσὶ
2439 3426 2551 3480 Θεοί
2580 3427 2786 3493 πολλοὶ,
2813 3448 2831 3481 t
2869 3447 2921 3484 κ,
2960 3449 3010 3485 τ.
3045 3430 3092 3486 ἐ.

2225 3512 2589 3585 Ἐγνώρισας
2631 3519 2705 3573 ἐν
2748 3517 2873 3588 τοῖς
2909 3520 3084 3590 λαοῖς
3129 3521 3246 3594 τὴν
3296 3522 3559 3598 δύναμιν
3592 3544 3737 3596 σου.

2139 3621 2193 3658 κ.
2227 3620 2280 3659 τ.
2309 3605 2356 3661 ὲ.
2400 3607 2660 3664 Τουτέστι
2686 3613 2777 3666 τὸν
2810 3611 3048 3686 Χριστόν
3069 3614 3200 3690 (56)·
3231 3616 3472 3691 Χριστὸς
3498 3623 3607 3695 γὰρ
3641 3623 3740 3680 δύ·-

2138 3715 2303 3770 ναμις
2329 3701 2423 3754 καὶ
2448 3701 2584 3756 Θεοῦ
2621 3707 2804 3776 σοφία.

2221 3793 2678 3864 Ἐταράχθησαν
2698 3798 2980 3870 ἄϐυσσοι,
3015 3821 3068 3857 κ.
3103 3823 3153 3859 1.
3192 3805 3239 3860 ὲ.
3266 3802 3334 3860 Ai
3358 3804 3590 3863 ἄϐυσσοι
3619 3807 3732 3880 (57)

2135 3879 2235 3947 τὰς
2275 3885 2661 3958 καταχθονίους
2703 3891 2964 3964 δυνάμεις
3005 3891 3294 3968 δηλοῦσιν,
3336 3896 3541 3965 αἵτινες
3575 3898 3632 3954 ὲν
3663 3904 3731 3972 τῇ

2136 3978 2412 4050 παρουσίᾳ
2445 3981 2537 4034 τοῦ
2569 3981 2807 4052 Χριστοῦ
2833 3985 3235 4061 ἐταράχθησαν.

2206 4068 2381 4137 Φωνὴ
2421 4067 2528 4138 τῆς
2567 4071 2838 4144 βροντῆς
2880 4089 2999 4134 σου
3038 4079 3109 4134 ἐν
3149 4078 3378 4153 τροχῷ,
3410 4102 3462 4138 κ.
3492 4103 3544 4139 τ.
3578 4085 3624 4140 ἑ.
3671 4086 3733 4141 '0

2135 4156 2326 4231 τροχὸς
2355 4159 2463 4234 (58)
2500 4162 2535 4235 ἢ
2566 4165 2658 4218 τὸν
2687 4163 2860 4223 αίῶνα
2891 4175 3150 4244 σημαίνει
3175 4177 3385 4241 τοῦτον,
3414 4177 3448 4248 ἢ
3482 4179 3573 4232 τὸν
3605 4179 3734 4232 κόσο

2139 4267 2239 4321 μον
2285 4253 2380 4306 τὸν
2423 4254 2716 4329 αἰσθητὸν,
2753 4258 2784 4333 ἢ
2820 4259 2919 4333 τὴν
2963 4265 3211 4338 καθαρὰν
3252 4271 3347 4322 καὶ
3380 4265 3596 4324 αἰώνιον
3624 4271 3731 4341 ψυ-

2135 4345 2257 4417 χὴν,
2291 4345 2450 4419 εἴπερ
2483 4351 2516 4422 ἡ
2563 4349 2732 4405 κακία
2765 4357 2916 4428 παρὰ
2948 4359 3152 4426 γωνίαν
3178 4361 3527 4434 παρεδρεύει.

2212 4441 2483 4509 Ἔμειναν
2518 4447 2578 4498 αἱ
2601 4447 2909 4517 ἀστραπαί
2928 4468 3047 4506 σου
3065 4448 3144 4521 τῇ
3163 4454 3508 4526 οὶφιουμένῃ,
3529 4473 3582 4508 κ.
3612 4473 3660 4508 τ.
3682 4455 3729 4510 ὲ.

443 4513 646 4582 Fulgur
683 4513 835 4583 prius
881 4525 966 4568 est
1013 4517 1424 4583 coruscatiuue,
1473 4521 1793 4573 coruscatio
1847 4533 2029 4576 autem

2140 4531 2338 4604 Πρώτη
2365 4534 2464 4604 μὲν
2496 4534 2658 4610 (59)ή
2697 4513 2894 4616 βροντὴ
2924 4545 3027 4616 τῆς
3053 4513 3362 4618 ἀέὲράπῆξ,
3386 4547 3422 4618 ἡ
3529 4548 3735 4619 ἀστρα-

440 4605 586 4674 prior
614 4605 967 4676 conspicitur.

515 4695 675 4752 Vens.
711 4699 800 4752 20.
834 4696 902 4752 In
937 4695 1076 4752 mari
1099 4695 1179 4752 via
1215 4709 1305 4753 tua
1334 4712 1380 4756 et
1411 4702 1612 4756 semin
1641 4704 1695 4756 in
1721 4705 1866 4774 aquis
1887 4703 2025 4759 mul-

439 4794 528 4859 tis,
564 4805 611 4848 et
652 4797 871 4866 vestigia
927 4807 1016 4852 tua
1052 4815 1160 4852 non
1217 4808 1624 4867 cognoscentur,
1690 4812 1795 4853 etc.
1851 4798 2024 4872 Supra

440 4885 645 4940 dictum
673 4899 758 4942 est
787 4906 800 4942 :
842 4908 860 4939 ς
890 4890 1051 4953 Deus,
1082 4891 1133 4944 iu
1159 4901 1352 4944 sancto
1379 4891 1458 4944 via
1494 4901 1605 4945 tua.
1635 4905 1652 4942 ι
1684 4886 1774 4947 Via
1806 4895 2024 4964 quidem

442 4976 535 5030 Dei
576 4977 755 5031 fuitin
787 4981 920 5033 mari
950 4980 1153 5049 Rubro,
1198 4983 1408 5037 semitae
1448 4999 1578 5037 vero
1621 4983 1736 5051 ejus
1774 4989 1826 5041 in
1870 4985 2028 5058 aquis

2137 4621 2212 4695 τεὴ
2244 4625 2437 4696 ὁρᾶται
2475 4629 2686 4702 πρώτη.

2219 4722 2321 4773 Ἐν
2361 4720 2438 4790 τῇ
2471 4723 2756 4794 θαλάσσῃ
2795 4729 2833 4795 ἡ
2869 4728 3009 4795 ὁδός
3033 4747 3172 4796 σου,
3201 4727 3296 4784 καί
3325 4735 3385 4786 αἱ
3411 4733 3594 4800 τρίϐοι
3614 4748 3734 4786 σου

2132 4811 2202 4862 ἐν
2238 4809 2418 4865 ὕδασι
2453 4815 2744 4882 πολλοῖς,
2779 4818 2876 4870 καί
2906 4819 2980 4873 τὰ
3019 4821 3161 4890 ιχνη
3191 4839 3311 4876 σου
3354 4827 3427 4877 οὑ
3464 4825 3734 4894 γνωσθή-

2133 4917 2323 4964 σεται,
2353 4921 2405 4956 κ.
2437 4921 2488 4956 τ.
2526 4906 2571 4957 ἐ.
2619 4907 2900 4979 Ἀνωτέρω
2929 4908 3141 4982 εἴρηται
3178 4913 3310 4984 (40)·
3350 4936 3368 4965 ι
3405 4909 3468 4968 Ὁ
3490 4909 3642 4978 Θεὸς,
3674 4917 3733 4966 ὲν

2134 4988 2212 5061 τῷ
2237 4993 2378 5062 ἁγίῳ
2425 4995 2459 5064 ἡ
2500 4996 2618 5060 ὁδός
2655 5013 2770 5052 σου.
2806 5020 2820 5050 ι
2868 4994 2933 5053 Ἦ
2963 5001 3062 5072 μὲν
3088 5001 3208 5067 ὁδὸς
3238 5003 3332 5058 τοῦ
3377 4999 3514 5059 Θεοῦ
3547 5009 3605 5060 ὲν
3629 5003 3728 5056 θα-

546 5122 590 5152 “
640 5121 783 5175 Psal.
840 5138 1000 5190 xxxv,
1035 5128 1119 5180 11.
1197 5129 1243 5159 ⁸⁸
1275 5125 1434 5184 Joan.
1465 5141 1578 5197 xw,
1618 5132 1670 5184 6.
1747 5131 1796 5162 ⁵³
1824 5125 1840 5182 Ι
1872 5131 1999 5185 Cor.
2033 5148 2149 5199 vm,

514 5265 624 5336 ('29)
669 5266 720 5317 '0
758 5257 1079 5336 τίίᾶδηλα,
1116 5279 1222 5323 etc.
1263 5273 1512 5328 Ecodicc
1539 5273 1876 5328 Coisliniauu
1922 5275 2035 5340 pri-

442 5353 626 5480 m‘i30)
673 5408 835 5461 Ὡσεὶ
865 5410 1060 5480 ἔλεγε,
1094 5421 1200 5465 etc.
1230 5412 1302 5466 Ex
1336 5415 1546 5469 eodem.

514 5480 624 5550 (51)
672 5480 768 5550 Ὡς
801 5484 1134 5550 κόπτοντος
1153 5484 1362 5550 αὑτοῦ,
1392 5498 1498 5538 ctc.
1534 5485 1605 5538 Ex
1640 5486 1855 5539 emlem.

516 5541 627 5620 (3‘2)
658 5541 958 5605 Οὐδέποτε
984 5541 1230 5620 ἢρξὶιτο,
1265 5541 1371 5611 σις’.
1410 5556 1455 5611 Ε
1485 5556 1676 5610 codice
1698 5555 2034 5612 Coisliuiauo

443 5622 698 5672 secundo.

515 5688 628 5767 (55)
660 5689 1019 5746 Ἀ.,ί.ίοι’ωσιν
1048 5694 1228 5765 λέγει,
1267 5706 1373 5751 etc.
1406 5697 1442 5750 Ε
1468 5697 1655 5752 codice
1695 5694 2028 5753 Coisliniauo

445 5771 640 5827 primo.

519 5828 631 5887 (5-2)
667 5830 833 5883 Ἤτοι
883 5833 950 5886 ἐν
1006 5837 1204 5898 παι-τί,
1239 5847 1344 5891 etc.
1402 5838 1440 5891 Ε
1480 5839 2026 5896 codiccCoisliuiauo

2135 5276 2402 5328 secundo.

2204 5346 2322 5416 (55)
2353 5347 2501 5414 Ὅρα
2523 5350 2584 5416 νεὶ
2613 5349 2714 5404 διὰ
2743 5353 2988 5416 τούτων,
3018 5364 3124 5407 etc.
3155 5352 3232 5406 Ex
3265 5356 3477 5413 eodem.

2206 5415 2318 5493 (56)
2353 5415 2632 5493 Τοντέστι
2660 5421 2767 5474 τὸν
2796 5425 3080 5493 Χριστόν,
3116 5435 3222 5480 etc.
3257 5425 3332 5480 Ex
3353 5429 3541 5486 codice
3563 5427 3726 5487 Cois-

2135 5485 2341 5542 Iiniauo
2367 5489 2566 5556 primo.

2209 5557 2322 5624 (57)
2345 5561 2415 5612 Αἱ
2438 5560 2723 5624 ἄϐυσσοι,
2754 5573 2861 5618 etc.
2899 5564 2972 5618 Ex
2999 5565 3210 5621 eodem.

2211 5628 2322 5701 (58)
2358 5630 2420 5682 '0
2445 5635 2683 5701 τροχός,
2714 5646 2818 5689 etc.
2861 5636 2932 5688 Ex
2957 5639 3167 5690 eodm».

2139 5699 2322 5819 d0(39)
2349 5699 2555 5769 Πρώτη
2573 5699 2710 5771 μέν,
2741 5716 2849 5760 etc.
2881 5703 2924 5758 Ε
2952 5708 3141 5763 codice
3171 5709 3518 5767 Coisliniano
3534 5725 3726 5770 locun-

2178 5785 2208 5823 0

2207 5811 2320 5908 (10)
2357 5843 2642 5912 Ἀνωτέρω
2666 5844 2913 5915 εἴρηται,
2943 5857 3046 5906 etc.
3084 5847 3161 5905 Ex
3187 5853 3405 5915 eodem.
