  <div class='ocr_page' id='page_1' title='image "/cluster/home/n/w/nwhite01/storage/ocr_20150623/12:no.2/coo.31924054873074/784.png"; bbox 0 0 4106 6400; ppageno 0'>
   <div class='ocr_carea' id='block_1_1' title="bbox 337 363 466 418">
    <p class='ocr_par' dir='ltr' id='par_1_1' title="bbox 337 363 466 418">
     <span class='ocr_line' id='line_1_1' title="bbox 337 363 466 418; baseline -0.008 0"><span class='ocrx_word' id='word_1_1' title='bbox 337 363 466 418; x_wconf 64' lang='grc'><strong>1541</strong></span> 
     </span>
    </p>
   </div>
   <div class='ocr_carea' id='block_1_2' title="bbox 1227 349 2665 414">
    <p class='ocr_par' dir='ltr' id='par_1_2' title="bbox 1227 349 2665 414">
     <span class='ocr_line' id='line_1_2' title="bbox 1227 349 2665 414; baseline -0.006 -1"><span class='ocrx_word' id='word_1_2' title='bbox 1227 355 1536 414; x_wconf 75' lang='lat' dir='ltr'><strong>SELECTA</strong></span> <span class='ocrx_word' id='word_1_3' title='bbox 1577 351 1644 408; x_wconf 84' lang='lat' dir='ltr'><strong>IN</strong></span> <span class='ocrx_word' id='word_1_4' title='bbox 1678 349 2022 406; x_wconf 80' lang='lat' dir='ltr'><strong>PSALMOS.</strong></span> <span class='ocrx_word' id='word_1_5' title='bbox 2058 379 2128 392; x_wconf 91' lang='lat'>——</span> <span class='ocrx_word' id='word_1_6' title='bbox 2165 351 2362 407; x_wconf 69' lang='lat' dir='ltr'><strong>PSAL</strong></span> <span class='ocrx_word' id='word_1_7' title='bbox 2410 351 2665 406; x_wconf 73' lang='lat' dir='ltr'><strong>LXXVII.</strong></span> 
     </span>
    </p>
   </div>
   <div class='ocr_carea' id='block_1_3' title="bbox 3484 359 3621 412">
    <p class='ocr_par' dir='ltr' id='par_1_3' title="bbox 3484 359 3621 412">
     <span class='ocr_line' id='line_1_3' title="bbox 3484 359 3621 412; baseline -0.007 0"><span class='ocrx_word' id='word_1_8' title='bbox 3484 359 3621 412; x_wconf 70' lang='grc'><strong>1542</strong></span> 
     </span>
    </p>
   </div>
   <div class='ocr_carea' id='block_1_4' title="bbox 333 466 1931 552">
    <p class='ocr_par' dir='ltr' id='par_1_4' title="bbox 333 467 1921 552">
     <span class='ocr_line' id='line_1_4' title="bbox 333 467 1921 552; baseline -0.011 -17"><span class='ocrx_word' id='word_1_9' title='bbox 333 482 506 552; x_wconf 75' lang='grc' dir='ltr'>λάσσῃ</span> <span class='ocrx_word' id='word_1_10' title='bbox 533 481 756 550; x_wconf 77' lang='grc' dir='ltr'>γέγονεν</span> <span class='ocrx_word' id='word_1_11' title='bbox 798 477 1056 551; x_wconf 76' lang='grc' dir='ltr'>Ἐρυθρᾷ,</span> <span class='ocrx_word' id='word_1_12' title='bbox 1087 478 1141 529; x_wconf 89' lang='grc' dir='ltr'>αἱ</span> <span class='ocrx_word' id='word_1_13' title='bbox 1183 477 1238 529; x_wconf 74' lang='grc' dir='ltr'>δὲ</span> <span class='ocrx_word' id='word_1_14' title='bbox 1271 475 1448 547; x_wconf 77' lang='grc' dir='ltr'>τρίϐοι</span> <span class='ocrx_word' id='word_1_15' title='bbox 1483 469 1649 525; x_wconf 71' lang='grc' dir='ltr'>αὑτοῦ</span> <span class='ocrx_word' id='word_1_16' title='bbox 1676 471 1733 522; x_wconf 82' lang='grc' dir='ltr'><strong>ὲν</strong></span> <span class='ocrx_word' id='word_1_17' title='bbox 1768 467 1921 520; x_wconf 78' lang='grc' dir='ltr'>ὕδασι</span> 
     </span>
    </p>
   </div>
   <div class='ocr_carea' id='block_1_5' title="bbox 2036 466 3623 552">
    <p class='ocr_par' dir='ltr' id='par_1_5' title="bbox 2036 466 3623 542">
     <span class='ocr_line' id='line_1_5' title="bbox 2036 466 3623 542; baseline 0.006 -22"><span class='ocrx_word' id='word_1_18' title='bbox 2036 466 2236 530; x_wconf 78' lang='lat' dir='ltr'><strong>ninltis,</strong></span> <span class='ocrx_word' id='word_1_19' title='bbox 2277 471 2327 522; x_wconf 91' lang='lat' dir='ltr'><strong>in</strong></span> <span class='ocrx_word' id='word_1_20' title='bbox 2360 468 2618 535; x_wconf 76' lang='lat' dir='ltr'><strong>Iordane,</strong></span> <span class='ocrx_word' id='word_1_21' title='bbox 2674 480 2920 542; x_wconf 84' lang='lat' dir='ltr'><strong>tempore</strong></span> <span class='ocrx_word' id='word_1_22' title='bbox 2954 471 3082 527; x_wconf 86' lang='lat' dir='ltr'><strong>.Iesu</strong></span> <span class='ocrx_word' id='word_1_23' title='bbox 3114 482 3168 528; x_wconf 90' lang='lat' dir='ltr'><strong>et</strong></span> <span class='ocrx_word' id='word_1_24' title='bbox 3206 474 3355 529; x_wconf 73' lang='lat' dir='ltr'><strong>Elite.</strong></span> <span class='ocrx_word' id='word_1_25' title='bbox 3393 474 3534 542; x_wconf 83' lang='lat' dir='ltr'><strong>Quin</strong></span> <span class='ocrx_word' id='word_1_26' title='bbox 3571 489 3623 530; x_wconf 85' lang='lat' dir='ltr'><strong>et</strong></span> 
     </span>
    </p>
   </div>
   <div class='ocr_carea' id='block_1_6' title="bbox 331 559 1916 642">
    <p class='ocr_par' dir='ltr' id='par_1_6' title="bbox 331 559 1916 642">
     <span class='ocr_line' id='line_1_6' title="bbox 331 559 1916 642; baseline -0.011 -16"><span class='ocrx_word' id='word_1_27' title='bbox 331 572 572 637; x_wconf 81' lang='grc' dir='ltr'>πολλοῖς,</span> <span class='ocrx_word' id='word_1_28' title='bbox 615 573 708 626; x_wconf 74' lang='grc' dir='ltr'><strong>ἐπὶ</strong></span> <span class='ocrx_word' id='word_1_29' title='bbox 743 571 840 625; x_wconf 88' lang='grc' dir='ltr'><strong>τοῦ</strong></span> <span class='ocrx_word' id='word_1_30' title='bbox 884 571 1173 642; x_wconf 79' lang='grc' dir='ltr'><strong>Ἰορδάνου,</strong></span> <span class='ocrx_word' id='word_1_31' title='bbox 1212 569 1305 620; x_wconf 70' lang='grc' dir='ltr'>ἐπὶ</span> <span class='ocrx_word' id='word_1_32' title='bbox 1358 565 1535 636; x_wconf 82' lang='grc' dir='ltr'><strong>Ἰησοῦ</strong></span> <span class='ocrx_word' id='word_1_33' title='bbox 1580 563 1674 616; x_wconf 58' lang='grc' dir='ltr'><strong>καὶ¹</strong></span> <span class='ocrx_word' id='word_1_34' title='bbox 1716 559 1916 613; x_wconf 83' lang='grc' dir='ltr'>Ἠλίου.</span> 
     </span>
    </p>
   </div>
   <div class='ocr_carea' id='block_1_7' title="bbox 344 651 1923 734">
    <p class='ocr_par' dir='ltr' id='par_1_7' title="bbox 344 651 1923 734">
     <span class='ocr_line' id='line_1_7' title="bbox 344 651 1923 734; baseline -0.01 -16"><span class='ocrx_word' id='word_1_35' title='bbox 344 665 506 719; x_wconf 82' lang='grc' dir='ltr'>Ἀλλὰ</span> <span class='ocrx_word' id='word_1_36' title='bbox 533 666 626 718; x_wconf 67' lang='grc' dir='ltr'><strong>καὶ</strong></span> <span class='ocrx_word' id='word_1_37' title='bbox 677 685 694 716; x_wconf 75' lang='grc' dir='ltr'><strong>ι</strong></span> <span class='ocrx_word' id='word_1_38' title='bbox 717 663 1113 734; x_wconf 75' lang='grc' dir='ltr'><strong>ἀνεξιχνίαστοι</strong></span> <span class='ocrx_word' id='word_1_39' title='bbox 1157 664 1212 716; x_wconf 81' lang='grc' dir='ltr'><strong>αἱ</strong></span> <span class='ocrx_word' id='word_1_40' title='bbox 1255 661 1366 713; x_wconf 70' lang='grc' dir='ltr'>ὁδοὶ</span> <span class='ocrx_word' id='word_1_41' title='bbox 1405 657 1593 712; x_wconf 76' lang='grc' dir='ltr'>αὑτοῦ.</span> <span class='ocrx_word' id='word_1_42' title='bbox 1624 676 1642 706; x_wconf 70' lang='grc' dir='ltr'><strong>ι</strong></span> <span class='ocrx_word' id='word_1_43' title='bbox 1670 653 1762 708; x_wconf 80' lang='grc' dir='ltr'><strong>Διὸ</strong></span> <span class='ocrx_word' id='word_1_44' title='bbox 1784 673 1801 702; x_wconf 73' lang='grc' dir='ltr'><strong>ι</strong></span> <span class='ocrx_word' id='word_1_45' title='bbox 1829 651 1923 704; x_wconf 81' lang='grc' dir='ltr'><strong>καὶ</strong></span> 
     </span>
    </p>
   </div>
   <div class='ocr_carea' id='block_1_8' title="bbox 330 742 1922 828">
    <p class='ocr_par' dir='ltr' id='par_1_8' title="bbox 330 742 1922 828">
     <span class='ocr_line' id='line_1_8' title="bbox 330 742 1922 828; baseline -0.009 -18"><span class='ocrx_word' id='word_1_46' title='bbox 330 757 400 810; x_wconf 78' lang='grc' dir='ltr'>τὰ</span> <span class='ocrx_word' id='word_1_47' title='bbox 438 756 559 828; x_wconf 79' lang='grc' dir='ltr'>ἴχνη</span> <span class='ocrx_word' id='word_1_48' title='bbox 608 755 775 809; x_wconf 78' lang='grc' dir='ltr'>αὐτοῦ</span> <span class='ocrx_word' id='word_1_49' title='bbox 807 756 867 809; x_wconf 85' lang='grc' dir='ltr'><strong>οὐ</strong></span> <span class='ocrx_word' id='word_1_50' title='bbox 903 754 1318 826; x_wconf 78' lang='grc' dir='ltr'>γνωσθήσεται»</span> <span class='ocrx_word' id='word_1_51' title='bbox 1364 750 1639 812; x_wconf 64' lang='grc' dir='ltr'><strong>Ιὀδοεύοντος</strong></span> <span class='ocrx_word' id='word_1_52' title='bbox 1707 747 1766 798; x_wconf 82' lang='grc' dir='ltr'>ὲν</span> <span class='ocrx_word' id='word_1_53' title='bbox 1828 742 1922 828; x_wconf 83' lang='grc' dir='ltr'>θα-</span> 
     </span>
    </p>
   </div>
   <div class='ocr_carea' id='block_1_9' title="bbox 332 827 1922 921">
    <p class='ocr_par' dir='ltr' id='par_1_9' title="bbox 332 827 1922 921">
     <span class='ocr_line' id='line_1_9' title="bbox 332 827 1922 921; baseline -0.009 -21"><span class='ocrx_word' id='word_1_54' title='bbox 332 848 527 921; x_wconf 78' lang='grc' dir='ltr'>λάσσῃ,</span> <span class='ocrx_word' id='word_1_55' title='bbox 548 827 652 901; x_wconf 68' lang='grc' dir='ltr'>καὶ</span> <span class='ocrx_word' id='word_1_56' title='bbox 679 847 900 920; x_wconf 83' lang='grc' dir='ltr'>τρίϐους</span> <span class='ocrx_word' id='word_1_57' title='bbox 927 849 986 900; x_wconf 83' lang='grc' dir='ltr'>ὲν</span> <span class='ocrx_word' id='word_1_58' title='bbox 1025 847 1182 900; x_wconf 77' lang='grc' dir='ltr'>ὕδασι</span> <span class='ocrx_word' id='word_1_59' title='bbox 1224 844 1438 907; x_wconf 80' lang='grc' dir='ltr'>πολλοῖς</span> <span class='ocrx_word' id='word_1_60' title='bbox 1463 841 1679 912; x_wconf 83' lang='grc' dir='ltr'>ἔχοντος</span> <span class='ocrx_word' id='word_1_61' title='bbox 1700 878 1714 900; x_wconf 94' lang='grc'><strong>,</strong></span> <span class='ocrx_word' id='word_1_62' title='bbox 1755 838 1814 888; x_wconf 79' lang='grc' dir='ltr'>ὲν</span> <span class='ocrx_word' id='word_1_63' title='bbox 1841 827 1922 896; x_wconf 78' lang='grc' dir='ltr'>οἷς</span> 
     </span>
    </p>
   </div>
   <div class='ocr_carea' id='block_1_10' title="bbox 333 928 1856 1012">
    <p class='ocr_par' dir='ltr' id='par_1_10' title="bbox 333 928 1856 1012">
     <span class='ocr_line' id='line_1_10' title="bbox 333 928 1856 1012; baseline -0.003 -18"><span class='ocrx_word' id='word_1_64' title='bbox 333 940 582 1012; x_wconf 82' lang='grc' dir='ltr'>ώδήγησε</span> <span class='ocrx_word' id='word_1_65' title='bbox 631 941 723 994; x_wconf 77' lang='grc' dir='ltr'><strong>τὸν</strong></span> <span class='ocrx_word' id='word_1_66' title='bbox 767 940 895 994; x_wconf 83' lang='grc' dir='ltr'>λαὸν</span> <span class='ocrx_word' id='word_1_67' title='bbox 926 939 1092 994; x_wconf 83' lang='grc' dir='ltr'>αὐτοῦ</span> <span class='ocrx_word' id='word_1_68' title='bbox 1125 938 1214 993; x_wconf 77' lang='grc' dir='ltr'><strong>διὰ</strong></span> <span class='ocrx_word' id='word_1_69' title='bbox 1254 936 1532 1005; x_wconf 76' lang='grc' dir='ltr'><strong>θαλάσσης</strong></span> <span class='ocrx_word' id='word_1_70' title='bbox 1568 928 1856 1004; x_wconf 80' lang='grc' dir='ltr'>Ἐρυθρᾶς·</span> 
     </span>
    </p>
   </div>
   <div class='ocr_carea' id='block_1_11' title="bbox 824 1123 1432 1196">
    <p class='ocr_par' dir='ltr' id='par_1_11' title="bbox 824 1123 1432 1196">
     <span class='ocr_line' id='line_1_11' title="bbox 824 1123 1432 1196; baseline -0.003 -17"><span class='ocrx_word' id='word_1_71' title='bbox 824 1123 1122 1182; x_wconf 68' lang='lat' dir='ltr'><strong>mmo:</strong></span> <span class='ocrx_word' id='word_1_72' title='bbox 1160 1127 1256 1180; x_wconf 64' lang='lat' dir='ltr'><strong>oz&#39;</strong></span> <span class='ocrx_word' id='word_1_73' title='bbox 1300 1124 1432 1196; x_wconf 73' lang='lat' dir='ltr'><strong>(4i).</strong></span> 
     </span>
    </p>
   </div>
   <div class='ocr_carea' id='block_1_12' title="bbox 405 1213 1920 1286">
    <p class='ocr_par' dir='ltr' id='par_1_12' title="bbox 405 1213 1920 1286">
     <span class='ocr_line' id='line_1_12' title="bbox 405 1213 1920 1286; baseline -0.004 -13"><span class='ocrx_word' id='word_1_74' title='bbox 405 1220 516 1274; x_wconf 79' lang='grc' dir='ltr'><strong>Καὶ</strong></span> <span class='ocrx_word' id='word_1_75' title='bbox 549 1221 656 1286; x_wconf 83' lang='grc' dir='ltr'>τὰς</span> <span class='ocrx_word' id='word_1_76' title='bbox 691 1220 946 1286; x_wconf 69' lang='grc' dir='ltr'>ἐντολὰς</span> <span class='ocrx_word' id='word_1_77' title='bbox 974 1217 1164 1272; x_wconf 83' lang='grc' dir='ltr'>αὑτοῦ</span> <span class='ocrx_word' id='word_1_78' title='bbox 1203 1216 1577 1284; x_wconf 75' lang='grc' dir='ltr'>ἐκζητήσωσι</span> <span class='ocrx_word' id='word_1_79' title='bbox 1603 1254 1620 1279; x_wconf 94' lang='grc'><strong>,</strong></span> <span class='ocrx_word' id='word_1_80' title='bbox 1671 1232 1726 1268; x_wconf 92' lang='grc' dir='ltr'><strong>κ.</strong></span> <span class='ocrx_word' id='word_1_81' title='bbox 1772 1231 1824 1266; x_wconf 89' lang='grc' dir='ltr'>τ.</span> <span class='ocrx_word' id='word_1_82' title='bbox 1874 1213 1920 1267; x_wconf 83' lang='grc' dir='ltr'>ὲ.</span> 
     </span>
    </p>
   </div>
   <div class='ocr_carea' id='block_1_13' title="bbox 333 1306 1923 1381">
    <p class='ocr_par' dir='ltr' id='par_1_13' title="bbox 333 1306 1923 1381">
     <span class='ocr_line' id='line_1_13' title="bbox 333 1306 1923 1381; baseline -0.006 -16"><span class='ocrx_word' id='word_1_83' title='bbox 333 1311 398 1366; x_wconf 77' lang='lat' dir='ltr'><strong>Ol</strong></span> <span class='ocrx_word' id='word_1_84' title='bbox 444 1311 546 1376; x_wconf 83' lang='grc' dir='ltr'>τὰς</span> <span class='ocrx_word' id='word_1_85' title='bbox 590 1310 811 1374; x_wconf 83' lang='grc' dir='ltr'>ὲντολὰς</span> <span class='ocrx_word' id='word_1_86' title='bbox 861 1311 1218 1381; x_wconf 77' lang='grc' dir='ltr'>ὲκζητοῦντες</span> <span class='ocrx_word' id='word_1_87' title='bbox 1256 1308 1351 1362; x_wconf 84' lang='grc' dir='ltr'><strong>τοῦ</strong></span> <span class='ocrx_word' id='word_1_88' title='bbox 1392 1308 1526 1362; x_wconf 87' lang='grc' dir='ltr'>Θεοῦ</span> <span class='ocrx_word' id='word_1_89' title='bbox 1563 1309 1624 1361; x_wconf 79' lang='grc' dir='ltr'><strong>οὐ</strong></span> <span class='ocrx_word' id='word_1_90' title='bbox 1682 1306 1923 1374; x_wconf 83' lang='grc' dir='ltr'>γίνονται</span> 
     </span>
    </p>
   </div>
   <div class='ocr_carea' id='block_1_14' title="bbox 333 1403 1234 1476">
    <p class='ocr_par' dir='ltr' id='par_1_14' title="bbox 333 1403 1234 1476">
     <span class='ocr_line' id='line_1_14' title="bbox 333 1403 1234 1476; baseline 0 -20"><span class='ocrx_word' id='word_1_91' title='bbox 333 1404 546 1475; x_wconf 73' lang='grc' dir='ltr'>ψεκτοὶ,</span> <span class='ocrx_word' id='word_1_92' title='bbox 571 1403 646 1466; x_wconf 83' lang='grc' dir='ltr'>ὡς</span> <span class='ocrx_word' id='word_1_93' title='bbox 676 1404 727 1456; x_wconf 81' lang='grc' dir='ltr'>οἱ</span> <span class='ocrx_word' id='word_1_94' title='bbox 760 1403 998 1476; x_wconf 77' lang='grc' dir='ltr'><strong>πατέρες</strong></span> <span class='ocrx_word' id='word_1_95' title='bbox 1032 1403 1234 1456; x_wconf 83' lang='grc' dir='ltr'>αὐτῶν.</span> 
     </span>
    </p>
   </div>
   <div class='ocr_carea' id='block_1_15' title="bbox 419 1481 1922 1564">
    <p class='ocr_par' dir='ltr' id='par_1_15' title="bbox 419 1481 1922 1564">
     <span class='ocr_line' id='line_1_15' title="bbox 419 1481 1922 1564; baseline -0.003 -17"><span class='ocrx_word' id='word_1_96' title='bbox 419 1494 846 1564; x_wconf 64' lang='grc' dir='ltr'>Ἑστράφησαν</span> <span class='ocrx_word' id='word_1_97' title='bbox 873 1496 944 1548; x_wconf 78' lang='grc' dir='ltr'>ἐν</span> <span class='ocrx_word' id='word_1_98' title='bbox 977 1494 1168 1564; x_wconf 76' lang='grc' dir='ltr'><strong>ἡμέρᾳ</strong></span> <span class='ocrx_word' id='word_1_99' title='bbox 1193 1495 1486 1564; x_wconf 67' lang='grc' dir='ltr'>πολέμου,</span> <span class='ocrx_word' id='word_1_100' title='bbox 1522 1511 1574 1546; x_wconf 87' lang='grc' dir='ltr'><strong>κ.</strong></span> <span class='ocrx_word' id='word_1_101' title='bbox 1603 1509 1655 1546; x_wconf 90' lang='grc' dir='ltr'><strong>τ.</strong></span> <span class='ocrx_word' id='word_1_102' title='bbox 1681 1492 1726 1546; x_wconf 75' lang='grc' dir='ltr'>ἑ.</span> <span class='ocrx_word' id='word_1_103' title='bbox 1757 1481 1922 1552; x_wconf 72' lang='grc' dir='ltr'>Οὗτος</span> 
     </span>
    </p>
   </div>
   <div class='ocr_carea' id='block_1_16' title="bbox 2035 556 3622 636">
    <p class='ocr_par' dir='ltr' id='par_1_16' title="bbox 2035 556 3622 636">
     <span class='ocr_line' id='line_1_16' title="bbox 2035 556 3622 636; baseline 0.007 -29"><span class='ocrx_word' id='word_1_104' title='bbox 2035 574 2053 607; x_wconf 71' lang='grc' dir='ltr'><strong>ι</strong></span> <span class='ocrx_word' id='word_1_105' title='bbox 2084 556 2487 626; x_wconf 74' lang='lat' dir='ltr'><strong>inrestigabiles</strong></span> <span class='ocrx_word' id='word_1_106' title='bbox 2517 559 2615 613; x_wconf 73' lang='lat' dir='ltr'><strong>via:</strong></span> <span class='ocrx_word' id='word_1_107' title='bbox 2646 559 2786 629; x_wconf 84' lang='lat' dir='ltr'><strong>ejus.</strong></span> <span class='ocrx_word' id='word_1_108' title='bbox 2817 580 2835 614; x_wconf 75' lang='grc' dir='ltr'><strong>ι</strong></span> <span class='ocrx_word' id='word_1_109' title='bbox 2875 561 3220 633; x_wconf 64' lang='lat' dir='ltr'><strong>Quapropter</strong></span> <span class='ocrx_word' id='word_1_110' title='bbox 3250 583 3270 615; x_wconf 75' lang='grc' dir='ltr'><strong>ι</strong></span> <span class='ocrx_word' id='word_1_111' title='bbox 3299 575 3354 619; x_wconf 87' lang='lat' dir='ltr'><strong>et</strong></span> <span class='ocrx_word' id='word_1_112' title='bbox 3388 565 3622 636; x_wconf 76' lang='lat' dir='ltr'><strong>vestigia</strong></span> 
     </span>
    </p>
   </div>
   <div class='ocr_carea' id='block_1_17' title="bbox 2031 646 3626 723">
    <p class='ocr_par' dir='ltr' id='par_1_17' title="bbox 2031 646 3626 723">
     <span class='ocr_line' id='line_1_17' title="bbox 2031 646 3626 723; baseline 0.009 -25"><span class='ocrx_word' id='word_1_113' title='bbox 2031 646 2151 717; x_wconf 81' lang='lat' dir='ltr'><strong>ejus</strong></span> <span class='ocrx_word' id='word_1_114' title='bbox 2184 664 2290 703; x_wconf 88' lang='lat' dir='ltr'><strong>non</strong></span> <span class='ocrx_word' id='word_1_115' title='bbox 2335 660 2778 720; x_wconf 68' lang='lat' dir='ltr'><strong>cognoscentur»</strong></span> <span class='ocrx_word' id='word_1_116' title='bbox 2841 653 2892 708; x_wconf 92' lang='lat' dir='ltr'><strong>in</strong></span> <span class='ocrx_word' id='word_1_117' title='bbox 2945 655 3079 709; x_wconf 89' lang='lat' dir='ltr'><strong>mari</strong></span> <span class='ocrx_word' id='word_1_118' title='bbox 3125 656 3503 723; x_wconf 78' lang='lat' dir='ltr'><strong>ambulantis,</strong></span> <span class='ocrx_word' id='word_1_119' title='bbox 3571 669 3626 713; x_wconf 93' lang='lat' dir='ltr'><strong>et</strong></span> 
     </span>
    </p>
   </div>
   <div class='ocr_carea' id='block_1_18' title="bbox 2032 739 3626 818">
    <p class='ocr_par' dir='ltr' id='par_1_18' title="bbox 2032 739 3626 818">
     <span class='ocr_line' id='line_1_18' title="bbox 2032 739 3626 818; baseline 0.006 -26"><span class='ocrx_word' id='word_1_120' title='bbox 2032 741 2260 794; x_wconf 88' lang='lat' dir='ltr'><strong>semitas</strong></span> <span class='ocrx_word' id='word_1_121' title='bbox 2289 740 2342 794; x_wconf 91' lang='lat' dir='ltr'><strong>in</strong></span> <span class='ocrx_word' id='word_1_122' title='bbox 2375 739 2533 810; x_wconf 85' lang='lat' dir='ltr'><strong>aquis</strong></span> <span class='ocrx_word' id='word_1_123' title='bbox 2568 742 2754 798; x_wconf 88' lang='lat' dir='ltr'><strong>multis</strong></span> <span class='ocrx_word' id='word_1_124' title='bbox 2780 745 3058 811; x_wconf 86' lang='lat' dir='ltr'><strong>habentis,</strong></span> <span class='ocrx_word' id='word_1_125' title='bbox 3086 747 3140 801; x_wconf 89' lang='lat' dir='ltr'><strong>in</strong></span> <span class='ocrx_word' id='word_1_126' title='bbox 3165 750 3367 818; x_wconf 80' lang='lat' dir='ltr'><strong>quibus</strong></span> <span class='ocrx_word' id='word_1_127' title='bbox 3394 749 3626 806; x_wconf 81' lang='lat' dir='ltr'><strong>deduxit</strong></span> 
     </span>
    </p>
   </div>
   <div class='ocr_carea' id='block_1_19' title="bbox 2031 831 3092 905">
    <p class='ocr_par' dir='ltr' id='par_1_19' title="bbox 2031 831 3092 905">
     <span class='ocr_line' id='line_1_19' title="bbox 2031 831 3092 905; baseline 0.01 -22"><span class='ocrx_word' id='word_1_128' title='bbox 2031 831 2286 903; x_wconf 88' lang='lat' dir='ltr'><strong>populmn</strong></span> <span class='ocrx_word' id='word_1_129' title='bbox 2321 848 2478 890; x_wconf 90' lang='lat' dir='ltr'><strong>suum</strong></span> <span class='ocrx_word' id='word_1_130' title='bbox 2514 849 2610 905; x_wconf 86' lang='lat' dir='ltr'><strong>per</strong></span> <span class='ocrx_word' id='word_1_131' title='bbox 2639 850 2790 892; x_wconf 89' lang='lat' dir='ltr'><strong>mare</strong></span> <span class='ocrx_word' id='word_1_132' title='bbox 2826 836 3092 894; x_wconf 77' lang='lat' dir='ltr'><strong>Rubrum.</strong></span> 
     </span>
    </p>
   </div>
   <div class='ocr_carea' id='block_1_20' title="bbox 2509 1109 3128 1168">
    <p class='ocr_par' dir='ltr' id='par_1_20' title="bbox 2509 1109 3128 1168">
     <span class='ocr_line' id='line_1_20' title="bbox 2509 1109 3128 1168; baseline 0.008 -6"><span class='ocrx_word' id='word_1_133' title='bbox 2509 1109 2833 1166; x_wconf 80' lang='lat' dir='ltr'><strong>PSALMUS</strong></span> <span class='ocrx_word' id='word_1_134' title='bbox 2871 1111 3128 1168; x_wconf 82' lang='lat' dir='ltr'><strong>LXXVII.</strong></span> 
     </span>
    </p>
   </div>
   <div class='ocr_carea' id='block_1_21' title="bbox 2109 1202 3618 1278">
    <p class='ocr_par' dir='ltr' id='par_1_21' title="bbox 2109 1202 3618 1278">
     <span class='ocr_line' id='line_1_21' title="bbox 2109 1202 3618 1278; baseline 0.003 -16"><span class='ocrx_word' id='word_1_135' title='bbox 2109 1207 2275 1262; x_wconf 71' lang='lat' dir='ltr'><strong>Vens.</strong></span> <span class='ocrx_word' id='word_1_136' title='bbox 2325 1205 2382 1258; x_wconf 86' lang='lat'><strong>7.</strong></span> <span class='ocrx_word' id='word_1_137' title='bbox 2435 1202 2505 1256; x_wconf 86' lang='lat' dir='ltr'><strong>Et</strong></span> <span class='ocrx_word' id='word_1_138' title='bbox 2564 1206 2820 1260; x_wconf 72' lang='lat' dir='ltr'><strong>orandam</strong></span> <span class='ocrx_word' id='word_1_139' title='bbox 2859 1208 2976 1277; x_wconf 88' lang='lat' dir='ltr'><strong>ejus</strong></span> <span class='ocrx_word' id='word_1_140' title='bbox 3007 1208 3307 1278; x_wconf 77' lang='lat' dir='ltr'><strong>exquirant,</strong></span> <span class='ocrx_word' id='word_1_141' title='bbox 3357 1219 3460 1265; x_wconf 84' lang='lat' dir='ltr'><strong>etc.</strong></span> <span class='ocrx_word' id='word_1_142' title='bbox 3515 1211 3618 1278; x_wconf 82' lang='lat' dir='ltr'><strong>Qut</strong></span> 
     </span>
    </p>
   </div>
   <div class='ocr_carea' id='block_1_22' title="bbox 2035 1296 3617 1370">
    <p class='ocr_par' dir='ltr' id='par_1_22' title="bbox 2035 1296 3617 1370">
     <span class='ocr_line' id='line_1_22' title="bbox 2035 1296 3617 1370; baseline 0.003 -18"><span class='ocrx_word' id='word_1_143' title='bbox 2035 1299 2292 1352; x_wconf 89' lang='lat' dir='ltr'><strong>mandata</strong></span> <span class='ocrx_word' id='word_1_144' title='bbox 2328 1296 2419 1350; x_wconf 90' lang='lat' dir='ltr'><strong>Dei</strong></span> <span class='ocrx_word' id='word_1_145' title='bbox 2456 1297 2791 1364; x_wconf 79' lang='lat' dir='ltr'><strong>exquirunt,</strong></span> <span class='ocrx_word' id='word_1_146' title='bbox 2834 1297 2867 1350; x_wconf 90' lang='lat' dir='ltr'><strong>ii</strong></span> <span class='ocrx_word' id='word_1_147' title='bbox 2898 1314 3004 1352; x_wconf 89' lang='lat' dir='ltr'><strong>non</strong></span> <span class='ocrx_word' id='word_1_148' title='bbox 3048 1307 3173 1352; x_wconf 90' lang='lat' dir='ltr'><strong>sunt</strong></span> <span class='ocrx_word' id='word_1_149' title='bbox 3209 1301 3617 1370; x_wconf 83' lang='lat' dir='ltr'><strong>reprehensioni</strong></span> 
     </span>
    </p>
   </div>
   <div class='ocr_carea' id='block_1_23' title="bbox 2037 1391 2912 1459">
    <p class='ocr_par' dir='ltr' id='par_1_23' title="bbox 2037 1391 2912 1459">
     <span class='ocr_line' id='line_1_23' title="bbox 2037 1391 2912 1459; baseline -0.002 -13"><span class='ocrx_word' id='word_1_150' title='bbox 2037 1391 2284 1455; x_wconf 74' lang='lat' dir='ltr'><strong>obnoxii,</strong></span> <span class='ocrx_word' id='word_1_151' title='bbox 2315 1391 2457 1444; x_wconf 86' lang='lat' dir='ltr'><strong>sicut</strong></span> <span class='ocrx_word' id='word_1_152' title='bbox 2491 1399 2673 1459; x_wconf 82' lang='lat' dir='ltr'><strong>patres</strong></span> <span class='ocrx_word' id='word_1_153' title='bbox 2700 1405 2912 1444; x_wconf 89' lang='lat' dir='ltr'><strong>eorum.</strong></span> 
     </span>
    </p>
   </div>
   <div class='ocr_carea' id='block_1_24' title="bbox 2112 1480 3620 1551">
    <p class='ocr_par' dir='ltr' id='par_1_24' title="bbox 2112 1480 3620 1551">
     <span class='ocr_line' id='line_1_24' title="bbox 2112 1480 3620 1551; baseline 0 -15"><span class='ocrx_word' id='word_1_154' title='bbox 2112 1481 2278 1536; x_wconf 76' lang='lat' dir='ltr'><strong>Vens.</strong></span> <span class='ocrx_word' id='word_1_155' title='bbox 2310 1480 2364 1536; x_wconf 89' lang='lat'><strong>9.</strong></span> <span class='ocrx_word' id='word_1_156' title='bbox 2401 1482 2655 1536; x_wconf 73' lang='lat' dir='ltr'><strong>Conversi</strong></span> <span class='ocrx_word' id='word_1_157' title='bbox 2682 1492 2804 1537; x_wconf 88' lang='lat' dir='ltr'><strong>sunt</strong></span> <span class='ocrx_word' id='word_1_158' title='bbox 2839 1482 2893 1536; x_wconf 85' lang='lat' dir='ltr'><strong>in</strong></span> <span class='ocrx_word' id='word_1_159' title='bbox 2922 1481 3006 1536; x_wconf 77' lang='lat' dir='ltr'><strong>die</strong></span> <span class='ocrx_word' id='word_1_160' title='bbox 3033 1481 3180 1547; x_wconf 76' lang='lat' dir='ltr'><strong>belli,</strong></span> <span class='ocrx_word' id='word_1_161' title='bbox 3212 1491 3320 1536; x_wconf 88' lang='lat' dir='ltr'><strong>etc.</strong></span> <span class='ocrx_word' id='word_1_162' title='bbox 3348 1481 3441 1536; x_wconf 87' lang='lat' dir='ltr'><strong>Ille</strong></span> <span class='ocrx_word' id='word_1_163' title='bbox 3469 1491 3620 1551; x_wconf 72' lang='lat' dir='ltr'><strong>terga</strong></span> 
     </span>
    </p>
   </div>
   <div class='ocr_carea' id='block_1_25' title="bbox 335 1573 1931 1661">
    <p class='ocr_par' dir='ltr' id='par_1_25' title="bbox 335 1584 1930 1661">
     <span class='ocr_line' id='line_1_25' title="bbox 335 1584 1930 1661; baseline -0.004 -21"><span class='ocrx_word' id='word_1_164' title='bbox 335 1585 480 1640; x_wconf 75' lang='grc' dir='ltr'><strong>νᾶηα</strong></span> <span class='ocrx_word' id='word_1_165' title='bbox 507 1585 688 1640; x_wconf 86' lang='grc' dir='ltr'>δίδωσι</span> <span class='ocrx_word' id='word_1_166' title='bbox 720 1591 831 1652; x_wconf 82' lang='grc' dir='ltr'>τοῖς</span> <span class='ocrx_word' id='word_1_167' title='bbox 854 1588 1100 1660; x_wconf 68' lang='grc' dir='ltr'>ἐχθροῖς,</span> <span class='ocrx_word' id='word_1_168' title='bbox 1133 1588 1163 1642; x_wconf 66' lang='grc' dir='ltr'><strong>ὅ</strong></span> <span class='ocrx_word' id='word_1_169' title='bbox 1211 1589 1285 1661; x_wconf 83' lang='grc' dir='ltr'>μὴ</span> <span class='ocrx_word' id='word_1_170' title='bbox 1319 1588 1610 1658; x_wconf 77' lang='grc' dir='ltr'><strong>φυλάσσων</strong></span> <span class='ocrx_word' id='word_1_171' title='bbox 1640 1585 1732 1640; x_wconf 80' lang='grc' dir='ltr'><strong>τὸν</strong></span> <span class='ocrx_word' id='word_1_172' title='bbox 1765 1584 1930 1654; x_wconf 88' lang='grc' dir='ltr'>νόμον</span> 
     </span>
    </p>
   </div>
   <div class='ocr_carea' id='block_1_26' title="bbox 2036 1573 3308 1661">
    <p class='ocr_par' dir='ltr' id='par_1_26' title="bbox 2036 1573 3308 1644">
     <span class='ocr_line' id='line_1_26' title="bbox 2036 1573 3308 1644; baseline -0.002 -15"><span class='ocrx_word' id='word_1_173' title='bbox 2036 1573 2124 1629; x_wconf 83' lang='lat' dir='ltr'><strong>dat</strong></span> <span class='ocrx_word' id='word_1_174' title='bbox 2151 1573 2420 1639; x_wconf 87' lang='lat' dir='ltr'><strong>hostibus,</strong></span> <span class='ocrx_word' id='word_1_175' title='bbox 2461 1573 2552 1644; x_wconf 86' lang='lat' dir='ltr'><strong>qui</strong></span> <span class='ocrx_word' id='word_1_176' title='bbox 2581 1574 2757 1644; x_wconf 76' lang='lat' dir='ltr'><strong>legem</strong></span> <span class='ocrx_word' id='word_1_177' title='bbox 2788 1573 2882 1628; x_wconf 86' lang='lat' dir='ltr'><strong>Dei</strong></span> <span class='ocrx_word' id='word_1_178' title='bbox 2909 1589 3016 1628; x_wconf 89' lang='lat' dir='ltr'><strong>non</strong></span> <span class='ocrx_word' id='word_1_179' title='bbox 3047 1574 3308 1629; x_wconf 82' lang='lat' dir='ltr'><strong>custodit.</strong></span> 
     </span>
    </p>
   </div>
   <div class='ocr_carea' id='block_1_27' title="bbox 333 1679 611 1735">
    <p class='ocr_par' dir='ltr' id='par_1_27' title="bbox 333 1679 611 1735">
     <span class='ocr_line' id='line_1_27' title="bbox 333 1679 611 1735; baseline 0.007 -2"><span class='ocrx_word' id='word_1_180' title='bbox 333 1679 431 1734; x_wconf 88' lang='grc' dir='ltr'><strong>τοῦ</strong></span> <span class='ocrx_word' id='word_1_181' title='bbox 455 1680 611 1735; x_wconf 86' lang='grc' dir='ltr'>Θεοῦ.</span> 
     </span>
    </p>
   </div>
   <div class='ocr_carea' id='block_1_28' title="bbox 407 1772 1926 1845">
    <p class='ocr_par' dir='ltr' id='par_1_28' title="bbox 407 1772 1926 1845">
     <span class='ocr_line' id='line_1_28' title="bbox 407 1772 1926 1845; baseline 0 -20"><span class='ocrx_word' id='word_1_182' title='bbox 407 1772 519 1826; x_wconf 83' lang='lat' dir='ltr'><strong>Kal</strong></span> <span class='ocrx_word' id='word_1_183' title='bbox 549 1773 913 1840; x_wconf 80' lang='grc' dir='ltr'>προσέθεντο</span> <span class='ocrx_word' id='word_1_184' title='bbox 947 1773 1035 1828; x_wconf 77' lang='grc' dir='ltr'>ἔτι</span> <span class='ocrx_word' id='word_1_185' title='bbox 1083 1774 1190 1829; x_wconf 86' lang='grc' dir='ltr'><strong>τοῦ</strong></span> <span class='ocrx_word' id='word_1_186' title='bbox 1246 1775 1610 1845; x_wconf 80' lang='grc' dir='ltr'><strong>ἁμαρτάνειν</strong></span> <span class='ocrx_word' id='word_1_187' title='bbox 1648 1773 1828 1840; x_wconf 85' lang='grc' dir='ltr'>αὐτῷ,</span> <span class='ocrx_word' id='word_1_188' title='bbox 1871 1791 1926 1826; x_wconf 89' lang='grc' dir='ltr'><strong>κ.</strong></span> 
     </span>
    </p>
   </div>
   <div class='ocr_carea' id='block_1_29' title="bbox 2101 1751 3621 1822">
    <p class='ocr_par' dir='ltr' id='par_1_29' title="bbox 2101 1751 3621 1822">
     <span class='ocr_line' id='line_1_29' title="bbox 2101 1751 3621 1822; baseline -0.003 -14"><span class='ocrx_word' id='word_1_189' title='bbox 2101 1752 2269 1809; x_wconf 70' lang='lat' dir='ltr'><strong>Vnus.</strong></span> <span class='ocrx_word' id='word_1_190' title='bbox 2305 1752 2392 1806; x_wconf 81' lang='grc' dir='ltr'>Π.</span> <span class='ocrx_word' id='word_1_191' title='bbox 2443 1751 2510 1806; x_wconf 86' lang='lat' dir='ltr'><strong>Et</strong></span> <span class='ocrx_word' id='word_1_192' title='bbox 2554 1761 2913 1822; x_wconf 71' lang='lat' dir='ltr'><strong>opposuerunt</strong></span> <span class='ocrx_word' id='word_1_193' title='bbox 2949 1751 3122 1805; x_wconf 82' lang='lat' dir='ltr'><strong>adhuc</strong></span> <span class='ocrx_word' id='word_1_194' title='bbox 3147 1768 3364 1821; x_wconf 84' lang='lat' dir='ltr'><strong>peccare</strong></span> <span class='ocrx_word' id='word_1_195' title='bbox 3393 1752 3476 1818; x_wconf 86' lang='lat' dir='ltr'><strong>ei,</strong></span> <span class='ocrx_word' id='word_1_196' title='bbox 3507 1760 3621 1807; x_wconf 89' lang='lat' dir='ltr'><strong>etc.</strong></span> 
     </span>
    </p>
   </div>
   <div class='ocr_carea' id='block_1_30' title="bbox 333 1831 1931 1936">
    <p class='ocr_par' dir='ltr' id='par_1_30' title="bbox 333 1831 1885 1936">
     <span class='ocr_line' id='line_1_30' title="bbox 333 1831 1885 1936; baseline 0 -21"><span class='ocrx_word' id='word_1_197' title='bbox 333 1879 387 1916; x_wconf 83' lang='grc' dir='ltr'><strong>τ.</strong></span> <span class='ocrx_word' id='word_1_198' title='bbox 422 1862 469 1915; x_wconf 82' lang='grc' dir='ltr'>ἑ.</span> <span class='ocrx_word' id='word_1_199' title='bbox 509 1831 605 1926; x_wconf 63' lang='grc' dir='ltr'>Ὠς</span> <span class='ocrx_word' id='word_1_200' title='bbox 630 1862 867 1934; x_wconf 79' lang='grc' dir='ltr'>χαλεπὸν</span> <span class='ocrx_word' id='word_1_201' title='bbox 896 1863 957 1916; x_wconf 87' lang='grc' dir='ltr'>τδ</span> <span class='ocrx_word' id='word_1_202' title='bbox 989 1863 1126 1934; x_wconf 82' lang='grc' dir='ltr'>μετὰ</span> <span class='ocrx_word' id='word_1_203' title='bbox 1153 1865 1255 1936; x_wconf 78' lang='grc' dir='ltr'><strong>τὴν</strong></span> <span class='ocrx_word' id='word_1_204' title='bbox 1281 1831 1485 1934; x_wconf 70' lang='grc' dir='ltr'>γνώσιν</span> <span class='ocrx_word' id='word_1_205' title='bbox 1513 1831 1885 1936; x_wconf 71' lang='grc' dir='ltr'>ἁμαρτάνεινί</span> 
     </span>
    </p>
   </div>
   <div class='ocr_carea' id='block_1_31' title="bbox 2036 1831 3358 1936">
    <p class='ocr_par' dir='ltr' id='par_1_31' title="bbox 2036 1846 3358 1918">
     <span class='ocr_line' id='line_1_31' title="bbox 2036 1846 3358 1918; baseline -0.001 -15"><span class='ocrx_word' id='word_1_206' title='bbox 2036 1849 2206 1918; x_wconf 85' lang='lat' dir='ltr'><strong>Quam</strong></span> <span class='ocrx_word' id='word_1_207' title='bbox 2241 1848 2396 1904; x_wconf 86' lang='lat' dir='ltr'><strong>triste</strong></span> <span class='ocrx_word' id='word_1_208' title='bbox 2423 1857 2510 1903; x_wconf 88' lang='lat' dir='ltr'><strong>cst</strong></span> <span class='ocrx_word' id='word_1_209' title='bbox 2533 1846 2702 1902; x_wconf 89' lang='lat' dir='ltr'><strong>semel</strong></span> <span class='ocrx_word' id='word_1_210' title='bbox 2727 1847 3067 1902; x_wconf 90' lang='lat' dir='ltr'><strong>illuminatos</strong></span> <span class='ocrx_word' id='word_1_211' title='bbox 3099 1849 3358 1916; x_wconf 82' lang='lat' dir='ltr'><strong>peccare!</strong></span> 
     </span>
    </p>
   </div>
   <div class='ocr_carea' id='block_1_32' title="bbox 405 1953 1925 2028">
    <p class='ocr_par' dir='ltr' id='par_1_32' title="bbox 405 1953 1925 2028">
     <span class='ocr_line' id='line_1_32' title="bbox 405 1953 1925 2028; baseline 0.001 -21"><span class='ocrx_word' id='word_1_212' title='bbox 405 1953 504 2023; x_wconf 79' lang='grc' dir='ltr'><strong>Μὴ</strong></span> <span class='ocrx_word' id='word_1_213' title='bbox 549 1955 877 2022; x_wconf 75' lang='grc' dir='ltr'>δυνήσεται</span> <span class='ocrx_word' id='word_1_214' title='bbox 916 1960 950 2010; x_wconf 83' lang='grc' dir='ltr'><strong><em>ὁ</em></strong></span> <span class='ocrx_word' id='word_1_215' title='bbox 990 1958 1136 2024; x_wconf 84' lang='grc' dir='ltr'><strong>Θεὸς</strong></span> <span class='ocrx_word' id='word_1_216' title='bbox 1167 1957 1478 2028; x_wconf 77' lang='grc' dir='ltr'><strong>ἑτοιμάσαι</strong></span> <span class='ocrx_word' id='word_1_217' title='bbox 1527 1956 1825 2026; x_wconf 71' lang='grc' dir='ltr'>τράπεζαν</span> <span class='ocrx_word' id='word_1_218' title='bbox 1856 1957 1925 2009; x_wconf 83' lang='grc' dir='ltr'>ἐν</span> 
     </span>
    </p>
   </div>
   <div class='ocr_carea' id='block_1_33' title="bbox 2101 1938 3620 2010">
    <p class='ocr_par' dir='ltr' id='par_1_33' title="bbox 2101 1938 3620 2010">
     <span class='ocr_line' id='line_1_33' title="bbox 2101 1938 3620 2010; baseline -0.003 -12"><span class='ocrx_word' id='word_1_219' title='bbox 2101 1943 2266 1998; x_wconf 67' lang='lat' dir='ltr'><strong>Vsus.</strong></span> <span class='ocrx_word' id='word_1_220' title='bbox 2319 1941 2407 1997; x_wconf 78' lang='lat' dir='ltr'><strong>I9.</strong></span> <span class='ocrx_word' id='word_1_221' title='bbox 2462 1939 2723 2010; x_wconf 81' lang='lat' dir='ltr'><strong>Nunquid</strong></span> <span class='ocrx_word' id='word_1_222' title='bbox 2761 1941 2954 2009; x_wconf 83' lang='lat' dir='ltr'><strong>poterit</strong></span> <span class='ocrx_word' id='word_1_223' title='bbox 2994 1938 3137 1993; x_wconf 86' lang='lat' dir='ltr'><strong>Deus</strong></span> <span class='ocrx_word' id='word_1_224' title='bbox 3165 1955 3360 2009; x_wconf 84' lang='lat' dir='ltr'><strong>parare</strong></span> <span class='ocrx_word' id='word_1_225' title='bbox 3387 1956 3620 1993; x_wconf 86' lang='lat' dir='ltr'><strong>mensam</strong></span> 
     </span>
    </p>
   </div>
   <div class='ocr_carea' id='block_1_34' title="bbox 333 2031 1931 2120">
    <p class='ocr_par' dir='ltr' id='par_1_34' title="bbox 333 2043 1926 2120">
     <span class='ocr_line' id='line_1_34' title="bbox 333 2043 1926 2120; baseline -0.001 -21"><span class='ocrx_word' id='word_1_226' title='bbox 333 2043 576 2113; x_wconf 78' lang='grc' dir='ltr'><strong>ἐρήμῳ;</strong></span> <span class='ocrx_word' id='word_1_227' title='bbox 611 2062 666 2099; x_wconf 88' lang='grc' dir='ltr'><strong>κ.</strong></span> <span class='ocrx_word' id='word_1_228' title='bbox 722 2063 773 2101; x_wconf 83' lang='grc' dir='ltr'><strong>τ.</strong></span> <span class='ocrx_word' id='word_1_229' title='bbox 817 2048 862 2100; x_wconf 78' lang='grc' dir='ltr'>ἑ.</span> <span class='ocrx_word' id='word_1_230' title='bbox 900 2047 1148 2120; x_wconf 82' lang='grc' dir='ltr'>Ἔρημον</span> <span class='ocrx_word' id='word_1_231' title='bbox 1191 2044 1355 2102; x_wconf 75' lang='grc' dir='ltr'>οὖσαν</span> <span class='ocrx_word' id='word_1_232' title='bbox 1399 2048 1461 2102; x_wconf 85' lang='grc' dir='ltr'><strong>τὸ</strong></span> <span class='ocrx_word' id='word_1_233' title='bbox 1511 2047 1780 2118; x_wconf 88' lang='grc' dir='ltr'>πρότερον</span> <span class='ocrx_word' id='word_1_234' title='bbox 1827 2045 1926 2117; x_wconf 81' lang='grc' dir='ltr'>τὴν</span> 
     </span>
    </p>
   </div>
   <div class='ocr_carea' id='block_1_35' title="bbox 2036 2031 3619 2120">
    <p class='ocr_par' dir='ltr' id='par_1_35' title="bbox 2036 2031 3619 2102">
     <span class='ocr_line' id='line_1_35' title="bbox 2036 2031 3619 2102; baseline -0.002 -13"><span class='ocrx_word' id='word_1_235' title='bbox 2036 2037 2084 2090; x_wconf 88' lang='lat' dir='ltr'><strong>in</strong></span> <span class='ocrx_word' id='word_1_236' title='bbox 2129 2036 2381 2089; x_wconf 78' lang='lat' dir='ltr'><strong>deserto?</strong></span> <span class='ocrx_word' id='word_1_237' title='bbox 2429 2043 2537 2088; x_wconf 91' lang='lat' dir='ltr'><strong>etc.</strong></span> <span class='ocrx_word' id='word_1_238' title='bbox 2589 2033 2871 2089; x_wconf 88' lang='lat' dir='ltr'><strong>Desertam</strong></span> <span class='ocrx_word' id='word_1_239' title='bbox 2913 2034 3061 2102; x_wconf 89' lang='lat' dir='ltr'><strong>prius</strong></span> <span class='ocrx_word' id='word_1_240' title='bbox 3111 2033 3349 2086; x_wconf 85' lang='lat' dir='ltr'><strong>animam</strong></span> <span class='ocrx_word' id='word_1_241' title='bbox 3387 2031 3619 2086; x_wconf 72' lang='lat' dir='ltr'><strong>IIattha-i</strong></span> 
     </span>
    </p>
   </div>
   <div class='ocr_carea' id='block_1_36' title="bbox 333 2136 1926 2213">
    <p class='ocr_par' dir='ltr' id='par_1_36' title="bbox 333 2136 1926 2213">
     <span class='ocr_line' id='line_1_36' title="bbox 333 2136 1926 2213; baseline 0.001 -24"><span class='ocrx_word' id='word_1_242' title='bbox 333 2136 514 2207; x_wconf 80' lang='grc' dir='ltr'>ψυχὴν</span> <span class='ocrx_word' id='word_1_243' title='bbox 531 2138 814 2192; x_wconf 82' lang='grc' dir='ltr'>Ματθαίου</span> <span class='ocrx_word' id='word_1_244' title='bbox 841 2139 935 2192; x_wconf 87' lang='grc' dir='ltr'><strong>τοῦ</strong></span> <span class='ocrx_word' id='word_1_245' title='bbox 957 2139 1190 2193; x_wconf 85' lang='grc' dir='ltr'>τελώνου</span> <span class='ocrx_word' id='word_1_246' title='bbox 1208 2143 1236 2194; x_wconf 85' lang='grc' dir='ltr'>ὁ</span> <span class='ocrx_word' id='word_1_247' title='bbox 1256 2141 1450 2213; x_wconf 83' lang='grc' dir='ltr'>Σωτὴρ</span> <span class='ocrx_word' id='word_1_248' title='bbox 1472 2141 1504 2211; x_wconf 84' lang='grc' dir='ltr'>ἡ</span> <span class='ocrx_word' id='word_1_249' title='bbox 1513 2139 1629 2212; x_wconf 82' lang='grc' dir='ltr'>μῶν</span> <span class='ocrx_word' id='word_1_250' title='bbox 1659 2138 1926 2210; x_wconf 79' lang='grc' dir='ltr'>πεποίηκε</span> 
     </span>
    </p>
   </div>
   <div class='ocr_carea' id='block_1_37' title="bbox 332 2226 1928 2302">
    <p class='ocr_par' dir='ltr' id='par_1_37' title="bbox 332 2226 1928 2302">
     <span class='ocr_line' id='line_1_37' title="bbox 332 2226 1928 2302; baseline 0.003 -22"><span class='ocrx_word' id='word_1_251' title='bbox 332 2226 615 2300; x_wconf 79' lang='grc' dir='ltr'>τράπεζαν</span> <span class='ocrx_word' id='word_1_252' title='bbox 645 2229 953 2300; x_wconf 70' lang='grc' dir='ltr'>τρέφουσαν</span> <span class='ocrx_word' id='word_1_253' title='bbox 996 2231 1084 2285; x_wconf 73' lang='grc' dir='ltr'><strong>διὰ</strong></span> <span class='ocrx_word' id='word_1_254' title='bbox 1117 2231 1211 2285; x_wconf 86' lang='grc' dir='ltr'><strong>τοῦ</strong></span> <span class='ocrx_word' id='word_1_255' title='bbox 1255 2233 1589 2302; x_wconf 81' lang='grc' dir='ltr'>Εὐαγγελίου</span> <span class='ocrx_word' id='word_1_256' title='bbox 1621 2232 1720 2295; x_wconf 84' lang='grc' dir='ltr'>τὰς</span> <span class='ocrx_word' id='word_1_257' title='bbox 1751 2230 1928 2302; x_wconf 77' lang='grc' dir='ltr'>ψυχὰς</span> 
     </span>
    </p>
   </div>
   <div class='ocr_carea' id='block_1_38' title="bbox 333 2317 804 2392">
    <p class='ocr_par' dir='ltr' id='par_1_38' title="bbox 333 2317 804 2392">
     <span class='ocr_line' id='line_1_38' title="bbox 333 2317 804 2392; baseline 0.004 -21"><span class='ocrx_word' id='word_1_258' title='bbox 333 2319 447 2372; x_wconf 82' lang='grc' dir='ltr'><strong>τῶν</strong></span> <span class='ocrx_word' id='word_1_259' title='bbox 479 2317 577 2372; x_wconf 82' lang='grc' dir='ltr'><strong>ἀνθ</strong></span> <span class='ocrx_word' id='word_1_260' title='bbox 585 2319 804 2392; x_wconf 85' lang='grc' dir='ltr'>ρώπων.</span> 
     </span>
    </p>
   </div>
   <div class='ocr_carea' id='block_1_39' title="bbox 406 2411 1918 2482">
    <p class='ocr_par' dir='ltr' id='par_1_39' title="bbox 406 2411 1918 2482">
     <span class='ocr_line' id='line_1_39' title="bbox 406 2411 1918 2482; baseline 0.001 -19"><span class='ocrx_word' id='word_1_261' title='bbox 406 2411 516 2464; x_wconf 83' lang='lat' dir='ltr'><strong>Kal</strong></span> <span class='ocrx_word' id='word_1_262' title='bbox 555 2411 675 2479; x_wconf 78' lang='grc' dir='ltr'>πῦρ</span> <span class='ocrx_word' id='word_1_263' title='bbox 730 2411 971 2482; x_wconf 73' lang='grc' dir='ltr'><strong>ἀνήφθη</strong></span> <span class='ocrx_word' id='word_1_264' title='bbox 1017 2414 1087 2467; x_wconf 75' lang='grc' dir='ltr'>ἐν</span> <span class='ocrx_word' id='word_1_265' title='bbox 1123 2413 1342 2478; x_wconf 76' lang='grc' dir='ltr'>Ἰακὼϐ,</span> <span class='ocrx_word' id='word_1_266' title='bbox 1379 2412 1480 2468; x_wconf 75' lang='grc' dir='ltr'>καὶ</span> <span class='ocrx_word' id='word_1_267' title='bbox 1531 2412 1677 2482; x_wconf 76' lang='grc' dir='ltr'>ὀργὴ</span> <span class='ocrx_word' id='word_1_268' title='bbox 1734 2411 1918 2479; x_wconf 84' lang='grc' dir='ltr'><strong>ἀνέϐη</strong></span> 
     </span>
    </p>
   </div>
   <div class='ocr_carea' id='block_1_40' title="bbox 331 2502 1929 2577">
    <p class='ocr_par' dir='ltr' id='par_1_40' title="bbox 331 2502 1929 2577">
     <span class='ocr_line' id='line_1_40' title="bbox 331 2502 1929 2577; baseline 0.002 -21"><span class='ocrx_word' id='word_1_269' title='bbox 331 2502 434 2556; x_wconf 81' lang='grc' dir='ltr'><strong>ἐπὶ</strong></span> <span class='ocrx_word' id='word_1_270' title='bbox 469 2504 578 2556; x_wconf 80' lang='grc' dir='ltr'>τόν</span> <span class='ocrx_word' id='word_1_271' title='bbox 617 2504 876 2572; x_wconf 71' lang='grc' dir='ltr'>Ἰσραήλ,</span> <span class='ocrx_word' id='word_1_272' title='bbox 903 2523 959 2560; x_wconf 89' lang='grc' dir='ltr'><strong>κ.</strong></span> <span class='ocrx_word' id='word_1_273' title='bbox 993 2523 1044 2558; x_wconf 88' lang='grc' dir='ltr'>τ.</span> <span class='ocrx_word' id='word_1_274' title='bbox 1081 2507 1130 2560; x_wconf 76' lang='grc' dir='ltr'>ἑ.</span> <span class='ocrx_word' id='word_1_275' title='bbox 1175 2505 1296 2577; x_wconf 87' lang='grc' dir='ltr'>Πῦρ</span> <span class='ocrx_word' id='word_1_276' title='bbox 1349 2506 1446 2576; x_wconf 79' lang='grc' dir='ltr'>μὲν</span> <span class='ocrx_word' id='word_1_277' title='bbox 1490 2505 1792 2559; x_wconf 79' lang='grc' dir='ltr'>ἀνάπτεται</span> <span class='ocrx_word' id='word_1_278' title='bbox 1833 2504 1929 2559; x_wconf 77' lang='grc' dir='ltr'><strong>ἐπὶ</strong></span> 
     </span>
    </p>
   </div>
   <div class='ocr_carea' id='block_1_41' title="bbox 332 2596 1932 2670">
    <p class='ocr_par' dir='ltr' id='par_1_41' title="bbox 332 2596 1932 2670">
     <span class='ocr_line' id='line_1_41' title="bbox 332 2596 1932 2670; baseline -0.002 -18"><span class='ocrx_word' id='word_1_279' title='bbox 332 2597 427 2652; x_wconf 72' lang='grc' dir='ltr'>τὸν</span> <span class='ocrx_word' id='word_1_280' title='bbox 478 2597 808 2668; x_wconf 82' lang='grc' dir='ltr'>πρακτικὸν,</span> <span class='ocrx_word' id='word_1_281' title='bbox 852 2597 993 2670; x_wconf 84' lang='grc' dir='ltr'>ὀργὴ</span> <span class='ocrx_word' id='word_1_282' title='bbox 1033 2597 1091 2651; x_wconf 73' lang='grc' dir='ltr'><strong>δὲ</strong></span> <span class='ocrx_word' id='word_1_283' title='bbox 1135 2597 1413 2652; x_wconf 79' lang='grc' dir='ltr'>ἀναϐαίνει</span> <span class='ocrx_word' id='word_1_284' title='bbox 1453 2597 1547 2649; x_wconf 72' lang='grc' dir='ltr'><strong>ἐπὶ</strong></span> <span class='ocrx_word' id='word_1_285' title='bbox 1589 2596 1679 2649; x_wconf 83' lang='grc' dir='ltr'><strong>τὸν</strong></span> <span class='ocrx_word' id='word_1_286' title='bbox 1723 2596 1932 2666; x_wconf 82' lang='grc' dir='ltr'>θεωρη-</span> 
     </span>
    </p>
   </div>
   <div class='ocr_carea' id='block_1_42' title="bbox 334 2690 508 2744">
    <p class='ocr_par' dir='ltr' id='par_1_42' title="bbox 334 2690 508 2744">
     <span class='ocr_line' id='line_1_42' title="bbox 334 2690 508 2744; baseline -0.011 0"><span class='ocrx_word' id='word_1_287' title='bbox 334 2690 508 2744; x_wconf 79' lang='grc' dir='ltr'>τικόν.</span> 
     </span>
    </p>
   </div>
   <div class='ocr_carea' id='block_1_43' title="bbox 409 2777 1929 2852">
    <p class='ocr_par' dir='ltr' id='par_1_43' title="bbox 409 2777 1929 2852">
     <span class='ocr_line' id='line_1_43' title="bbox 409 2777 1929 2852; baseline -0.005 -14"><span class='ocrx_word' id='word_1_288' title='bbox 409 2783 517 2838; x_wconf 77' lang='grc' dir='ltr'><strong>Καὶ</strong></span> <span class='ocrx_word' id='word_1_289' title='bbox 545 2783 729 2850; x_wconf 81' lang='grc' dir='ltr'>θύρας</span> <span class='ocrx_word' id='word_1_290' title='bbox 754 2781 1017 2850; x_wconf 68' lang='grc' dir='ltr'>οΐφανοῦ</span> <span class='ocrx_word' id='word_1_291' title='bbox 1057 2779 1345 2845; x_wconf 78' lang='grc' dir='ltr'><strong>ἀνέῳξεν,</strong></span> <span class='ocrx_word' id='word_1_292' title='bbox 1375 2797 1429 2833; x_wconf 88' lang='grc' dir='ltr'><strong>κ.</strong></span> <span class='ocrx_word' id='word_1_293' title='bbox 1459 2797 1510 2833; x_wconf 90' lang='grc' dir='ltr'><strong>τ.</strong></span> <span class='ocrx_word' id='word_1_294' title='bbox 1540 2780 1586 2833; x_wconf 86' lang='grc' dir='ltr'>ὲ.</span> <span class='ocrx_word' id='word_1_295' title='bbox 1621 2777 1804 2852; x_wconf 82' lang='grc' dir='ltr'>Θύρας</span> <span class='ocrx_word' id='word_1_296' title='bbox 1836 2779 1929 2831; x_wconf 80' lang='grc' dir='ltr'>οὑ-</span> 
     </span>
    </p>
   </div>
   <div class='ocr_carea' id='block_1_44' title="bbox 337 2870 1932 2948">
    <p class='ocr_par' dir='ltr' id='par_1_44' title="bbox 337 2870 1932 2948">
     <span class='ocr_line' id='line_1_44' title="bbox 337 2870 1932 2948; baseline -0.004 -18"><span class='ocrx_word' id='word_1_297' title='bbox 337 2875 504 2948; x_wconf 85' lang='grc' dir='ltr'>ρανοῦ</span> <span class='ocrx_word' id='word_1_298' title='bbox 538 2874 688 2944; x_wconf 79' lang='grc' dir='ltr'>λέγει</span> <span class='ocrx_word' id='word_1_299' title='bbox 726 2876 919 2942; x_wconf 77' lang='grc' dir='ltr'>φύσεις</span> <span class='ocrx_word' id='word_1_300' title='bbox 949 2872 1176 2941; x_wconf 81' lang='grc' dir='ltr'>λογικὰς</span> <span class='ocrx_word' id='word_1_301' title='bbox 1205 2873 1346 2944; x_wconf 77' lang='grc' dir='ltr'>πρὸς</span> <span class='ocrx_word' id='word_1_302' title='bbox 1377 2870 1728 2924; x_wconf 81' lang='grc' dir='ltr'><strong>διδασκαλίαν</strong></span> <span class='ocrx_word' id='word_1_303' title='bbox 1771 2888 1932 2924; x_wconf 84' lang='grc' dir='ltr'>πνευ-</span> 
     </span>
    </p>
   </div>
   <div class='ocr_carea' id='block_1_45' title="bbox 338 2966 948 3040">
    <p class='ocr_par' dir='ltr' id='par_1_45' title="bbox 338 2966 948 3040">
     <span class='ocr_line' id='line_1_45' title="bbox 338 2966 948 3040; baseline -0.008 -17"><span class='ocrx_word' id='word_1_304' title='bbox 338 2967 578 3040; x_wconf 77' lang='grc' dir='ltr'>ματικὴν</span> <span class='ocrx_word' id='word_1_305' title='bbox 612 2966 948 3037; x_wconf 80' lang='grc' dir='ltr'>κινηθεισας.</span> 
     </span>
    </p>
   </div>
   <div class='ocr_carea' id='block_1_46' title="bbox 414 3051 1930 3131">
    <p class='ocr_par' dir='ltr' id='par_1_46' title="bbox 414 3051 1930 3131">
     <span class='ocr_line' id='line_1_46' title="bbox 414 3051 1930 3131; baseline -0.007 -15"><span class='ocrx_word' id='word_1_306' title='bbox 414 3064 626 3131; x_wconf 80' lang='grc' dir='ltr'>Ἄρτον</span> <span class='ocrx_word' id='word_1_307' title='bbox 673 3057 947 3128; x_wconf 56' lang='grc' dir='ltr'>ἀγγέλλω</span> <span class='ocrx_word' id='word_1_308' title='bbox 976 3055 1204 3126; x_wconf 69' lang='grc' dir='ltr'>ἔφαγεν</span> <span class='ocrx_word' id='word_1_309' title='bbox 1246 3055 1576 3124; x_wconf 80' lang='grc' dir='ltr'>ἄνθρωπος,</span> <span class='ocrx_word' id='word_1_310' title='bbox 1613 3071 1668 3108; x_wconf 90' lang='grc' dir='ltr'><strong>κ.</strong></span> <span class='ocrx_word' id='word_1_311' title='bbox 1698 3071 1747 3106; x_wconf 87' lang='grc' dir='ltr'><strong>τ.</strong></span> <span class='ocrx_word' id='word_1_312' title='bbox 1783 3053 1829 3104; x_wconf 82' lang='grc' dir='ltr'>ὲ.</span> <span class='ocrx_word' id='word_1_313' title='bbox 1871 3051 1930 3106; x_wconf 85' lang='grc' dir='ltr'>Ὀ</span> 
     </span>
    </p>
   </div>
   <div class='ocr_carea' id='block_1_47' title="bbox 338 3140 2004 3229">
    <p class='ocr_par' dir='ltr' id='par_1_47' title="bbox 338 3140 2004 3229">
     <span class='ocr_line' id='line_1_47' title="bbox 338 3140 2004 3229; baseline -0.008 -21"><span class='ocrx_word' id='word_1_314' title='bbox 338 3155 529 3226; x_wconf 78' lang='grc' dir='ltr'>Σωτήρ</span> <span class='ocrx_word' id='word_1_315' title='bbox 563 3167 756 3224; x_wconf 81' lang='grc' dir='ltr'>φησιν·</span> <span class='ocrx_word' id='word_1_316' title='bbox 795 3169 814 3200; x_wconf 74' lang='grc' dir='ltr'><strong>ι</strong></span> <span class='ocrx_word' id='word_1_317' title='bbox 858 3146 998 3216; x_wconf 87' lang='grc' dir='ltr'>Ἐγώ</span> <span class='ocrx_word' id='word_1_318' title='bbox 1028 3148 1144 3217; x_wconf 83' lang='grc' dir='ltr'>είμι</span> <span class='ocrx_word' id='word_1_319' title='bbox 1168 3149 1198 3200; x_wconf 85' lang='grc' dir='ltr'>ὁ</span> <span class='ocrx_word' id='word_1_320' title='bbox 1224 3147 1388 3218; x_wconf 75' lang='grc' dir='ltr'>ἄρτος</span> <span class='ocrx_word' id='word_1_321' title='bbox 1410 3148 1440 3200; x_wconf 80' lang='grc' dir='ltr'><strong>ὁ</strong></span> <span class='ocrx_word' id='word_1_322' title='bbox 1475 3149 1539 3200; x_wconf 82' lang='grc' dir='ltr'>ὲκ</span> <span class='ocrx_word' id='word_1_323' title='bbox 1571 3143 1666 3198; x_wconf 86' lang='grc' dir='ltr'><strong>τοῦ</strong></span> <span class='ocrx_word' id='word_1_324' title='bbox 1696 3140 1927 3215; x_wconf 78' lang='grc' dir='ltr'>οὐρανοῦ</span> <span class='ocrx_word' id='word_1_325' title='bbox 1957 3169 2004 3229; x_wconf 74' lang='lat' dir='ltr'>c</span> 
     </span>
    </p>
   </div>
   <div class='ocr_carea' id='block_1_48' title="bbox 338 3233 1930 3310">
    <p class='ocr_par' dir='ltr' id='par_1_48' title="bbox 338 3233 1930 3310">
     <span class='ocr_line' id='line_1_48' title="bbox 338 3233 1930 3310; baseline -0.009 -9"><span class='ocrx_word' id='word_1_326' title='bbox 338 3245 603 3308; x_wconf 75' lang='grc' dir='ltr'>καταϐάς.</span> <span class='ocrx_word' id='word_1_327' title='bbox 643 3263 661 3295; x_wconf 72' lang='grc' dir='ltr'>δ</span> <span class='ocrx_word' id='word_1_328' title='bbox 690 3241 895 3296; x_wconf 89' lang='grc' dir='ltr'>Τοῦτον</span> <span class='ocrx_word' id='word_1_329' title='bbox 941 3240 1036 3295; x_wconf 77' lang='grc' dir='ltr'>οὖν</span> <span class='ocrx_word' id='word_1_330' title='bbox 1071 3241 1164 3294; x_wconf 83' lang='grc' dir='ltr'><strong>τὸν</strong></span> <span class='ocrx_word' id='word_1_331' title='bbox 1213 3240 1376 3310; x_wconf 76' lang='grc' dir='ltr'>ἄρτον</span> <span class='ocrx_word' id='word_1_332' title='bbox 1417 3236 1605 3308; x_wconf 75' lang='grc' dir='ltr'>ἤσθιον</span> <span class='ocrx_word' id='word_1_333' title='bbox 1655 3236 1756 3308; x_wconf 77' lang='grc' dir='ltr'>μὲν</span> <span class='ocrx_word' id='word_1_334' title='bbox 1794 3233 1930 3307; x_wconf 86' lang='grc' dir='ltr'><strong>πρό-</strong></span> 
     </span>
    </p>
   </div>
   <div class='ocr_carea' id='block_1_49' title="bbox 334 3327 1924 3412">
    <p class='ocr_par' dir='ltr' id='par_1_49' title="bbox 334 3327 1924 3412">
     <span class='ocr_line' id='line_1_49' title="bbox 334 3327 1924 3412; baseline -0.007 -19"><span class='ocrx_word' id='word_1_335' title='bbox 334 3356 496 3412; x_wconf 75' lang='grc' dir='ltr'>τερον</span> <span class='ocrx_word' id='word_1_336' title='bbox 528 3335 774 3406; x_wconf 76' lang='grc' dir='ltr'>ἄγγελοι,</span> <span class='ocrx_word' id='word_1_337' title='bbox 804 3335 926 3389; x_wconf 77' lang='grc' dir='ltr'>νυνὶ</span> <span class='ocrx_word' id='word_1_338' title='bbox 955 3334 1013 3388; x_wconf 81' lang='grc' dir='ltr'><strong>δὲ</strong></span> <span class='ocrx_word' id='word_1_339' title='bbox 1062 3333 1157 3388; x_wconf 80' lang='grc' dir='ltr'><strong>καί</strong></span> <span class='ocrx_word' id='word_1_340' title='bbox 1189 3331 1489 3406; x_wconf 80' lang='grc' dir='ltr'>ἄνθρωποι.</span> <span class='ocrx_word' id='word_1_341' title='bbox 1522 3329 1596 3383; x_wconf 81' lang='grc' dir='ltr'>Τὸ</span> <span class='ocrx_word' id='word_1_342' title='bbox 1635 3349 1654 3380; x_wconf 76' lang='grc' dir='ltr'><strong>ι</strong></span> <span class='ocrx_word' id='word_1_343' title='bbox 1683 3327 1883 3383; x_wconf 70' lang='grc' dir='ltr'>ἐσθίειν</span> <span class='ocrx_word' id='word_1_344' title='bbox 1905 3347 1924 3382; x_wconf 79' lang='lat' dir='ltr'><strong>s</strong></span> 
     </span>
    </p>
   </div>
   <div class='ocr_carea' id='block_1_50' title="bbox 337 3419 1930 3498">
    <p class='ocr_par' dir='ltr' id='par_1_50' title="bbox 337 3419 1930 3498">
     <span class='ocr_line' id='line_1_50' title="bbox 337 3419 1930 3498; baseline -0.009 -11"><span class='ocrx_word' id='word_1_345' title='bbox 337 3430 574 3487; x_wconf 75' lang='grc' dir='ltr'>ἐνταῦθα</span> <span class='ocrx_word' id='word_1_346' title='bbox 605 3428 666 3484; x_wconf 81' lang='grc' dir='ltr'>τὸ</span> <span class='ocrx_word' id='word_1_347' title='bbox 706 3445 724 3480; x_wconf 80' lang='lat' dir='ltr'><strong>t</strong></span> <span class='ocrx_word' id='word_1_348' title='bbox 753 3426 1049 3498; x_wconf 82' lang='grc' dir='ltr'>γινώσκειν</span> <span class='ocrx_word' id='word_1_349' title='bbox 1073 3446 1092 3478; x_wconf 72' lang='grc' dir='ltr'><em>υ</em></span> <span class='ocrx_word' id='word_1_350' title='bbox 1131 3424 1405 3497; x_wconf 79' lang='grc' dir='ltr'>σημαίνει.</span> <span class='ocrx_word' id='word_1_351' title='bbox 1454 3422 1627 3477; x_wconf 84' lang='grc' dir='ltr'>Τοῦτο</span> <span class='ocrx_word' id='word_1_352' title='bbox 1680 3419 1789 3493; x_wconf 79' lang='grc' dir='ltr'>γὰρ</span> <span class='ocrx_word' id='word_1_353' title='bbox 1838 3422 1930 3473; x_wconf 79' lang='grc' dir='ltr'><strong>ὲσ-</strong></span> 
     </span>
    </p>
   </div>
   <div class='ocr_carea' id='block_1_51' title="bbox 339 3510 1930 3588">
    <p class='ocr_par' dir='ltr' id='par_1_51' title="bbox 339 3510 1930 3588">
     <span class='ocr_line' id='line_1_51' title="bbox 339 3510 1930 3588; baseline -0.008 -12"><span class='ocrx_word' id='word_1_354' title='bbox 339 3521 450 3576; x_wconf 83' lang='grc' dir='ltr'>θίει</span> <span class='ocrx_word' id='word_1_355' title='bbox 482 3521 609 3585; x_wconf 87' lang='grc' dir='ltr'>νοῦς</span> <span class='ocrx_word' id='word_1_356' title='bbox 642 3519 671 3573; x_wconf 77' lang='grc' dir='ltr'><strong>ὃ</strong></span> <span class='ocrx_word' id='word_1_357' title='bbox 701 3517 798 3573; x_wconf 76' lang='grc' dir='ltr'><strong>καὶ</strong></span> <span class='ocrx_word' id='word_1_358' title='bbox 836 3515 1120 3588; x_wconf 82' lang='grc' dir='ltr'>γινώσκει,</span> <span class='ocrx_word' id='word_1_359' title='bbox 1149 3517 1246 3570; x_wconf 72' lang='grc' dir='ltr'><strong>καὶ</strong></span> <span class='ocrx_word' id='word_1_360' title='bbox 1269 3513 1431 3570; x_wconf 84' lang='grc' dir='ltr'>τοῦτο</span> <span class='ocrx_word' id='word_1_361' title='bbox 1457 3513 1562 3568; x_wconf 82' lang='grc' dir='ltr'><strong>οὐκ</strong></span> <span class='ocrx_word' id='word_1_362' title='bbox 1601 3510 1772 3566; x_wconf 81' lang='grc' dir='ltr'>ὲσοίει</span> <span class='ocrx_word' id='word_1_363' title='bbox 1802 3510 1831 3564; x_wconf 85' lang='grc' dir='ltr'><strong>ὃ</strong></span> <span class='ocrx_word' id='word_1_364' title='bbox 1869 3510 1930 3564; x_wconf 81' lang='grc' dir='ltr'>οὑ</span> 
     </span>
    </p>
   </div>
   <div class='ocr_carea' id='block_1_52' title="bbox 337 3613 620 3687">
    <p class='ocr_par' dir='ltr' id='par_1_52' title="bbox 337 3613 620 3687">
     <span class='ocr_line' id='line_1_52' title="bbox 337 3613 620 3687; baseline -0.018 -16"><span class='ocrx_word' id='word_1_365' title='bbox 337 3613 620 3687; x_wconf 83' lang='grc' dir='ltr'>γινώσκει.</span> 
     </span>
    </p>
   </div>
   <div class='ocr_carea' id='block_1_53' title="bbox 410 3695 1929 3775">
    <p class='ocr_par' dir='ltr' id='par_1_53' title="bbox 410 3695 1929 3775">
     <span class='ocr_line' id='line_1_53' title="bbox 410 3695 1929 3775; baseline -0.008 -14"><span class='ocrx_word' id='word_1_366' title='bbox 410 3706 524 3762; x_wconf 83' lang='lat' dir='ltr'><strong>Kal</strong></span> <span class='ocrx_word' id='word_1_367' title='bbox 551 3704 798 3775; x_wconf 76' lang='grc' dir='ltr'>ἐσρεεεν</span> <span class='ocrx_word' id='word_1_368' title='bbox 825 3701 922 3758; x_wconf 79' lang='grc' dir='ltr'><strong>ἐπ’</strong></span> <span class='ocrx_word' id='word_1_369' title='bbox 947 3699 1174 3767; x_wconf 77' lang='grc' dir='ltr'>αὐτοὺς</span> <span class='ocrx_word' id='word_1_370' title='bbox 1203 3699 1349 3754; x_wconf 70' lang='grc' dir='ltr'>ὡσεὶ</span> <span class='ocrx_word' id='word_1_371' title='bbox 1394 3699 1550 3768; x_wconf 81' lang='grc' dir='ltr'>χοῦν</span> <span class='ocrx_word' id='word_1_372' title='bbox 1588 3695 1843 3766; x_wconf 83' lang='grc' dir='ltr'>σάρκας,</span> <span class='ocrx_word' id='word_1_373' title='bbox 1874 3713 1929 3750; x_wconf 90' lang='grc' dir='ltr'><strong>κ.</strong></span> 
     </span>
    </p>
   </div>
   <div class='ocr_carea' id='block_1_54' title="bbox 337 3791 1636 3870">
    <p class='ocr_par' dir='ltr' id='par_1_54' title="bbox 337 3791 1636 3870">
     <span class='ocr_line' id='line_1_54' title="bbox 337 3791 1636 3870; baseline -0.009 -16"><span class='ocrx_word' id='word_1_374' title='bbox 337 3817 393 3856; x_wconf 76' lang='grc' dir='ltr'><strong>τ.</strong></span> <span class='ocrx_word' id='word_1_375' title='bbox 418 3800 466 3853; x_wconf 83' lang='grc' dir='ltr'>ἑ.</span> <span class='ocrx_word' id='word_1_376' title='bbox 495 3799 606 3870; x_wconf 83' lang='grc' dir='ltr'>Τὴν</span> <span class='ocrx_word' id='word_1_377' title='bbox 634 3795 1051 3870; x_wconf 83' lang='grc' dir='ltr'>ὀρτυγομήτραν</span> <span class='ocrx_word' id='word_1_378' title='bbox 1085 3791 1296 3863; x_wconf 83' lang='grc' dir='ltr'>σάρκας</span> <span class='ocrx_word' id='word_1_379' title='bbox 1329 3791 1636 3862; x_wconf 85' lang='grc' dir='ltr'>ὠνόμασεν.</span> 
     </span>
    </p>
   </div>
   <div class='ocr_carea' id='block_1_55' title="bbox 413 3876 1934 3960">
    <p class='ocr_par' dir='ltr' id='par_1_55' title="bbox 413 3876 1934 3960">
     <span class='ocr_line' id='line_1_55' title="bbox 413 3876 1934 3960; baseline -0.011 -14"><span class='ocrx_word' id='word_1_380' title='bbox 413 3891 522 3946; x_wconf 72' lang='grc' dir='ltr'><strong>Καὶ</strong></span> <span class='ocrx_word' id='word_1_381' title='bbox 554 3887 852 3960; x_wconf 77' lang='grc' dir='ltr'>ἐμνήσθη.</span> <span class='ocrx_word' id='word_1_382' title='bbox 886 3884 977 3939; x_wconf 84' lang='grc' dir='ltr'>ὅτι</span> <span class='ocrx_word' id='word_1_383' title='bbox 1015 3881 1174 3952; x_wconf 81' lang='grc' dir='ltr'>σάρξ</span> <span class='ocrx_word' id='word_1_384' title='bbox 1202 3885 1340 3948; x_wconf 76' lang='grc' dir='ltr'>εισι,</span> <span class='ocrx_word' id='word_1_385' title='bbox 1374 3900 1427 3936; x_wconf 91' lang='grc' dir='ltr'><strong>κ.</strong></span> <span class='ocrx_word' id='word_1_386' title='bbox 1468 3900 1519 3935; x_wconf 80' lang='grc' dir='ltr'><strong>τ.</strong></span> <span class='ocrx_word' id='word_1_387' title='bbox 1553 3881 1600 3936; x_wconf 81' lang='grc' dir='ltr'>ὲ.</span> <span class='ocrx_word' id='word_1_388' title='bbox 1652 3876 1798 3935; x_wconf 70' lang='grc' dir='ltr'>Ἀντὶ</span> <span class='ocrx_word' id='word_1_389' title='bbox 1836 3877 1934 3932; x_wconf 83' lang='grc' dir='ltr'><strong>τοῦ</strong></span> 
     </span>
    </p>
   </div>
   <div class='ocr_carea' id='block_1_56' title="bbox 343 3981 621 4037">
    <p class='ocr_par' dir='ltr' id='par_1_56' title="bbox 343 3981 621 4037">
     <span class='ocr_line' id='line_1_56' title="bbox 343 3981 621 4037; baseline -0.007 1"><span class='ocrx_word' id='word_1_390' title='bbox 343 3981 621 4037; x_wconf 79' lang='grc' dir='ltr'>σαρκικοί.</span> 
     </span>
    </p>
   </div>
   <div class='ocr_carea' id='block_1_57' title="bbox 418 4000 1925 4139">
    <p class='ocr_par' dir='ltr' id='par_1_57' title="bbox 418 4000 1925 4139">
     <span class='ocr_line' id='line_1_57' title="bbox 453 4000 621 4036; baseline 0.006 -1"><span class='ocrx_word' id='word_1_391' title='bbox 453 4000 621 4036; x_wconf 89' lang='grc' dir='ltr'>κικοι.</span> 
     </span>
     <span class='ocr_line' id='line_1_58' title="bbox 418 4000 1925 4139; baseline -0.015 -9"><span class='ocrx_word' id='word_1_392' title='bbox 418 4000 888 4139; x_wconf 63' lang='grc' dir='ltr'><strong>ξἸῑξαέιτέστιικλιεν</strong></span> <span class='ocrx_word' id='word_1_393' title='bbox 953 4067 1040 4132; x_wconf 85' lang='grc' dir='ltr'>εις</span> <span class='ocrx_word' id='word_1_394' title='bbox 1106 4063 1328 4129; x_wconf 84' lang='grc' dir='ltr'>αὐτοὺς</span> <span class='ocrx_word' id='word_1_395' title='bbox 1389 4062 1757 4130; x_wconf 79' lang='grc' dir='ltr'>κυνόμυιαν,</span> <span class='ocrx_word' id='word_1_396' title='bbox 1820 4055 1925 4114; x_wconf 65' lang='grc' dir='ltr'>καὶ</span> 
     </span>
    </p>
   </div>
   <div class='ocr_carea' id='block_1_58' title="bbox 343 4152 1922 4236">
    <p class='ocr_par' dir='ltr' id='par_1_58' title="bbox 343 4152 1922 4236">
     <span class='ocr_line' id='line_1_59' title="bbox 343 4152 1922 4236; baseline -0.012 -14"><span class='ocrx_word' id='word_1_397' title='bbox 343 4166 683 4236; x_wconf 69' lang='grc' dir='ltr'>κατέφαγεν</span> <span class='ocrx_word' id='word_1_398' title='bbox 726 4159 971 4224; x_wconf 83' lang='grc' dir='ltr'>αὐτοὺς,</span> <span class='ocrx_word' id='word_1_399' title='bbox 1025 4176 1077 4214; x_wconf 92' lang='grc' dir='ltr'><strong>κ.</strong></span> <span class='ocrx_word' id='word_1_400' title='bbox 1124 4174 1176 4210; x_wconf 78' lang='grc' dir='ltr'><strong>τ.</strong></span> <span class='ocrx_word' id='word_1_401' title='bbox 1225 4157 1270 4210; x_wconf 83' lang='grc' dir='ltr'><strong>ἑ.</strong></span> <span class='ocrx_word' id='word_1_402' title='bbox 1319 4157 1382 4208; x_wconf 90' lang='grc' dir='ltr'><strong>Οἱ</strong></span> <span class='ocrx_word' id='word_1_403' title='bbox 1419 4154 1659 4226; x_wconf 79' lang='grc' dir='ltr'>Ἑϐραῖοι</span> <span class='ocrx_word' id='word_1_404' title='bbox 1706 4152 1922 4220; x_wconf 80' lang='grc' dir='ltr'>λέγουσι</span> 
     </span>
    </p>
   </div>
   <div class='ocr_carea' id='block_1_59' title="bbox 345 4246 1684 4327">
    <p class='ocr_par' dir='ltr' id='par_1_59' title="bbox 345 4246 1684 4327">
     <span class='ocr_line' id='line_1_60' title="bbox 345 4246 1684 4327; baseline -0.012 -13"><span class='ocrx_word' id='word_1_405' title='bbox 345 4259 644 4327; x_wconf 85' lang='grc' dir='ltr'>κυνόμυιαν</span> <span class='ocrx_word' id='word_1_406' title='bbox 668 4254 834 4326; x_wconf 83' lang='grc' dir='ltr'>θηρία</span> <span class='ocrx_word' id='word_1_407' title='bbox 861 4252 1092 4324; x_wconf 83' lang='grc' dir='ltr'>διάφορα</span> <span class='ocrx_word' id='word_1_408' title='bbox 1120 4249 1216 4303; x_wconf 82' lang='grc' dir='ltr'>καὶ</span> <span class='ocrx_word' id='word_1_409' title='bbox 1240 4246 1684 4319; x_wconf 78' lang='grc' dir='ltr'>ἀναμεμιγμένα.</span> 
     </span>
    </p>
   </div>
   <div class='ocr_carea' id='block_1_60' title="bbox 429 4333 1932 4421">
    <p class='ocr_par' dir='ltr' id='par_1_60' title="bbox 429 4333 1932 4421">
     <span class='ocr_line' id='line_1_61' title="bbox 429 4333 1932 4421; baseline -0.014 -14"><span class='ocrx_word' id='word_1_410' title='bbox 429 4351 726 4421; x_wconf 78' lang='grc' dir='ltr'>Ἄπαρχὴν</span> <span class='ocrx_word' id='word_1_411' title='bbox 755 4348 982 4414; x_wconf 83' lang='grc' dir='ltr'>παντὸς</span> <span class='ocrx_word' id='word_1_412' title='bbox 1026 4347 1222 4400; x_wconf 80' lang='grc' dir='ltr'>πόνου</span> <span class='ocrx_word' id='word_1_413' title='bbox 1260 4337 1461 4396; x_wconf 83' lang='grc' dir='ltr'>αὐτῶν</span> <span class='ocrx_word' id='word_1_414' title='bbox 1502 4337 1573 4391; x_wconf 81' lang='grc' dir='ltr'>ἐν</span> <span class='ocrx_word' id='word_1_415' title='bbox 1615 4333 1740 4401; x_wconf 80' lang='grc' dir='ltr'>τοῖς</span> <span class='ocrx_word' id='word_1_416' title='bbox 1779 4349 1932 4401; x_wconf 86' lang='grc' dir='ltr'>σκη-</span> 
     </span>
    </p>
   </div>
   <div class='ocr_carea' id='block_1_61' title="bbox 345 4425 1934 4516">
    <p class='ocr_par' dir='ltr' id='par_1_61' title="bbox 345 4425 1934 4516">
     <span class='ocr_line' id='line_1_62' title="bbox 345 4425 1934 4516; baseline -0.016 -15"><span class='ocrx_word' id='word_1_417' title='bbox 345 4444 577 4516; x_wconf 83' lang='grc' dir='ltr'>νώμασι</span> <span class='ocrx_word' id='word_1_418' title='bbox 606 4445 755 4514; x_wconf 82' lang='grc' dir='ltr'>Χὰμ,</span> <span class='ocrx_word' id='word_1_419' title='bbox 785 4460 838 4497; x_wconf 92' lang='grc' dir='ltr'><strong>κ.</strong></span> <span class='ocrx_word' id='word_1_420' title='bbox 861 4458 912 4495; x_wconf 86' lang='grc' dir='ltr'><strong>τ.</strong></span> <span class='ocrx_word' id='word_1_421' title='bbox 941 4441 988 4494; x_wconf 82' lang='grc' dir='ltr'>ὲ.</span> <span class='ocrx_word' id='word_1_422' title='bbox 1013 4438 1199 4501; x_wconf 75' lang='grc' dir='ltr'>Οὕτως</span> <span class='ocrx_word' id='word_1_423' title='bbox 1229 4433 1472 4494; x_wconf 74' lang='grc' dir='ltr'>ἐκείνους</span> <span class='ocrx_word' id='word_1_424' title='bbox 1498 4427 1817 4490; x_wconf 81' lang='grc' dir='ltr'>παιδεύσας,</span> <span class='ocrx_word' id='word_1_425' title='bbox 1842 4425 1934 4478; x_wconf 74' lang='grc' dir='ltr'><strong>ἐπὶ</strong></span> 
     </span>
    </p>
   </div>
   <div class='ocr_carea' id='block_1_62' title="bbox 2033 2122 3622 2198">
    <p class='ocr_par' dir='ltr' id='par_1_62' title="bbox 2033 2122 3622 2198">
     <span class='ocr_line' id='line_1_63' title="bbox 2033 2122 3622 2198; baseline -0.002 -17"><span class='ocrx_word' id='word_1_426' title='bbox 2033 2127 2310 2198; x_wconf 91' lang='lat' dir='ltr'><strong>publicani</strong></span> <span class='ocrx_word' id='word_1_427' title='bbox 2339 2124 2589 2180; x_wconf 84' lang='lat' dir='ltr'><strong>Salvator</strong></span> <span class='ocrx_word' id='word_1_428' title='bbox 2621 2135 2812 2180; x_wconf 90' lang='lat' dir='ltr'><strong>noster</strong></span> <span class='ocrx_word' id='word_1_429' title='bbox 2848 2139 3092 2178; x_wconf 82' lang='lat' dir='ltr'><strong>mensam</strong></span> <span class='ocrx_word' id='word_1_430' title='bbox 3137 2122 3268 2177; x_wconf 83' lang='lat' dir='ltr'><strong>fecit</strong></span> <span class='ocrx_word' id='word_1_431' title='bbox 3299 2123 3459 2194; x_wconf 76' lang='lat'><strong>771</strong></span> <span class='ocrx_word' id='word_1_432' title='bbox 3499 2139 3622 2194; x_wconf 58' lang='lat' dir='ltr'><strong>qua:</strong></span> 
     </span>
    </p>
   </div>
   <div class='ocr_carea' id='block_1_63' title="bbox 2033 2216 3294 2290">
    <p class='ocr_par' dir='ltr' id='par_1_63' title="bbox 2033 2216 3294 2290">
     <span class='ocr_line' id='line_1_64' title="bbox 2033 2216 3294 2290; baseline -0.005 -16"><span class='ocrx_word' id='word_1_433' title='bbox 2033 2233 2129 2290; x_wconf 91' lang='lat' dir='ltr'><strong>per</strong></span> <span class='ocrx_word' id='word_1_434' title='bbox 2163 2217 2516 2289; x_wconf 76' lang='lat' dir='ltr'><strong>Erangelium</strong></span> <span class='ocrx_word' id='word_1_435' title='bbox 2550 2218 2832 2272; x_wconf 86' lang='lat' dir='ltr'><strong>hominum</strong></span> <span class='ocrx_word' id='word_1_436' title='bbox 2861 2217 3073 2270; x_wconf 88' lang='lat' dir='ltr'><strong>animas</strong></span> <span class='ocrx_word' id='word_1_437' title='bbox 3104 2216 3294 2268; x_wconf 88' lang='lat' dir='ltr'><strong>nutrit.</strong></span> 
     </span>
    </p>
   </div>
   <div class='ocr_carea' id='block_1_64' title="bbox 2106 2397 3604 2471">
    <p class='ocr_par' dir='ltr' id='par_1_64' title="bbox 2106 2397 3604 2471">
     <span class='ocr_line' id='line_1_65' title="bbox 2106 2397 3604 2471; baseline -0.002 -16"><span class='ocrx_word' id='word_1_438' title='bbox 2106 2401 2272 2458; x_wconf 72' lang='lat' dir='ltr'><strong>Vens.</strong></span> <span class='ocrx_word' id='word_1_439' title='bbox 2302 2401 2394 2456; x_wconf 66' lang='lat'><strong>2|.</strong></span> <span class='ocrx_word' id='word_1_440' title='bbox 2428 2402 2499 2456; x_wconf 86' lang='lat' dir='ltr'><strong>Et</strong></span> <span class='ocrx_word' id='word_1_441' title='bbox 2533 2402 2666 2471; x_wconf 88' lang='lat' dir='ltr'><strong>ignis</strong></span> <span class='ocrx_word' id='word_1_442' title='bbox 2709 2416 2962 2455; x_wconf 87' lang='lat' dir='ltr'><strong>accensus</strong></span> <span class='ocrx_word' id='word_1_443' title='bbox 3002 2409 3079 2454; x_wconf 88' lang='lat' dir='ltr'><strong>est</strong></span> <span class='ocrx_word' id='word_1_444' title='bbox 3123 2399 3180 2452; x_wconf 86' lang='lat' dir='ltr'><strong>in</strong></span> <span class='ocrx_word' id='word_1_445' title='bbox 3222 2397 3418 2466; x_wconf 74' lang='lat' dir='ltr'><strong>Iacob,</strong></span> <span class='ocrx_word' id='word_1_446' title='bbox 3442 2409 3492 2453; x_wconf 87' lang='lat' dir='ltr'><strong>et</strong></span> <span class='ocrx_word' id='word_1_447' title='bbox 3519 2399 3604 2453; x_wconf 88' lang='lat' dir='ltr'><strong>ira</strong></span> 
     </span>
    </p>
   </div>
   <div class='ocr_carea' id='block_1_65' title="bbox 2034 2491 3624 2563">
    <p class='ocr_par' dir='ltr' id='par_1_65' title="bbox 2034 2491 3624 2563">
     <span class='ocr_line' id='line_1_66' title="bbox 2034 2491 3624 2563; baseline -0.001 -14"><span class='ocrx_word' id='word_1_448' title='bbox 2034 2496 2279 2549; x_wconf 76' lang='lat' dir='ltr'><strong>ascendit</strong></span> <span class='ocrx_word' id='word_1_449' title='bbox 2329 2497 2386 2549; x_wconf 86' lang='lat' dir='ltr'><strong>in</strong></span> <span class='ocrx_word' id='word_1_450' title='bbox 2433 2495 2624 2562; x_wconf 80' lang='lat' dir='ltr'><strong>Israel,</strong></span> <span class='ocrx_word' id='word_1_451' title='bbox 2664 2503 2772 2549; x_wconf 90' lang='lat' dir='ltr'><strong>etc.</strong></span> <span class='ocrx_word' id='word_1_452' title='bbox 2824 2491 2972 2563; x_wconf 77' lang='lat' dir='ltr'><strong>Ignis</strong></span> <span class='ocrx_word' id='word_1_453' title='bbox 3013 2493 3340 2547; x_wconf 83' lang='lat' dir='ltr'><strong>accenditur</strong></span> <span class='ocrx_word' id='word_1_454' title='bbox 3391 2494 3443 2547; x_wconf 93' lang='lat' dir='ltr'><strong>in</strong></span> <span class='ocrx_word' id='word_1_455' title='bbox 3506 2494 3624 2547; x_wconf 80' lang='lat' dir='ltr'><strong>viro</strong></span> 
     </span>
    </p>
   </div>
   <div class='ocr_carea' id='block_1_66' title="bbox 2034 2573 3623 2658">
    <p class='ocr_par' dir='ltr' id='par_1_66' title="bbox 2034 2573 3623 2658">
     <span class='ocr_line' id='line_1_67' title="bbox 2034 2573 3623 2658; baseline -0.004 -15"><span class='ocrx_word' id='word_1_456' title='bbox 2034 2602 2287 2658; x_wconf 87' lang='lat' dir='ltr'><strong>operoso,</strong></span> <span class='ocrx_word' id='word_1_457' title='bbox 2332 2588 2414 2640; x_wconf 89' lang='lat' dir='ltr'><strong>ira</strong></span> <span class='ocrx_word' id='word_1_458' title='bbox 2450 2595 2634 2640; x_wconf 88' lang='lat' dir='ltr'><strong>autem</strong></span> <span class='ocrx_word' id='word_1_459' title='bbox 2661 2584 2912 2641; x_wconf 83' lang='lat' dir='ltr'><strong>ascendit</strong></span> <span class='ocrx_word' id='word_1_460' title='bbox 2968 2573 3134 2655; x_wconf 69' lang='lat' dir='ltr'><strong>super</strong></span> <span class='ocrx_word' id='word_1_461' title='bbox 3162 2585 3340 2639; x_wconf 86' lang='lat' dir='ltr'><strong>virum</strong></span> <span class='ocrx_word' id='word_1_462' title='bbox 3372 2593 3623 2639; x_wconf 80' lang='lat' dir='ltr'><strong>conteru-</strong></span> 
     </span>
    </p>
   </div>
   <div class='ocr_carea' id='block_1_67' title="bbox 2035 2681 2568 2750">
    <p class='ocr_par' dir='ltr' id='par_1_67' title="bbox 2035 2681 2568 2750">
     <span class='ocr_line' id='line_1_68' title="bbox 2035 2681 2568 2750; baseline 0 -17"><span class='ocrx_word' id='word_1_463' title='bbox 2035 2681 2264 2750; x_wconf 88' lang='lat' dir='ltr'><strong>plationi</strong></span> <span class='ocrx_word' id='word_1_464' title='bbox 2298 2682 2568 2735; x_wconf 89' lang='lat' dir='ltr'><strong>deditum.</strong></span> 
     </span>
    </p>
   </div>
   <div class='ocr_carea' id='block_1_68' title="bbox 2109 2766 3630 2839">
    <p class='ocr_par' dir='ltr' id='par_1_68' title="bbox 2109 2766 3630 2839">
     <span class='ocr_line' id='line_1_69' title="bbox 2109 2766 3630 2839; baseline -0.003 -12"><span class='ocrx_word' id='word_1_465' title='bbox 2109 2773 2273 2828; x_wconf 72' lang='lat' dir='ltr'><strong>Vens.</strong></span> <span class='ocrx_word' id='word_1_466' title='bbox 2307 2773 2397 2827; x_wconf 71' lang='lat'><strong>25.</strong></span> <span class='ocrx_word' id='word_1_467' title='bbox 2453 2771 2521 2825; x_wconf 88' lang='lat' dir='ltr'><strong>Et</strong></span> <span class='ocrx_word' id='word_1_468' title='bbox 2566 2773 2770 2839; x_wconf 86' lang='lat' dir='ltr'><strong>januas</strong></span> <span class='ocrx_word' id='word_1_469' title='bbox 2817 2770 2935 2824; x_wconf 73' lang='lat' dir='ltr'><strong>caeli</strong></span> <span class='ocrx_word' id='word_1_470' title='bbox 2977 2771 3207 2838; x_wconf 86' lang='lat' dir='ltr'><strong>aperuit,</strong></span> <span class='ocrx_word' id='word_1_471' title='bbox 3258 2780 3364 2823; x_wconf 88' lang='lat' dir='ltr'><strong>etc.</strong></span> <span class='ocrx_word' id='word_1_472' title='bbox 3426 2766 3630 2823; x_wconf 81' lang='lat' dir='ltr'><strong>Januas</strong></span> 
     </span>
    </p>
   </div>
   <div class='ocr_carea' id='block_1_69' title="bbox 2035 2859 3625 2929">
    <p class='ocr_par' dir='ltr' id='par_1_69' title="bbox 2035 2859 3625 2929">
     <span class='ocr_line' id='line_1_70' title="bbox 2035 2859 3625 2929; baseline -0.004 -12"><span class='ocrx_word' id='word_1_473' title='bbox 2035 2863 2161 2917; x_wconf 70' lang='lat' dir='ltr'><strong>caeli</strong></span> <span class='ocrx_word' id='word_1_474' title='bbox 2202 2871 2359 2917; x_wconf 72' lang='lat' dir='ltr'><strong>vocat</strong></span> <span class='ocrx_word' id='word_1_475' title='bbox 2411 2862 2771 2917; x_wconf 83' lang='lat' dir='ltr'><strong>rationabiles</strong></span> <span class='ocrx_word' id='word_1_476' title='bbox 2814 2869 3044 2916; x_wconf 89' lang='lat' dir='ltr'><strong>naturas</strong></span> <span class='ocrx_word' id='word_1_477' title='bbox 3073 2873 3194 2929; x_wconf 68' lang='lat' dir='ltr'><strong>quae</strong></span> <span class='ocrx_word' id='word_1_478' title='bbox 3226 2860 3295 2912; x_wconf 91' lang='lat' dir='ltr'><strong>ad</strong></span> <span class='ocrx_word' id='word_1_479' title='bbox 3325 2859 3625 2929; x_wconf 73' lang='lat' dir='ltr'><strong>spiritalem</strong></span> 
     </span>
    </p>
   </div>
   <div class='ocr_carea' id='block_1_70' title="bbox 2035 2956 2690 3009">
    <p class='ocr_par' dir='ltr' id='par_1_70' title="bbox 2035 2956 2690 3009">
     <span class='ocr_line' id='line_1_71' title="bbox 2035 2956 2690 3009; baseline 0 0"><span class='ocrx_word' id='word_1_480' title='bbox 2035 2956 2341 3009; x_wconf 88' lang='lat' dir='ltr'><strong>doctrinam</strong></span> <span class='ocrx_word' id='word_1_481' title='bbox 2375 2961 2690 3009; x_wconf 84' lang='lat' dir='ltr'><strong>moventur.</strong></span> 
     </span>
    </p>
   </div>
   <div class='ocr_carea' id='block_1_71' title="bbox 2109 3043 3623 3116">
    <p class='ocr_par' dir='ltr' id='par_1_71' title="bbox 2109 3043 3623 3116">
     <span class='ocr_line' id='line_1_72' title="bbox 2109 3043 3623 3116; baseline -0.003 -16"><span class='ocrx_word' id='word_1_482' title='bbox 2109 3045 2271 3103; x_wconf 67' lang='lat' dir='ltr'><strong>Vens.</strong></span> <span class='ocrx_word' id='word_1_483' title='bbox 2303 3045 2391 3100; x_wconf 73' lang='lat'><strong>25.</strong></span> <span class='ocrx_word' id='word_1_484' title='bbox 2444 3045 2649 3102; x_wconf 81' lang='lat' dir='ltr'><strong>Panem</strong></span> <span class='ocrx_word' id='word_1_485' title='bbox 2689 3046 3000 3116; x_wconf 82' lang='lat' dir='ltr'><strong>angelorum</strong></span> <span class='ocrx_word' id='word_1_486' title='bbox 3056 3044 3396 3100; x_wconf 74' lang='lat' dir='ltr'><strong>manducavit</strong></span> <span class='ocrx_word' id='word_1_487' title='bbox 3441 3043 3623 3104; x_wconf 78' lang='lat' dir='ltr'><strong>homo,</strong></span> 
     </span>
    </p>
   </div>
   <div class='ocr_carea' id='block_1_72' title="bbox 2036 3133 3624 3207">
    <p class='ocr_par' dir='ltr' id='par_1_72' title="bbox 2036 3133 3624 3207">
     <span class='ocr_line' id='line_1_73' title="bbox 2036 3133 3624 3207; baseline -0.004 -14"><span class='ocrx_word' id='word_1_488' title='bbox 2036 3147 2144 3194; x_wconf 88' lang='lat' dir='ltr'><strong>etc.</strong></span> <span class='ocrx_word' id='word_1_489' title='bbox 2185 3138 2442 3193; x_wconf 83' lang='lat' dir='ltr'><strong>Salvator</strong></span> <span class='ocrx_word' id='word_1_490' title='bbox 2472 3138 2618 3192; x_wconf 80' lang='lat' dir='ltr'><strong>ait“</strong></span> <span class='ocrx_word' id='word_1_491' title='bbox 2645 3159 2658 3192; x_wconf 83' lang='lat'><strong>:</strong></span> <span class='ocrx_word' id='word_1_492' title='bbox 2688 3157 2706 3190; x_wconf 73' lang='grc' dir='ltr'><strong>ι</strong></span> <span class='ocrx_word' id='word_1_493' title='bbox 2733 3137 2845 3207; x_wconf 76' lang='lat' dir='ltr'><strong>Ego</strong></span> <span class='ocrx_word' id='word_1_494' title='bbox 2888 3151 3008 3191; x_wconf 89' lang='lat' dir='ltr'><strong>sum</strong></span> <span class='ocrx_word' id='word_1_495' title='bbox 3051 3137 3208 3206; x_wconf 89' lang='lat' dir='ltr'><strong>panis</strong></span> <span class='ocrx_word' id='word_1_496' title='bbox 3256 3135 3350 3206; x_wconf 92' lang='lat' dir='ltr'><strong>qui</strong></span> <span class='ocrx_word' id='word_1_497' title='bbox 3383 3135 3450 3188; x_wconf 90' lang='lat' dir='ltr'><strong>de</strong></span> <span class='ocrx_word' id='word_1_498' title='bbox 3481 3133 3624 3188; x_wconf 68' lang='lat' dir='ltr'><strong>caelo</strong></span> 
     </span>
    </p>
   </div>
   <div class='ocr_carea' id='block_1_73' title="bbox 2037 3225 3622 3302">
    <p class='ocr_par' dir='ltr' id='par_1_73' title="bbox 2037 3225 3622 3302">
     <span class='ocr_line' id='line_1_74' title="bbox 2037 3225 3622 3302; baseline -0.005 -16"><span class='ocrx_word' id='word_1_499' title='bbox 2037 3232 2318 3287; x_wconf 79' lang='lat' dir='ltr'><strong>descendi.</strong></span> <span class='ocrx_word' id='word_1_500' title='bbox 2349 3249 2368 3284; x_wconf 72' lang='grc' dir='ltr'><strong>ι</strong></span> <span class='ocrx_word' id='word_1_501' title='bbox 2398 3229 2554 3286; x_wconf 81' lang='lat' dir='ltr'><strong>Hunc</strong></span> <span class='ocrx_word' id='word_1_502' title='bbox 2589 3245 2726 3302; x_wconf 71' lang='lat' dir='ltr'><strong>ergo</strong></span> <span class='ocrx_word' id='word_1_503' title='bbox 2773 3244 2966 3302; x_wconf 88' lang='lat' dir='ltr'><strong>panem</strong></span> <span class='ocrx_word' id='word_1_504' title='bbox 2998 3230 3152 3300; x_wconf 82' lang='lat' dir='ltr'><strong>prius</strong></span> <span class='ocrx_word' id='word_1_505' title='bbox 3197 3227 3418 3298; x_wconf 85' lang='lat' dir='ltr'><strong>quidem</strong></span> <span class='ocrx_word' id='word_1_506' title='bbox 3445 3225 3622 3295; x_wconf 74' lang='lat' dir='ltr'><strong>angeli</strong></span> 
     </span>
    </p>
   </div>
   <div class='ocr_carea' id='block_1_74' title="bbox 2037 3321 3623 3391">
    <p class='ocr_par' dir='ltr' id='par_1_74' title="bbox 2037 3321 3623 3391">
     <span class='ocr_line' id='line_1_75' title="bbox 2037 3321 3623 3391; baseline -0.006 -10"><span class='ocrx_word' id='word_1_507' title='bbox 2037 3324 2421 3391; x_wconf 83' lang='lat' dir='ltr'><strong>comedebaut,</strong></span> <span class='ocrx_word' id='word_1_508' title='bbox 2476 3339 2624 3380; x_wconf 83' lang='lat' dir='ltr'><strong>nunc</strong></span> <span class='ocrx_word' id='word_1_509' title='bbox 2669 3337 2800 3379; x_wconf 81' lang='lat' dir='ltr'><strong>vero</strong></span> <span class='ocrx_word' id='word_1_510' title='bbox 2843 3324 3013 3379; x_wconf 88' lang='lat' dir='ltr'><strong>etiam</strong></span> <span class='ocrx_word' id='word_1_511' title='bbox 3039 3321 3288 3377; x_wconf 91' lang='lat' dir='ltr'><strong>homines</strong></span> <span class='ocrx_word' id='word_1_512' title='bbox 3310 3321 3623 3373; x_wconf 83' lang='lat' dir='ltr'><strong>comedunt.</strong></span> 
     </span>
    </p>
   </div>
   <div class='ocr_carea' id='block_1_75' title="bbox 2042 3412 3622 3485">
    <p class='ocr_par' dir='ltr' id='par_1_75' title="bbox 2042 3412 3622 3485">
     <span class='ocr_line' id='line_1_76' title="bbox 2042 3412 3622 3485; baseline -0.004 -15"><span class='ocrx_word' id='word_1_513' title='bbox 2042 3417 2434 3474; x_wconf 67' lang='lat' dir='ltr'><strong>«Comederes</strong></span> <span class='ocrx_word' id='word_1_514' title='bbox 2495 3427 2679 3472; x_wconf 83' lang='lat' dir='ltr'><strong>autem</strong></span> <span class='ocrx_word' id='word_1_515' title='bbox 2728 3418 2833 3473; x_wconf 90' lang='lat' dir='ltr'><strong>hoc</strong></span> <span class='ocrx_word' id='word_1_516' title='bbox 2879 3415 2998 3471; x_wconf 92' lang='lat' dir='ltr'><strong>loco</strong></span> <span class='ocrx_word' id='word_1_517' title='bbox 3052 3412 3324 3485; x_wconf 69' lang='lat' dir='ltr'><strong>signiﬁcat</strong></span> <span class='ocrx_word' id='word_1_518' title='bbox 3374 3427 3622 3480; x_wconf 71' lang='lat' dir='ltr'><strong>(cogno-</strong></span> 
     </span>
    </p>
   </div>
   <div class='ocr_carea' id='block_1_76' title="bbox 2035 3505 3623 3577">
    <p class='ocr_par' dir='ltr' id='par_1_76' title="bbox 2035 3505 3623 3577">
     <span class='ocr_line' id='line_1_77' title="bbox 2035 3505 3623 3577; baseline -0.007 -10"><span class='ocrx_word' id='word_1_519' title='bbox 2035 3524 2214 3567; x_wconf 88' lang='lat' dir='ltr'><strong>scere.</strong></span> <span class='ocrx_word' id='word_1_520' title='bbox 2243 3529 2263 3563; x_wconf 79' lang='lat' dir='ltr'><strong>s</strong></span> <span class='ocrx_word' id='word_1_521' title='bbox 2299 3509 2436 3564; x_wconf 84' lang='lat' dir='ltr'><strong>Illud</strong></span> <span class='ocrx_word' id='word_1_522' title='bbox 2475 3511 2624 3564; x_wconf 87' lang='lat' dir='ltr'><strong>enim</strong></span> <span class='ocrx_word' id='word_1_523' title='bbox 2665 3509 2904 3565; x_wconf 84' lang='lat' dir='ltr'><strong>comedit</strong></span> <span class='ocrx_word' id='word_1_524' title='bbox 2939 3522 3093 3564; x_wconf 81' lang='lat' dir='ltr'><strong>mens</strong></span> <span class='ocrx_word' id='word_1_525' title='bbox 3137 3507 3280 3577; x_wconf 89' lang='lat' dir='ltr'><strong>quod</strong></span> <span class='ocrx_word' id='word_1_526' title='bbox 3313 3505 3623 3576; x_wconf 72' lang='lat' dir='ltr'><strong>cognoscit,</strong></span> 
     </span>
    </p>
   </div>
   <div class='ocr_carea' id='block_1_77' title="bbox 2035 3595 3328 3670">
    <p class='ocr_par' dir='ltr' id='par_1_77' title="bbox 2035 3595 3328 3670">
     <span class='ocr_line' id='line_1_78' title="bbox 2035 3595 3328 3670; baseline -0.008 -13"><span class='ocrx_word' id='word_1_527' title='bbox 2035 3611 2091 3657; x_wconf 91' lang='lat' dir='ltr'><strong>et</strong></span> <span class='ocrx_word' id='word_1_528' title='bbox 2119 3600 2253 3656; x_wconf 89' lang='lat' dir='ltr'><strong>illud</strong></span> <span class='ocrx_word' id='word_1_529' title='bbox 2283 3615 2392 3656; x_wconf 88' lang='lat' dir='ltr'><strong>non</strong></span> <span class='ocrx_word' id='word_1_530' title='bbox 2428 3601 2671 3656; x_wconf 84' lang='lat' dir='ltr'><strong>comedit</strong></span> <span class='ocrx_word' id='word_1_531' title='bbox 2699 3601 2842 3670; x_wconf 88' lang='lat' dir='ltr'><strong>quod</strong></span> <span class='ocrx_word' id='word_1_532' title='bbox 2875 3613 2982 3653; x_wconf 92' lang='lat' dir='ltr'><strong>non</strong></span> <span class='ocrx_word' id='word_1_533' title='bbox 3021 3595 3328 3666; x_wconf 77' lang='lat' dir='ltr'><strong>cognoscit.</strong></span> 
     </span>
    </p>
   </div>
   <div class='ocr_carea' id='block_1_78' title="bbox 2113 3685 3624 3761">
    <p class='ocr_par' dir='ltr' id='par_1_78' title="bbox 2113 3685 3624 3761">
     <span class='ocr_line' id='line_1_79' title="bbox 2113 3685 3624 3761; baseline -0.008 -11"><span class='ocrx_word' id='word_1_534' title='bbox 2113 3694 2274 3750; x_wconf 70' lang='lat' dir='ltr'><strong>Vatis.</strong></span> <span class='ocrx_word' id='word_1_535' title='bbox 2302 3693 2396 3748; x_wconf 76' lang='lat'><strong>27.</strong></span> <span class='ocrx_word' id='word_1_536' title='bbox 2440 3691 2512 3746; x_wconf 85' lang='lat' dir='ltr'><strong>Et</strong></span> <span class='ocrx_word' id='word_1_537' title='bbox 2546 3692 2682 3761; x_wconf 83' lang='lat' dir='ltr'><strong>pluit</strong></span> <span class='ocrx_word' id='word_1_538' title='bbox 2719 3707 2876 3761; x_wconf 84' lang='lat' dir='ltr'><strong>super</strong></span> <span class='ocrx_word' id='word_1_539' title='bbox 2906 3706 2998 3744; x_wconf 85' lang='lat' dir='ltr'><strong>eos</strong></span> <span class='ocrx_word' id='word_1_540' title='bbox 3041 3689 3177 3743; x_wconf 84' lang='lat' dir='ltr'><strong>sicut</strong></span> <span class='ocrx_word' id='word_1_541' title='bbox 3207 3685 3471 3757; x_wconf 76' lang='lat' dir='ltr'><strong>pulverem</strong></span> <span class='ocrx_word' id='word_1_542' title='bbox 3499 3701 3624 3740; x_wconf 81' lang='lat' dir='ltr'><strong>car-</strong></span> 
     </span>
    </p>
   </div>
   <div class='ocr_carea' id='block_1_79' title="bbox 2038 3777 3494 3853">
    <p class='ocr_par' dir='ltr' id='par_1_79' title="bbox 2038 3777 3494 3853">
     <span class='ocr_line' id='line_1_80' title="bbox 2038 3777 3494 3853; baseline -0.006 -13"><span class='ocrx_word' id='word_1_543' title='bbox 2038 3804 2150 3853; x_wconf 81' lang='lat' dir='ltr'><strong>nes,</strong></span> <span class='ocrx_word' id='word_1_544' title='bbox 2183 3795 2290 3841; x_wconf 91' lang='lat' dir='ltr'><strong>etc.</strong></span> <span class='ocrx_word' id='word_1_545' title='bbox 2324 3785 2687 3842; x_wconf 89' lang='lat' dir='ltr'><strong>Coturnicum</strong></span> <span class='ocrx_word' id='word_1_546' title='bbox 2718 3782 3002 3838; x_wconf 88' lang='lat' dir='ltr'><strong>matricem</strong></span> <span class='ocrx_word' id='word_1_547' title='bbox 3029 3795 3228 3837; x_wconf 81' lang='lat' dir='ltr'><strong>carnes</strong></span> <span class='ocrx_word' id='word_1_548' title='bbox 3256 3777 3494 3833; x_wconf 79' lang='lat' dir='ltr'><strong>vocavit.</strong></span> 
     </span>
    </p>
   </div>
   <div class='ocr_carea' id='block_1_80' title="bbox 2108 3874 3624 3943">
    <p class='ocr_par' dir='ltr' id='par_1_80' title="bbox 2108 3874 3624 3943">
     <span class='ocr_line' id='line_1_81' title="bbox 2108 3874 3624 3943; baseline -0.005 -10"><span class='ocrx_word' id='word_1_549' title='bbox 2108 3879 2274 3934; x_wconf 75' lang='lat' dir='ltr'><strong>Vens.</strong></span> <span class='ocrx_word' id='word_1_550' title='bbox 2304 3877 2394 3932; x_wconf 73' lang='lat'><strong>59.</strong></span> <span class='ocrx_word' id='word_1_551' title='bbox 2443 3876 2510 3930; x_wconf 86' lang='lat' dir='ltr'><strong>Et</strong></span> <span class='ocrx_word' id='word_1_552' title='bbox 2565 3875 2874 3930; x_wconf 81' lang='lat' dir='ltr'><strong>recordatus</strong></span> <span class='ocrx_word' id='word_1_553' title='bbox 2903 3883 2982 3928; x_wconf 87' lang='lat' dir='ltr'><strong>est</strong></span> <span class='ocrx_word' id='word_1_554' title='bbox 3025 3874 3154 3943; x_wconf 80' lang='lat' dir='ltr'><strong>quia</strong></span> <span class='ocrx_word' id='word_1_555' title='bbox 3186 3887 3313 3925; x_wconf 82' lang='lat' dir='ltr'><strong>caro</strong></span> <span class='ocrx_word' id='word_1_556' title='bbox 3345 3881 3491 3936; x_wconf 77' lang='lat' dir='ltr'><strong>sunt,</strong></span> <span class='ocrx_word' id='word_1_557' title='bbox 3515 3880 3624 3925; x_wconf 87' lang='lat' dir='ltr'><strong>etc.</strong></span> 
     </span>
    </p>
   </div>
   <div class='ocr_carea' id='block_1_81' title="bbox 2039 3967 2508 4025">
    <p class='ocr_par' dir='ltr' id='par_1_81' title="bbox 2039 3967 2508 4025">
     <span class='ocr_line' id='line_1_82' title="bbox 2039 3967 2508 4025; baseline -0.006 -1"><span class='ocrx_word' id='word_1_558' title='bbox 2039 3971 2094 4024; x_wconf 84' lang='lat' dir='ltr'><strong>Id</strong></span> <span class='ocrx_word' id='word_1_559' title='bbox 2119 3981 2205 4025; x_wconf 87' lang='lat' dir='ltr'><strong>est</strong></span> <span class='ocrx_word' id='word_1_560' title='bbox 2233 3967 2508 4024; x_wconf 82' lang='lat' dir='ltr'><strong>carnales.</strong></span> 
     </span>
    </p>
   </div>
   <div class='ocr_carea' id='block_1_82' title="bbox 2108 4054 3628 4126">
    <p class='ocr_par' dir='ltr' id='par_1_82' title="bbox 2108 4054 3628 4126">
     <span class='ocr_line' id='line_1_83' title="bbox 2108 4054 3628 4126; baseline -0.007 -7"><span class='ocrx_word' id='word_1_561' title='bbox 2108 4062 2274 4118; x_wconf 68' lang='lat' dir='ltr'><strong>Vens.</strong></span> <span class='ocrx_word' id='word_1_562' title='bbox 2300 4061 2390 4115; x_wconf 70' lang='grc'>45.</span> <span class='ocrx_word' id='word_1_563' title='bbox 2427 4058 2574 4114; x_wconf 79' lang='lat' dir='ltr'><strong>Misit</strong></span> <span class='ocrx_word' id='word_1_564' title='bbox 2604 4059 2660 4113; x_wconf 87' lang='lat' dir='ltr'><strong>in</strong></span> <span class='ocrx_word' id='word_1_565' title='bbox 2694 4074 2781 4112; x_wconf 84' lang='lat' dir='ltr'><strong>eos</strong></span> <span class='ocrx_word' id='word_1_566' title='bbox 2807 4055 3148 4126; x_wconf 76' lang='lat' dir='ltr'><strong>cynomyian,</strong></span> <span class='ocrx_word' id='word_1_567' title='bbox 3183 4065 3230 4108; x_wconf 84' lang='lat' dir='ltr'><strong>et</strong></span> <span class='ocrx_word' id='word_1_568' title='bbox 3261 4054 3482 4108; x_wconf 85' lang='lat' dir='ltr'><strong>comedit</strong></span> <span class='ocrx_word' id='word_1_569' title='bbox 3513 4069 3628 4119; x_wconf 87' lang='lat' dir='ltr'><strong>eos,</strong></span> 
     </span>
    </p>
   </div>
   <div class='ocr_carea' id='block_1_83' title="bbox 2037 4147 3628 4224">
    <p class='ocr_par' dir='ltr' id='par_1_83' title="bbox 2037 4147 3628 4224">
     <span class='ocr_line' id='line_1_84' title="bbox 2037 4147 3628 4224; baseline -0.007 -14"><span class='ocrx_word' id='word_1_570' title='bbox 2037 4167 2143 4212; x_wconf 91' lang='lat' dir='ltr'><strong>etc.</strong></span> <span class='ocrx_word' id='word_1_571' title='bbox 2172 4154 2388 4209; x_wconf 67' lang='lat' dir='ltr'><strong>Hebraei</strong></span> <span class='ocrx_word' id='word_1_572' title='bbox 2430 4150 2756 4224; x_wconf 86' lang='lat' dir='ltr'><strong>cynomyian</strong></span> <span class='ocrx_word' id='word_1_573' title='bbox 2789 4157 2990 4204; x_wconf 87' lang='lat' dir='ltr'><strong>vocant</strong></span> <span class='ocrx_word' id='word_1_574' title='bbox 3038 4147 3299 4202; x_wconf 84' lang='lat' dir='ltr'><strong>animalia</strong></span> <span class='ocrx_word' id='word_1_575' title='bbox 3328 4147 3542 4200; x_wconf 85' lang='lat' dir='ltr'><strong>diversa</strong></span> <span class='ocrx_word' id='word_1_576' title='bbox 3573 4157 3628 4199; x_wconf 87' lang='lat' dir='ltr'><strong>et</strong></span> 
     </span>
    </p>
   </div>
   <div class='ocr_carea' id='block_1_84' title="bbox 2039 4241 2946 4303">
    <p class='ocr_par' dir='ltr' id='par_1_84' title="bbox 2039 4241 2946 4303">
     <span class='ocr_line' id='line_1_85' title="bbox 2039 4241 2946 4303; baseline 0.008 -2"><span class='ocrx_word' id='word_1_577' title='bbox 2039 4249 2226 4303; x_wconf 88' lang='lat' dir='ltr'><strong>mista.</strong></span> <span class='ocrx_word' id='word_1_578' title='bbox 2943 4241 2946 4245; x_wconf 45' lang='grc'><em>”</em></span> 
     </span>
    </p>
   </div>
   <div class='ocr_carea' id='block_1_85' title="bbox 2111 4334 3627 4394">
    <p class='ocr_par' dir='ltr' id='par_1_85' title="bbox 2111 4334 3627 4394">
     <span class='ocr_line' id='line_1_86' title="bbox 2111 4334 3627 4394; baseline -0.008 0"><span class='ocrx_word' id='word_1_579' title='bbox 2111 4338 2276 4394; x_wconf 66' lang='lat' dir='ltr'><strong>Vens.</strong></span> <span class='ocrx_word' id='word_1_580' title='bbox 2328 4339 2420 4394; x_wconf 77' lang='grc'>51.</span> <span class='ocrx_word' id='word_1_581' title='bbox 2464 4337 2748 4393; x_wconf 75' lang='lat' dir='ltr'><strong>Primitias</strong></span> <span class='ocrx_word' id='word_1_582' title='bbox 2783 4337 2957 4392; x_wconf 65' lang='lat' dir='ltr'><strong>omnis</strong></span> <span class='ocrx_word' id='word_1_583' title='bbox 3003 4334 3204 4387; x_wconf 84' lang='lat' dir='ltr'><strong>laboris</strong></span> <span class='ocrx_word' id='word_1_584' title='bbox 3238 4349 3424 4387; x_wconf 84' lang='lat' dir='ltr'><strong>eorum</strong></span> <span class='ocrx_word' id='word_1_585' title='bbox 3451 4334 3508 4384; x_wconf 80' lang='lat' dir='ltr'><strong>in</strong></span> <span class='ocrx_word' id='word_1_586' title='bbox 3545 4339 3627 4383; x_wconf 83' lang='lat' dir='ltr'><strong>tn-</strong></span> 
     </span>
    </p>
   </div>
   <div class='ocr_carea' id='block_1_86' title="bbox 2038 4423 3627 4500">
    <p class='ocr_par' dir='ltr' id='par_1_86' title="bbox 2038 4423 3627 4500">
     <span class='ocr_line' id='line_1_87' title="bbox 2038 4423 3627 4500; baseline -0.008 -11"><span class='ocrx_word' id='word_1_587' title='bbox 2038 4434 2336 4489; x_wconf 84' lang='lat' dir='ltr'><strong>bernaculis</strong></span> <span class='ocrx_word' id='word_1_588' title='bbox 2377 4433 2564 4500; x_wconf 78' lang='lat' dir='ltr'><strong>Citam,</strong></span> <span class='ocrx_word' id='word_1_589' title='bbox 2598 4442 2712 4489; x_wconf 88' lang='lat' dir='ltr'><strong>etc.</strong></span> <span class='ocrx_word' id='word_1_590' title='bbox 2745 4432 2880 4487; x_wconf 81' lang='lat' dir='ltr'><strong>Cum</strong></span> <span class='ocrx_word' id='word_1_591' title='bbox 2908 4431 2986 4486; x_wconf 84' lang='lat' dir='ltr'><strong>sic</strong></span> <span class='ocrx_word' id='word_1_592' title='bbox 3035 4429 3158 4482; x_wconf 88' lang='lat' dir='ltr'><strong>illos</strong></span> <span class='ocrx_word' id='word_1_593' title='bbox 3185 4425 3535 4491; x_wconf 87' lang='lat' dir='ltr'><strong>instituisset,</strong></span> <span class='ocrx_word' id='word_1_594' title='bbox 3573 4423 3627 4477; x_wconf 89' lang='lat' dir='ltr'><strong>in</strong></span> 
     </span>
    </p>
   </div>
   <div class='ocr_carea' id='block_1_87' title="bbox 344 4507 1931 4611">
    <p class='ocr_par' dir='ltr' id='par_1_87' title="bbox 344 4507 1931 4611">
     <span class='ocr_line' id='line_1_88' title="bbox 344 4507 1931 4611; baseline -0.015 -18"><span class='ocrx_word' id='word_1_595' title='bbox 344 4507 446 4611; x_wconf 72' lang='grc' dir='ltr'>τὴν</span> <span class='ocrx_word' id='word_1_596' title='bbox 483 4507 896 4610; x_wconf 37' lang='grc' dir='ltr'>ἔρημον-ἠγαγέ</span> <span class='ocrx_word' id='word_1_597' title='bbox 927 4533 1017 4586; x_wconf 73' lang='grc' dir='ltr'><strong>τὸν</strong></span> <span class='ocrx_word' id='word_1_598' title='bbox 1046 4531 1246 4583; x_wconf 75' lang='grc' dir='ltr'>οἰκεῖον</span> <span class='ocrx_word' id='word_1_599' title='bbox 1278 4525 1428 4588; x_wconf 81' lang='grc' dir='ltr'>λαὸν,</span> <span class='ocrx_word' id='word_1_600' title='bbox 1464 4521 1699 4593; x_wconf 80' lang='grc' dir='ltr'>ποιμένα</span> <span class='ocrx_word' id='word_1_601' title='bbox 1734 4517 1931 4590; x_wconf 86' lang='grc' dir='ltr'>μιμού-</span> 
     </span>
    </p>
   </div>
   <div class='ocr_carea' id='block_1_88' title="bbox 2036 4507 3626 4611">
    <p class='ocr_par' dir='ltr' id='par_1_88' title="bbox 2041 4515 3626 4597">
     <span class='ocr_line' id='line_1_89' title="bbox 2041 4515 3626 4597; baseline -0.008 -14"><span class='ocrx_word' id='word_1_602' title='bbox 2041 4526 2320 4583; x_wconf 81' lang='lat' dir='ltr'><strong>desertum</strong></span> <span class='ocrx_word' id='word_1_603' title='bbox 2376 4526 2533 4582; x_wconf 77' lang='lat' dir='ltr'><strong>duxit</strong></span> <span class='ocrx_word' id='word_1_604' title='bbox 2582 4526 2860 4597; x_wconf 80' lang='lat' dir='ltr'><strong>proprium</strong></span> <span class='ocrx_word' id='word_1_605' title='bbox 2913 4521 3194 4592; x_wconf 78' lang='lat' dir='ltr'><strong>populum,</strong></span> <span class='ocrx_word' id='word_1_606' title='bbox 3232 4528 3504 4588; x_wconf 82' lang='lat' dir='ltr'><strong>pastorem</strong></span> <span class='ocrx_word' id='word_1_607' title='bbox 3533 4515 3626 4584; x_wconf 89' lang='lat' dir='ltr'><strong>qui</strong></span> 
     </span>
    </p>
   </div>
   <div class='ocr_carea' id='block_1_89' title="bbox 351 4621 1253 4702">
    <p class='ocr_par' dir='ltr' id='par_1_89' title="bbox 351 4621 1253 4702">
     <span class='ocr_line' id='line_1_90' title="bbox 351 4621 1253 4702; baseline -0.013 -18"><span class='ocrx_word' id='word_1_608' title='bbox 351 4646 510 4702; x_wconf 81' lang='grc' dir='ltr'>μενος</span> <span class='ocrx_word' id='word_1_609' title='bbox 534 4628 635 4698; x_wconf 78' lang='grc' dir='ltr'>τῆς</span> <span class='ocrx_word' id='word_1_610' title='bbox 666 4625 902 4696; x_wconf 77' lang='grc' dir='ltr'>ποίμνης</span> <span class='ocrx_word' id='word_1_611' title='bbox 932 4621 1253 4693; x_wconf 81' lang='grc' dir='ltr'>ἡγούμενον.</span> 
     </span>
    </p>
   </div>
   <div class='ocr_carea' id='block_1_90' title="bbox 421 4703 1934 4788">
    <p class='ocr_par' dir='ltr' id='par_1_90' title="bbox 421 4703 1934 4788">
     <span class='ocr_line' id='line_1_91' title="bbox 421 4703 1934 4788; baseline -0.017 -11"><span class='ocrx_word' id='word_1_612' title='bbox 421 4721 535 4776; x_wconf 83' lang='grc' dir='ltr'><strong>Καὶ</strong></span> <span class='ocrx_word' id='word_1_613' title='bbox 588 4716 912 4788; x_wconf 75' lang='grc' dir='ltr'>εισήγαγεν</span> <span class='ocrx_word' id='word_1_614' title='bbox 961 4713 1186 4778; x_wconf 85' lang='grc' dir='ltr'>αὐτοὺς</span> <span class='ocrx_word' id='word_1_615' title='bbox 1223 4711 1310 4776; x_wconf 78' lang='grc' dir='ltr'>εις</span> <span class='ocrx_word' id='word_1_616' title='bbox 1365 4707 1506 4776; x_wconf 82' lang='grc' dir='ltr'>ὅρος</span> <span class='ocrx_word' id='word_1_617' title='bbox 1565 4703 1934 4774; x_wconf 76' lang='grc' dir='ltr'>ἀγιὰσματος</span> 
     </span>
    </p>
   </div>
   <div class='ocr_carea' id='block_1_91' title="bbox 347 4790 1932 4877">
    <p class='ocr_par' dir='ltr' id='par_1_91' title="bbox 347 4790 1932 4877">
     <span class='ocr_line' id='line_1_92' title="bbox 347 4790 1932 4877; baseline -0.016 -9"><span class='ocrx_word' id='word_1_618' title='bbox 347 4812 557 4876; x_wconf 80' lang='grc' dir='ltr'>αὑτοῦ,</span> <span class='ocrx_word' id='word_1_619' title='bbox 585 4827 640 4864; x_wconf 88' lang='grc' dir='ltr'><strong>κ.</strong></span> <span class='ocrx_word' id='word_1_620' title='bbox 671 4825 724 4864; x_wconf 79' lang='grc' dir='ltr'><strong>τ.</strong></span> <span class='ocrx_word' id='word_1_621' title='bbox 749 4808 798 4860; x_wconf 73' lang='grc' dir='ltr'>ὲ.</span> <span class='ocrx_word' id='word_1_622' title='bbox 837 4808 1001 4877; x_wconf 87' lang='grc' dir='ltr'>Ὄρος</span> <span class='ocrx_word' id='word_1_623' title='bbox 1023 4799 1365 4873; x_wconf 79' lang='grc' dir='ltr'>ἁγιάσματός</span> <span class='ocrx_word' id='word_1_624' title='bbox 1385 4799 1530 4851; x_wconf 70' lang='grc' dir='ltr'>ἐστιν</span> <span class='ocrx_word' id='word_1_625' title='bbox 1552 4797 1586 4864; x_wconf 81' lang='grc' dir='ltr'><strong>ἡ</strong></span> <span class='ocrx_word' id='word_1_626' title='bbox 1614 4793 1815 4863; x_wconf 83' lang='grc' dir='ltr'>γνῶσις</span> <span class='ocrx_word' id='word_1_627' title='bbox 1838 4790 1932 4846; x_wconf 85' lang='grc' dir='ltr'><strong>τοῦ</strong></span> 
     </span>
    </p>
   </div>
   <div class='ocr_carea' id='block_1_92' title="bbox 349 4902 509 4957">
    <p class='ocr_par' dir='ltr' id='par_1_92' title="bbox 349 4902 509 4957">
     <span class='ocr_line' id='line_1_93' title="bbox 349 4902 509 4957; baseline -0.006 0"><span class='ocrx_word' id='word_1_628' title='bbox 349 4902 509 4957; x_wconf 82' lang='grc' dir='ltr'>Θεοῦ.</span> 
     </span>
    </p>
   </div>
   <div class='ocr_carea' id='block_1_93' title="bbox 422 4971 1940 5060">
    <p class='ocr_par' dir='ltr' id='par_1_93' title="bbox 422 4971 1940 5060">
     <span class='ocr_line' id='line_1_94' title="bbox 422 4971 1940 5060; baseline -0.016 -11"><span class='ocrx_word' id='word_1_629' title='bbox 422 4995 531 5049; x_wconf 76' lang='grc' dir='ltr'><strong>Καὶ</strong></span> <span class='ocrx_word' id='word_1_630' title='bbox 582 4991 939 5060; x_wconf 74' lang='grc' dir='ltr'>ἐσκήνωσεν</span> <span class='ocrx_word' id='word_1_631' title='bbox 983 4987 1052 5041; x_wconf 84' lang='grc' dir='ltr'>ὲν</span> <span class='ocrx_word' id='word_1_632' title='bbox 1111 4983 1240 5050; x_wconf 75' lang='grc' dir='ltr'>τοῖς</span> <span class='ocrx_word' id='word_1_633' title='bbox 1296 4978 1692 5048; x_wconf 78' lang='grc' dir='ltr'>σκηνώμασιν</span> <span class='ocrx_word' id='word_1_634' title='bbox 1741 4971 1940 5028; x_wconf 72' lang='grc' dir='ltr'>αὐτῶν</span> 
     </span>
    </p>
   </div>
   <div class='ocr_carea' id='block_1_94' title="bbox 352 5065 1936 5154">
    <p class='ocr_par' dir='ltr' id='par_1_94' title="bbox 352 5065 1936 5154">
     <span class='ocr_line' id='line_1_95' title="bbox 352 5065 1936 5154; baseline -0.015 -14"><span class='ocrx_word' id='word_1_635' title='bbox 352 5087 459 5153; x_wconf 80' lang='grc' dir='ltr'>τὰς</span> <span class='ocrx_word' id='word_1_636' title='bbox 495 5083 694 5154; x_wconf 68' lang='grc' dir='ltr'><strong>φυλὰς</strong></span> <span class='ocrx_word' id='word_1_637' title='bbox 723 5081 828 5136; x_wconf 83' lang='grc' dir='ltr'><strong>τοῦ</strong></span> <span class='ocrx_word' id='word_1_638' title='bbox 865 5076 1130 5147; x_wconf 74' lang='grc' dir='ltr'>Ἰσραήλ,</span> <span class='ocrx_word' id='word_1_639' title='bbox 1165 5095 1218 5130; x_wconf 91' lang='grc' dir='ltr'><strong>κ.</strong></span> <span class='ocrx_word' id='word_1_640' title='bbox 1249 5093 1299 5128; x_wconf 88' lang='grc' dir='ltr'><strong>τ.</strong></span> <span class='ocrx_word' id='word_1_641' title='bbox 1329 5076 1377 5128; x_wconf 77' lang='grc' dir='ltr'>ἑ.</span> <span class='ocrx_word' id='word_1_642' title='bbox 1421 5091 1439 5122; x_wconf 77' lang='grc' dir='ltr'><strong>ι</strong></span> <span class='ocrx_word' id='word_1_643' title='bbox 1480 5069 1777 5140; x_wconf 77' lang='grc' dir='ltr'>Ἐνοικήσω</span> <span class='ocrx_word' id='word_1_644' title='bbox 1807 5065 1936 5135; x_wconf 86' lang='grc' dir='ltr'>γὰρ,</span> 
     </span>
    </p>
   </div>
   <div class='ocr_carea' id='block_1_95' title="bbox 353 5167 1503 5250">
    <p class='ocr_par' dir='ltr' id='par_1_95' title="bbox 353 5167 1503 5250">
     <span class='ocr_line' id='line_1_96' title="bbox 353 5167 1503 5250; baseline -0.014 -18"><span class='ocrx_word' id='word_1_645' title='bbox 353 5179 538 5250; x_wconf 67' lang='grc' dir='ltr'>φησὶν,</span> <span class='ocrx_word' id='word_1_646' title='bbox 573 5178 632 5229; x_wconf 74' lang='grc' dir='ltr'>ἐν</span> <span class='ocrx_word' id='word_1_647' title='bbox 659 5175 842 5238; x_wconf 79' lang='grc' dir='ltr'>αὐτοῖς</span> <span class='ocrx_word' id='word_1_648' title='bbox 871 5173 970 5227; x_wconf 72' lang='grc' dir='ltr'><strong>καὶ</strong></span> <span class='ocrx_word' id='word_1_649' title='bbox 999 5173 1139 5241; x_wconf 80' lang='grc' dir='ltr'>ὲμπε</span> <span class='ocrx_word' id='word_1_650' title='bbox 1150 5167 1456 5238; x_wconf 84' lang='grc' dir='ltr'>ριπατήσω.</span> <span class='ocrx_word' id='word_1_651' title='bbox 1485 5182 1503 5215; x_wconf 74' lang='grc' dir='ltr'><strong>ι</strong></span> 
     </span>
    </p>
   </div>
   <div class='ocr_carea' id='block_1_96' title="bbox 424 5248 1939 5334">
    <p class='ocr_par' dir='ltr' id='par_1_96' title="bbox 424 5248 1939 5334">
     <span class='ocr_line' id='line_1_97' title="bbox 424 5248 1939 5334; baseline -0.014 -12"><span class='ocrx_word' id='word_1_652' title='bbox 424 5269 534 5322; x_wconf 80' lang='lat' dir='ltr'><strong>Kal</strong></span> <span class='ocrx_word' id='word_1_653' title='bbox 561 5267 891 5334; x_wconf 74' lang='grc' dir='ltr'>ἐπείρασαν</span> <span class='ocrx_word' id='word_1_654' title='bbox 915 5261 1014 5316; x_wconf 74' lang='grc' dir='ltr'>καὶ</span> <span class='ocrx_word' id='word_1_655' title='bbox 1041 5259 1493 5328; x_wconf 73' lang='grc' dir='ltr'>παρεπίκραναν</span> <span class='ocrx_word' id='word_1_656' title='bbox 1520 5253 1629 5308; x_wconf 76' lang='grc' dir='ltr'>τὸν</span> <span class='ocrx_word' id='word_1_657' title='bbox 1653 5250 1804 5305; x_wconf 80' lang='grc' dir='ltr'>Θεὸν</span> <span class='ocrx_word' id='word_1_658' title='bbox 1830 5248 1939 5302; x_wconf 73' lang='grc' dir='ltr'>τὸν</span> 
     </span>
    </p>
   </div>
   <div class='ocr_carea' id='block_1_97' title="bbox 352 5345 1934 5431">
    <p class='ocr_par' dir='ltr' id='par_1_97' title="bbox 352 5345 1934 5431">
     <span class='ocr_line' id='line_1_98' title="bbox 352 5345 1934 5431; baseline -0.014 -16"><span class='ocrx_word' id='word_1_659' title='bbox 352 5363 639 5431; x_wconf 67' lang='grc' dir='ltr'>ὕψιστον,</span> <span class='ocrx_word' id='word_1_660' title='bbox 694 5376 748 5412; x_wconf 91' lang='grc' dir='ltr'><strong>κ.</strong></span> <span class='ocrx_word' id='word_1_661' title='bbox 803 5375 854 5410; x_wconf 83' lang='grc' dir='ltr'><strong>τ.</strong></span> <span class='ocrx_word' id='word_1_662' title='bbox 905 5357 952 5408; x_wconf 82' lang='grc' dir='ltr'>ὲ.</span> <span class='ocrx_word' id='word_1_663' title='bbox 993 5352 1411 5424; x_wconf 80' lang='grc' dir='ltr'>Ἀμαρτάνουσα</span> <span class='ocrx_word' id='word_1_664' title='bbox 1467 5345 1615 5415; x_wconf 77' lang='grc' dir='ltr'>ψυχὴ</span> <span class='ocrx_word' id='word_1_665' title='bbox 1687 5358 1934 5413; x_wconf 80' lang='grc' dir='ltr'>παραπι-</span> 
     </span>
    </p>
   </div>
   <div class='ocr_carea' id='block_1_98' title="bbox 353 5434 1935 5525">
    <p class='ocr_par' dir='ltr' id='par_1_98' title="bbox 353 5434 1935 5525">
     <span class='ocr_line' id='line_1_99' title="bbox 353 5434 1935 5525; baseline -0.015 -17"><span class='ocrx_word' id='word_1_666' title='bbox 353 5454 566 5525; x_wconf 86' lang='grc' dir='ltr'>κραίνει</span> <span class='ocrx_word' id='word_1_667' title='bbox 614 5451 849 5521; x_wconf 56' lang='grc' dir='ltr'>γνῶσιν</span> <span class='ocrx_word' id='word_1_668' title='bbox 900 5450 933 5519; x_wconf 87' lang='grc' dir='ltr'><strong>ή</strong></span> <span class='ocrx_word' id='word_1_669' title='bbox 985 5447 1040 5500; x_wconf 82' lang='grc' dir='ltr'><strong>δὲ</strong></span> <span class='ocrx_word' id='word_1_670' title='bbox 1099 5439 1440 5512; x_wconf 80' lang='grc' dir='ltr'>κατορθοῦσα</span> <span class='ocrx_word' id='word_1_671' title='bbox 1499 5436 1774 5504; x_wconf 83' lang='grc' dir='ltr'>γλυκαίνει</span> <span class='ocrx_word' id='word_1_672' title='bbox 1839 5434 1935 5486; x_wconf 77' lang='grc' dir='ltr'>αὐ-</span> 
     </span>
    </p>
   </div>
   <div class='ocr_carea' id='block_1_99' title="bbox 351 5550 474 5619">
    <p class='ocr_par' dir='ltr' id='par_1_99' title="bbox 351 5550 474 5619">
     <span class='ocr_line' id='line_1_100' title="bbox 351 5550 474 5619; baseline 0 -19"><span class='ocrx_word' id='word_1_673' title='bbox 351 5550 474 5619; x_wconf 79' lang='grc' dir='ltr'>τήν.</span> 
     </span>
    </p>
   </div>
   <div class='ocr_carea' id='block_1_100' title="bbox 428 5648 1475 5722">
    <p class='ocr_par' dir='ltr' id='par_1_100' title="bbox 428 5648 1475 5722">
     <span class='ocr_line' id='line_1_101' title="bbox 428 5648 1475 5722; baseline -0.016 -5"><span class='ocrx_word' id='word_1_674' title='bbox 428 5664 470 5694; x_wconf 68' lang='grc'><strong>⁸³</strong></span> <span class='ocrx_word' id='word_1_675' title='bbox 502 5659 657 5715; x_wconf 82' lang='lat' dir='ltr'><strong>Joan.</strong></span> <span class='ocrx_word' id='word_1_676' title='bbox 694 5674 767 5722; x_wconf 82' lang='grc' dir='ltr'><strong>νι,</strong></span> <span class='ocrx_word' id='word_1_677' title='bbox 801 5659 891 5712; x_wconf 77' lang='grc'>51.</span> <span class='ocrx_word' id='word_1_678' title='bbox 969 5655 1016 5687; x_wconf 81' lang='grc'><strong>⁸⁸</strong></span> <span class='ocrx_word' id='word_1_679' title='bbox 1046 5653 1085 5706; x_wconf 93' lang='lat' dir='ltr'><strong>ll</strong></span> <span class='ocrx_word' id='word_1_680' title='bbox 1115 5652 1245 5705; x_wconf 85' lang='lat' dir='ltr'><strong>Cor.</strong></span> <span class='ocrx_word' id='word_1_681' title='bbox 1284 5666 1357 5712; x_wconf 78' lang='grc' dir='ltr'><strong>νι,</strong></span> <span class='ocrx_word' id='word_1_682' title='bbox 1391 5648 1475 5702; x_wconf 80' lang='lat' dir='ltr'><strong>l6.</strong></span> 
     </span>
    </p>
   </div>
   <div class='ocr_carea' id='block_1_101' title="bbox 430 5735 1940 5827">
    <p class='ocr_par' dir='ltr' id='par_1_101' title="bbox 430 5735 1940 5827">
     <span class='ocr_line' id='line_1_102' title="bbox 430 5735 1940 5827; baseline -0.014 -18"><span class='ocrx_word' id='word_1_683' title='bbox 430 5757 540 5827; x_wconf 73' lang='grc'><strong>(41)</strong></span> <span class='ocrx_word' id='word_1_684' title='bbox 571 5757 647 5809; x_wconf 82' lang='lat' dir='ltr'><strong>Ab</strong></span> <span class='ocrx_word' id='word_1_685' title='bbox 679 5755 783 5827; x_wconf 85' lang='lat' dir='ltr'><strong>hoc</strong></span> <span class='ocrx_word' id='word_1_686' title='bbox 807 5753 1023 5827; x_wconf 61' lang='lat' dir='ltr'><strong>psalmo</strong></span> <span class='ocrx_word' id='word_1_687' title='bbox 1050 5763 1230 5827; x_wconf 56' lang='lat' dir='ltr'><strong>Lxltt-‘ll</strong></span> <span class='ocrx_word' id='word_1_688' title='bbox 1279 5759 1447 5827; x_wconf 64' lang='lat' dir='ltr'><strong>usque</strong></span> <span class='ocrx_word' id='word_1_689' title='bbox 1481 5741 1545 5795; x_wconf 83' lang='lat' dir='ltr'><strong>ad</strong></span> <span class='ocrx_word' id='word_1_690' title='bbox 1581 5735 1940 5827; x_wconf 23' lang='lat' dir='ltr'><strong>lincmnplsal-</strong></span> 
     </span>
    </p>
   </div>
   <div class='ocr_carea' id='block_1_102' title="bbox 357 5808 1934 5892">
    <p class='ocr_par' dir='ltr' id='par_1_102' title="bbox 357 5808 1934 5892">
     <span class='ocr_line' id='line_1_103' title="bbox 357 5808 1934 5892; baseline -0.012 -12"><span class='ocrx_word' id='word_1_691' title='bbox 357 5808 605 5892; x_wconf 42' lang='lat' dir='ltr'><strong>innoxis,</strong></span> <span class='ocrx_word' id='word_1_692' title='bbox 643 5808 824 5880; x_wconf 73' lang='lat' dir='ltr'><strong>omnia</strong></span> <span class='ocrx_word' id='word_1_693' title='bbox 856 5821 1062 5879; x_wconf 84' lang='lat' dir='ltr'><strong>scholia</strong></span> <span class='ocrx_word' id='word_1_694' title='bbox 1106 5819 1293 5874; x_wconf 65' lang='lat' dir='ltr'><strong>Gracca</strong></span> <span class='ocrx_word' id='word_1_695' title='bbox 1343 5808 1422 5869; x_wconf 60' lang='lat' dir='ltr'><strong>rel</strong></span> <span class='ocrx_word' id='word_1_696' title='bbox 1457 5829 1485 5870; x_wconf 74' lang='grc' dir='ltr'><strong>ε</strong></span> <span class='ocrx_word' id='word_1_697' title='bbox 1515 5812 1701 5866; x_wconf 79' lang='lat' dir='ltr'><strong>codice</strong></span> <span class='ocrx_word' id='word_1_698' title='bbox 1739 5808 1934 5864; x_wconf 85' lang='lat' dir='ltr'><strong>Cuisli-</strong></span> 
     </span>
    </p>
   </div>
   <div class='ocr_carea' id='block_1_103' title="bbox 2041 4613 2760 4684">
    <p class='ocr_par' dir='ltr' id='par_1_103' title="bbox 2041 4613 2760 4684">
     <span class='ocr_line' id='line_1_104' title="bbox 2041 4613 2760 4684; baseline 0.001 -15"><span class='ocrx_word' id='word_1_699' title='bbox 2041 4629 2260 4684; x_wconf 70' lang='lat' dir='ltr'><strong>gregem</strong></span> <span class='ocrx_word' id='word_1_700' title='bbox 2291 4615 2454 4684; x_wconf 74' lang='lat' dir='ltr'><strong>regit,</strong></span> <span class='ocrx_word' id='word_1_701' title='bbox 2493 4613 2760 4670; x_wconf 83' lang='lat' dir='ltr'><strong>imitatus.</strong></span> 
     </span>
    </p>
   </div>
   <div class='ocr_carea' id='block_1_104' title="bbox 2116 4700 3629 4770">
    <p class='ocr_par' dir='ltr' id='par_1_104' title="bbox 2116 4700 3629 4770">
     <span class='ocr_line' id='line_1_105' title="bbox 2116 4700 3629 4770; baseline -0.009 -6"><span class='ocrx_word' id='word_1_702' title='bbox 2116 4709 2283 4764; x_wconf 76' lang='lat' dir='ltr'><strong>Vens.</strong></span> <span class='ocrx_word' id='word_1_703' title='bbox 2317 4707 2407 4762; x_wconf 67' lang='grc'>54.</span> <span class='ocrx_word' id='word_1_704' title='bbox 2434 4707 2504 4762; x_wconf 84' lang='grc' dir='ltr'>Ει</span> <span class='ocrx_word' id='word_1_705' title='bbox 2547 4709 2760 4762; x_wconf 71' lang='lat' dir='ltr'><strong>induxit</strong></span> <span class='ocrx_word' id='word_1_706' title='bbox 2787 4722 2874 4760; x_wconf 85' lang='lat' dir='ltr'><strong>eos</strong></span> <span class='ocrx_word' id='word_1_707' title='bbox 2897 4708 2950 4760; x_wconf 76' lang='lat' dir='ltr'><strong>iu</strong></span> <span class='ocrx_word' id='word_1_708' title='bbox 2983 4713 3215 4758; x_wconf 76' lang='lat' dir='ltr'><strong>montem</strong></span> <span class='ocrx_word' id='word_1_709' title='bbox 3240 4700 3629 4770; x_wconf 74' lang='lat' dir='ltr'><strong>sanctiﬁcatio-</strong></span> 
     </span>
    </p>
   </div>
   <div class='ocr_carea' id='block_1_105' title="bbox 2045 4792 3628 4872">
    <p class='ocr_par' dir='ltr' id='par_1_105' title="bbox 2045 4792 3628 4872">
     <span class='ocr_line' id='line_1_106' title="bbox 2045 4792 3628 4872; baseline -0.009 -13"><span class='ocrx_word' id='word_1_710' title='bbox 2045 4807 2127 4859; x_wconf 82' lang='lat' dir='ltr'><strong>nis</strong></span> <span class='ocrx_word' id='word_1_711' title='bbox 2169 4820 2316 4872; x_wconf 66' lang='lat' dir='ltr'><strong>sua,</strong></span> <span class='ocrx_word' id='word_1_712' title='bbox 2357 4814 2468 4858; x_wconf 88' lang='lat' dir='ltr'><strong>etc.</strong></span> <span class='ocrx_word' id='word_1_713' title='bbox 2519 4802 2674 4858; x_wconf 73' lang='lat' dir='ltr'><strong>Mons</strong></span> <span class='ocrx_word' id='word_1_714' title='bbox 2716 4799 3178 4857; x_wconf 78' lang='lat' dir='ltr'><strong>sanctiﬁcationis</strong></span> <span class='ocrx_word' id='word_1_715' title='bbox 3241 4802 3324 4850; x_wconf 88' lang='lat' dir='ltr'><strong>est</strong></span> <span class='ocrx_word' id='word_1_716' title='bbox 3385 4792 3628 4862; x_wconf 67' lang='lat' dir='ltr'><strong>cognitio</strong></span> 
     </span>
    </p>
   </div>
   <div class='ocr_carea' id='block_1_106' title="bbox 2042 4896 3625 4952">
    <p class='ocr_par' dir='ltr' id='par_1_106' title="bbox 2042 4896 3625 4952">
     <span class='ocr_line' id='line_1_107' title="bbox 2042 4896 3625 4952; baseline -0.008 0"><span class='ocrx_word' id='word_1_717' title='bbox 2042 4896 2160 4952; x_wconf 80' lang='lat' dir='ltr'><strong>Dei.</strong></span> <span class='ocrx_word' id='word_1_718' title='bbox 3623 4896 3625 4898; x_wconf 82' lang='lat'>&#39;</span> 
     </span>
    </p>
   </div>
   <div class='ocr_carea' id='block_1_107' title="bbox 2115 4976 3628 5052">
    <p class='ocr_par' dir='ltr' id='par_1_107' title="bbox 2115 4976 3628 5052">
     <span class='ocr_line' id='line_1_108' title="bbox 2115 4976 3628 5052; baseline -0.011 -11"><span class='ocrx_word' id='word_1_719' title='bbox 2115 4985 2279 5041; x_wconf 78' lang='lat' dir='ltr'><strong>Vens.</strong></span> <span class='ocrx_word' id='word_1_720' title='bbox 2313 4985 2402 5041; x_wconf 85' lang='grc'><strong>55.</strong></span> <span class='ocrx_word' id='word_1_721' title='bbox 2433 4981 2503 5038; x_wconf 87' lang='lat' dir='ltr'><strong>Et</strong></span> <span class='ocrx_word' id='word_1_722' title='bbox 2537 4985 2780 5038; x_wconf 79' lang='lat' dir='ltr'><strong>habitare</strong></span> <span class='ocrx_word' id='word_1_723' title='bbox 2805 4983 2931 5052; x_wconf 76' lang='lat' dir='ltr'><strong>fecit</strong></span> <span class='ocrx_word' id='word_1_724' title='bbox 2964 4983 3022 5036; x_wconf 89' lang='lat' dir='ltr'><strong>in</strong></span> <span class='ocrx_word' id='word_1_725' title='bbox 3053 4976 3414 5036; x_wconf 80' lang='lat' dir='ltr'><strong>tabernaculis</strong></span> <span class='ocrx_word' id='word_1_726' title='bbox 3443 4989 3628 5028; x_wconf 84' lang='lat' dir='ltr'><strong>eorum</strong></span> 
     </span>
    </p>
   </div>
   <div class='ocr_carea' id='block_1_108' title="bbox 2039 5065 3625 5143">
    <p class='ocr_par' dir='ltr' id='par_1_108' title="bbox 2039 5065 3625 5143">
     <span class='ocr_line' id='line_1_109' title="bbox 2039 5065 3625 5143; baseline -0.011 -9"><span class='ocrx_word' id='word_1_727' title='bbox 2039 5081 2210 5134; x_wconf 74' lang='lat' dir='ltr'><strong>tribus</strong></span> <span class='ocrx_word' id='word_1_728' title='bbox 2236 5077 2432 5143; x_wconf 86' lang='lat' dir='ltr'><strong>Israel,</strong></span> <span class='ocrx_word' id='word_1_729' title='bbox 2461 5087 2572 5132; x_wconf 86' lang='lat' dir='ltr'><strong>etc.</strong></span> <span class='ocrx_word' id='word_1_730' title='bbox 2611 5094 2633 5128; x_wconf 75' lang='grc' dir='ltr'>ι</span> <span class='ocrx_word' id='word_1_731' title='bbox 2664 5075 2983 5130; x_wconf 81' lang='lat' dir='ltr'><strong>Inhabitabo</strong></span> <span class='ocrx_word' id='word_1_732' title='bbox 3029 5075 3206 5138; x_wconf 84' lang='lat' dir='ltr'><strong>enim,</strong></span> <span class='ocrx_word' id='word_1_733' title='bbox 3256 5069 3428 5139; x_wconf 83' lang='lat' dir='ltr'><strong>inquit</strong></span> <span class='ocrx_word' id='word_1_734' title='bbox 3463 5067 3536 5130; x_wconf 82' lang='grc'><strong>⁵³,</strong></span> <span class='ocrx_word' id='word_1_735' title='bbox 3571 5065 3625 5118; x_wconf 91' lang='lat' dir='ltr'><strong>iu</strong></span> 
     </span>
    </p>
   </div>
   <div class='ocr_carea' id='block_1_109' title="bbox 2037 5170 2648 5228">
    <p class='ocr_par' dir='ltr' id='par_1_109' title="bbox 2037 5170 2648 5228">
     <span class='ocr_line' id='line_1_110' title="bbox 2037 5170 2648 5228; baseline -0.011 0"><span class='ocrx_word' id='word_1_736' title='bbox 2037 5175 2117 5228; x_wconf 84' lang='lat' dir='ltr'><strong>eis</strong></span> <span class='ocrx_word' id='word_1_737' title='bbox 2156 5183 2210 5226; x_wconf 91' lang='lat' dir='ltr'><strong>et</strong></span> <span class='ocrx_word' id='word_1_738' title='bbox 2237 5170 2602 5226; x_wconf 85' lang='lat' dir='ltr'><strong>iuambulabo.</strong></span> <span class='ocrx_word' id='word_1_739' title='bbox 2629 5189 2648 5221; x_wconf 73' lang='grc' dir='ltr'><strong>ι</strong></span> 
     </span>
    </p>
   </div>
   <div class='ocr_carea' id='block_1_110' title="bbox 2126 5251 3628 5319">
    <p class='ocr_par' dir='ltr' id='par_1_110' title="bbox 2126 5251 3628 5319">
     <span class='ocr_line' id='line_1_111' title="bbox 2126 5251 3628 5319; baseline -0.012 -1"><span class='ocrx_word' id='word_1_740' title='bbox 2126 5264 2288 5319; x_wconf 74' lang='lat' dir='ltr'><strong>Vens.</strong></span> <span class='ocrx_word' id='word_1_741' title='bbox 2326 5263 2414 5318; x_wconf 83' lang='grc'>56.</span> <span class='ocrx_word' id='word_1_742' title='bbox 2443 5263 2510 5316; x_wconf 81' lang='lat' dir='ltr'><strong>Et</strong></span> <span class='ocrx_word' id='word_1_743' title='bbox 2537 5271 2868 5317; x_wconf 67' lang='lat' dir='ltr'><strong>removerunt</strong></span> <span class='ocrx_word' id='word_1_744' title='bbox 2907 5272 2956 5314; x_wconf 83' lang='lat' dir='ltr'><strong>et</strong></span> <span class='ocrx_word' id='word_1_745' title='bbox 2985 5257 3423 5315; x_wconf 55' lang='lat' dir='ltr'><strong>accubuerunt</strong></span> <span class='ocrx_word' id='word_1_746' title='bbox 3461 5251 3628 5303; x_wconf 68' lang='lat' dir='ltr'><strong>Dauni</strong></span> 
     </span>
    </p>
   </div>
   <div class='ocr_carea' id='block_1_111' title="bbox 2045 5342 3625 5424">
    <p class='ocr_par' dir='ltr' id='par_1_111' title="bbox 2045 5342 3625 5424">
     <span class='ocr_line' id='line_1_112' title="bbox 2045 5342 3625 5424; baseline -0.013 -11"><span class='ocrx_word' id='word_1_747' title='bbox 2045 5359 2329 5422; x_wconf 72' lang='lat' dir='ltr'><strong>excelsum,</strong></span> <span class='ocrx_word' id='word_1_748' title='bbox 2360 5367 2466 5412; x_wconf 89' lang='lat' dir='ltr'><strong>etc.</strong></span> <span class='ocrx_word' id='word_1_749' title='bbox 2497 5357 2691 5410; x_wconf 86' lang='lat' dir='ltr'><strong>Anima</strong></span> <span class='ocrx_word' id='word_1_750' title='bbox 2728 5368 2966 5424; x_wconf 77' lang='lat' dir='ltr'><strong>peccans</strong></span> <span class='ocrx_word' id='word_1_751' title='bbox 3017 5349 3310 5406; x_wconf 80' lang='lat' dir='ltr'><strong>exacerbat</strong></span> <span class='ocrx_word' id='word_1_752' title='bbox 3359 5342 3625 5412; x_wconf 79' lang='lat' dir='ltr'><strong>cognitio-</strong></span> 
     </span>
    </p>
   </div>
   <div class='ocr_carea' id='block_1_112' title="bbox 2047 5437 3410 5516">
    <p class='ocr_par' dir='ltr' id='par_1_112' title="bbox 2047 5437 3410 5516">
     <span class='ocr_line' id='line_1_113' title="bbox 2047 5437 3410 5516; baseline -0.014 -7"><span class='ocrx_word' id='word_1_753' title='bbox 2047 5471 2187 5516; x_wconf 90' lang='lat' dir='ltr'><strong>nem,</strong></span> <span class='ocrx_word' id='word_1_754' title='bbox 2221 5462 2368 5508; x_wconf 90' lang='lat' dir='ltr'><strong>rccte</strong></span> <span class='ocrx_word' id='word_1_755' title='bbox 2399 5461 2583 5506; x_wconf 87' lang='lat' dir='ltr'><strong>autem</strong></span> <span class='ocrx_word' id='word_1_756' title='bbox 2615 5448 2816 5502; x_wconf 79' lang='lat' dir='ltr'><strong>faciens</strong></span> <span class='ocrx_word' id='word_1_757' title='bbox 2841 5444 3048 5499; x_wconf 84' lang='lat' dir='ltr'><strong>dulcem</strong></span> <span class='ocrx_word' id='word_1_758' title='bbox 3065 5457 3182 5496; x_wconf 88' lang='lat' dir='ltr'><strong>eam</strong></span> <span class='ocrx_word' id='word_1_759' title='bbox 3215 5437 3410 5492; x_wconf 89' lang='lat' dir='ltr'><strong>reddit.</strong></span> 
     </span>
    </p>
   </div>
   <div class='ocr_carea' id='block_1_113' title="bbox 2056 5716 3591 5806">
    <p class='ocr_par' dir='ltr' id='par_1_113' title="bbox 2056 5716 3591 5806">
     <span class='ocr_line' id='line_1_114' title="bbox 2056 5716 3591 5806; baseline -0.02 -14"><span class='ocrx_word' id='word_1_760' title='bbox 2056 5737 2215 5794; x_wconf 87' lang='lat' dir='ltr'><strong>niano</strong></span> <span class='ocrx_word' id='word_1_761' title='bbox 2239 5736 2435 5806; x_wconf 89' lang='lat' dir='ltr'><strong>primo,</strong></span> <span class='ocrx_word' id='word_1_762' title='bbox 2465 5731 2548 5788; x_wconf 65' lang='lat' dir='ltr'><strong>vel</strong></span> <span class='ocrx_word' id='word_1_763' title='bbox 2573 5745 2600 5785; x_wconf 89' lang='lat' dir='ltr'><strong>c</strong></span> <span class='ocrx_word' id='word_1_764' title='bbox 2624 5725 2836 5782; x_wconf 75' lang='lat' dir='ltr'><strong>Sthcdis</strong></span> <span class='ocrx_word' id='word_1_765' title='bbox 2878 5718 3063 5776; x_wconf 80' lang='lat' dir='ltr'><strong>Grabii</strong></span> <span class='ocrx_word' id='word_1_766' title='bbox 3095 5716 3410 5785; x_wconf 86' lang='lat' dir='ltr'><strong>deprompta</strong></span> <span class='ocrx_word' id='word_1_767' title='bbox 3445 5717 3591 5765; x_wconf 90' lang='lat' dir='ltr'><strong>sunt.</strong></span> 
     </span>
    </p>
   </div>
   <div class='ocr_carea' id='block_1_114' title="bbox 2379 5831 2398 5860">
    <p class='ocr_par' dir='ltr' id='par_1_114' title="bbox 2379 5831 2398 5860">
     <span class='ocr_line' id='line_1_115' title="bbox 2379 5831 2398 5860; baseline 0 0"><span class='ocrx_word' id='word_1_768' title='bbox 2379 5831 2398 5860; x_wconf 85' lang='lat'><strong><em>\</em></strong></span> 
     </span>
    </p>
   </div>
  </div>
