4106 6400
485 418 615 476 liii!)

1346 427 1653 484 SELECTA
1694 429 1758 485 IN
1796 430 2137 489 PSALMOS.
2180 467 2247 475 —
2285 435 2479 491 PS.\I..
2519 437 2803 494 LXXXIX.

3594 451 3727 506 1550

531 538 639 592 Καὶ
669 538 741 593 ἑν
780 539 852 609 τῇ
885 541 1128 611 εὐδοκία
1177 559 1291 597 σου
1332 546 1717 615 ὑψωθήσεται
1759 551 1826 604 τὸ
1864 554 2027 617 κέρας

2221 553 2384 609 Vens.
2415 555 2500 609 18.
2530 559 2594 610 Et
2624 558 2677 610 in
2708 560 3028 630 beneplarito
3077 573 3163 615 tuo
3214 565 3536 620 exoltabitur
3564 585 3729 623 cornu

461 630 648 698 ἡμῶν,
682 649 734 684 κ.
770 649 821 686 τ.
850 634 897 686 ἑ.
924 635 1107 708 Κέρας
1140 638 1234 691 νῦν
1267 640 1357 692 τὸν
1401 640 1525 693 νοῦν
1568 642 1840 711 ὀνομάζει·
1878 642 2041 714 ὑψοῦ-

457 737 545 774 ται
575 723 631 775 δὲ
655 723 779 788 νοῦς
798 724 884 778 διὰ
904 728 1158 795 γνώσεως
1196 730 1350 783 Θεοῦ.

533 816 671 867 Τότε
732 816 1045 885 ἐλάλησας
1102 820 1172 873 ἐν
1233 822 1439 891 ὁράσει
1493 824 1616 891 τοῖς
1680 825 1832 892 υἱοῖς
1890 842 2038 890 σου,

455 918 511 955 κ.
570 920 619 954 τ.
678 904 727 957 ὲ.
781 906 913 958 Τότε
962 906 1234 979 ὲλάλησας
1284 912 1374 965 διὰ
1424 913 1532 965 τῶν
1587 913 1758 981 ἁγίων
1825 932 2039 985 προφη-

452 994 581 1048 τῶν.

542 1088 638 1140 Ἐν
675 1089 857 1159 ἐλαίῳ
894 1092 1040 1162 ἁγίῳ
1081 1111 1199 1163 μου
1227 1094 1442 1163 ἕχρισα
1470 1096 1675 1162 αὑτὸν,
1711 1114 1767 1152 κ.
1809 1116 1860 1151 τ.
1890 1100 1935 1151 ὲ.
1968 1099 2041 1150 Τὸ

455 1179 610 1248 ἆγιον
641 1180 818 1235 ἔλαιον
849 1183 949 1255 τὴν
984 1184 1079 1238 τοῦ
1119 1185 1252 1237 Θεοῦ
1286 1186 1488 1254 γνῶσιν
1525 1188 1802 1258 σημαίνει,
1842 1189 2039 1259 μᾶλλον

454 1272 511 1326 δὲ
535 1274 634 1345 τὴν
671 1275 903 1347 οὑσιὼδη
937 1276 1138 1345 γνῶσιν
1159 1278 1326 1348 δηλοῖ.

528 1366 650 1417 Οὐκ
699 1365 997 1435 ὠφελήσει
1033 1371 1067 1422 ό
1106 1368 1322 1437 ἐχθρὸς
1364 1370 1434 1423 ἐν
1474 1370 1655 1438 αὐτῷ,
1689 1389 1744 1425 κ.
1785 1391 1834 1425 τ.
1872 1373 1918 1426 ὲ.
1953 1375 2035 1438 Εἰ,

450 1454 578 1508 ὅταν
604 1458 1028 1531 ἀμαρτάνωμεν,
1074 1462 1202 1525 τοὺς
1241 1462 1468 1534 ἐχθροὺς
1499 1465 1653 1534 ἡμῶν
1702 1464 2035 1534 ὠφελοῦμεν,

451 1546 683 1616 Χριστὸς
716 1548 772 1600 δὲ
815 1549 911 1619 οὐχ
951 1550 1217 1623 ἥμαρτενο
1266 1551 1375 1623 ἄρα
1419 1554 1545 1616 τοὺς
1598 1553 1827 1626 ἐχθροὺς
1872 1554 2036 1608 αὑτοῦ

449 1636 548 1694 οὐκ
571 1636 853 1709 ὠφέλησεν
879 1642 907 1692 6
934 1641 1185 1711 Χριστός.

520 1730 627 1783 Kal
653 1730 911 1801 θήσομαι
948 1733 1022 1786 ἐν
1063 1734 1346 1805 θαλάσσῃ
1386 1736 1554 1806 χεῖρα
1592 1739 1797 1803 αὐτοῦ,
1847 1741 1942 1793 καὶ
1966 1740 2036 1793 ἐν

449 1824 737 1891 ποταμοῖς
776 1825 983 1889 δεξιὰν
1021 1828 1231 1891 αὐτοῦ,
1270 1847 1323 1881 κ.
1369 1847 1418 1881 τ.
1459 1831 1506 1881 ἑ.
1555 1831 1642 1885 Ἐν
1687 1832 1788 1902 μὲν
1828 1835 1895 1904 τῇ
1939 1832 2034 1885 Θα-

2147 655 2406 709 nostrum,
2434 657 2545 703 etc.
2575 650 2759 705 Cornu
2793 652 2897 706 hoc
2940 653 3059 707 loco
3088 664 3321 710 mentem
3358 669 3530 713 vocat.
3568 659 3727 713 Exul-

2148 747 2224 792 tat
2252 748 2433 793 autem
2468 751 2702 796 mentem
2733 744 2973 813 cognitio
2997 745 3115 804 Dei.

2220 827 2377 882 Vens.
2407 828 2497 884 20.
2530 829 2673 886 Tunc
2705 832 2913 887 locutus
2940 851 2995 889 es
3018 836 3071 889 in
3092 838 3288 892 visione
3311 839 3442 906 [iliis
3470 842 3598 910 (uis,
3616 854 3727 898 etc.

2144 921 2295 977 Tunc
2323 924 2533 979 locutus
2555 940 2615 980 es
2640 940 2735 994 per
2763 937 2984 984 sanctos
3014 931 3323 999 prophetas.

2218 1108 2379 1166 Vsus.
2442 1112 2531 1166 21.
2575 1111 2704 1168 Oleo
2725 1127 2906 1169 sancto
2927 1133 3040 1171 meo
3070 1121 3198 1174 anxi
3223 1138 3363 1188 eum,
3392 1133 3501 1179 etc.
3532 1124 3722 1180 Oleum

2142 1212 2391 1255 sanctum
2418 1204 2705 1257 scientiam
2738 1206 2829 1260 Dei
2876 1208 3170 1278 signiﬁcat,
3206 1213 3377 1283 magis
3417 1229 3545 1271 vero
3592 1218 3724 1272 sub-

2141 1292 2449 1347 stantialem
2472 1293 2756 1349 scientiam
2796 1297 3018 1353 indicat.

2216 1381 2374 1438 Vens.
2401 1383 2492 1441 25.
2543 1384 2701 1439 Nihil
2742 1389 2980 1456 proﬁciet
3028 1391 3275 1447 inimicus
3299 1396 3356 1449 in
3392 1415 3474 1462 ro,
3501 1409 3607 1455 clc.
3637 1401 3717 1464 Si,

2139 1484 2263 1526 cum
2310 1487 2620 1541 peccamus,
2662 1491 2953 1544 prosutnus
3005 1481 3260 1550 inimicis,
3311 1485 3562 1544 Christus
3590 1506 3721 1546 vero

2140 1576 2245 1617 non
2280 1565 2550 1632 peccavit,
2599 1582 2703 1621 non
2758 1583 2890 1639 ergo
2922 1569 3158 1626 inimicis
3192 1575 3306 1629 suis
3337 1579 3539 1644 profuit
3566 1580 3722 1637 Citri-

2138 1663 2275 1707 Slus.

2210 1746 2373 1803 V'Ens.
2406 1748 2495 1804 26.
2532 1747 2599 1802 Et
2648 1768 2841 1818 ponam
2886 1754 2939 1806 in
2983 1758 3120 1809 mari
3161 1775 3377 1812 manum
3406 1762 3556 1829 ejus,
3585 1774 3633 1818 et
3662 1764 3720 1818 in

2135 1840 2444 1909 ﬂuminibus
2495 1843 2762 1897 dexteram
2784 1845 2901 1913 ejus
2923 1887 2938 1911 ,
2972 1857 3077 1900 etc.
3108 1848 3161 1901 In
3198 1851 3332 1905 mari
3365 1853 3582 1921 quidem
3616 1871 3717 1924 po-

450 1910 622 1983 λάσσῃ
661 1913 867 1968 τίθεται
890 1918 922 1987 ἡ
949 1917 1070 1988 χεὶρ
1098 1918 1192 1970 τοῦ
1226 1919 1486 1989 Χριστοῦ,
1532 1922 1589 1975 ὲν
1628 1921 1684 1975 δὲ
1712 1925 1826 1985 τοῖς
1865 1940 2027 1976 ποτα-

2137 1934 2285 1985 nitur
2328 1947 2521 1990 manus
2574 1935 2801 2001 Christi,
2846 1939 2899 1992 in
2955 1938 3267 1997 ﬂuminibus
3308 1958 3439 2001 vero
3493 1946 3717 2003 dextera

450 2009 571 2077 μοῖς
610 2008 643 2077 ἡ
690 2006 841 2073 δεξιὰ
884 2009 1068 2063 αὑτοῦ.
1108 2010 1276 2080 Πλὴν,
1316 2010 1411 2064 ἐὰν
1443 2011 1666 2086 θελήσῃ,
1714 2015 1747 2083 ἡ
1788 2013 2031 2068 θάλασσα

447 2096 654 2164 γίνεται
685 2099 946 2169 ποταμός
978 2101 1074 2155 καὶ
1094 2100 1254 2154 πάλιν
1285 2104 1312 2154 6
1345 2104 1608 2173 ποταμὸς,
1634 2104 1728 2158 ἐὰν
1756 2105 1829 2176 μὴ
1861 2107 2033 2178 τηρή-

447 2205 514 2259 σῃ
545 2189 636 2241 τὸν
657 2190 719 2242 ὲκ
739 2191 840 2260 τῆς
876 2191 1079 2255 κοιλίας
1102 2193 1266 2246 αὐτοῦ
1290 2194 1481 2265 ῥέοντα
1512 2196 1753 2265 ποταμὸν
1780 2196 1873 2249 τοῦ
1894 2198 2028 2262 ζῶν-

443 2296 534 2343 τος
570 2279 782 2345 ὓδατος,
806 2282 1014 2348 γίνεται
1050 2283 1317 2340 θάλασσα.

515 2371 626 2425 Καὶ
656 2372 765 2427 τὸν
794 2376 1011 2443 θρόνον
1047 2376 1234 2431 αὑτοῦ
1271 2378 1350 2443 ὡς
1382 2378 1490 2445 τὰς
1522 2379 1743 2448 ἡμέρας
1785 2380 1892 2435 τοῦ
1930 2383 2031 2435 οὺ·-

436 2464 655 2531 ρανοῦ,
682 2483 736 2519 κ.
769 2483 820 2521 τ.
852 2468 899 2520 ἑ.
930 2468 1099 2523 Ὅταν
1148 2469 1372 2541 γένηται
1409 2470 1471 2523 τὸ
1508 2471 1721 2541 οέλημα
1763 2472 1858 2525 τοῦ
1892 2471 2028 2526 Θεοῦ

440 2556 518 2619 ὼς
548 2558 605 2609 ὲν
632 2557 847 2630 οὐρανῷ
870 2560 963 2613 καὶ
982 2561 1074 2612 ἐπὶ
1106 2560 1204 2630 τῆς
1238 2562 1363 2631 γῆς,
1392 2562 1513 2615 τότε
1549 2564 1641 2616 καὶ
1663 2566 1690 2617 6
1724 2564 1911 2636 θρόνος
1933 2565 2027 2618 τοῦ

442 2647 679 2719 Χριστοῦ
711 2648 861 2703 ἔσται
892 2650 967 2713 ὡς
991 2652 1045 2704 αἱ
1072 2652 1274 2723 ἡμέραι
1304 2653 1397 2705 τοῦ
1418 2653 1670 2724 οὐρανοῦ.

512 2740 622 2795 Kal
658 2742 760 2809 τὰς
793 2743 1047 2809 ἐντολάς
1079 2761 1198 2813 μου
1235 2744 1321 2813 μὴ
1348 2746 1687 2813 φυλάξωσι,
1713 2765 1767 2801 κ.
1792 2765 1842 2801 τ.
1877 2755 1926 2807 ὲ.
1970 2748 2030 2801 ’0

443 2830 519 2903 μὴ
553 2831 847 2901 φυλάσσων
882 2832 985 2897 τὰς
1030 2834 1251 2898 ἐντολὰς
1294 2836 1389 2888 τοῦ
1440 2836 1577 2889 Θεοῦ
1629 2837 1886 2891 ἐκπίπτει
1932 2837 2027 2892 τοῦ

439 2916 576 2974 εἶναι
609 2920 795 2991 Θρόνος
829 2921 987 2974 Θεοῦ·
1031 2942 1050 2974 ι
1099 2924 1197 2986 Εἰς
1225 2924 1331 2995 γὰρ
1355 2928 1681 2997 κακότεχνον
1721 2927 1898 3003 ψυχὴν
1926 2929 2027 2981 οὐκ

440 3011 805 3064 εἰσελεύσεται
826 3010 1004 3079 σοφία,
1022 3012 1145 3066 οὐδὲ
1175 3016 1492 3085 κατοικήσει
1520 3019 1578 3070 ὲν
1609 3015 1823 3086 σώματι
1851 3035 2024 3073 κατα-

439 3104 586 3175 χρὲῳ
619 3106 913 3176 ἁμαρτίας.
949 3125 968 3157 ι

523 3195 952 3265 Ἐπισκέψ-ομαι
988 3196 1059 3249 ἐν
1096 3196 1294 3265 ῥάϐδῳ
1334 3198 1442 3265 τὰς
1494 3199 1747 3268 ἀνομίας
1789 3200 2025 3269 αὐτῶν,

2133 2022 2268 2088 ejus.
2320 2024 2430 2079 luto
2457 2065 2470 2088 ,
2502 2026 2545 2080 si
2598 2028 2850 2093 voluerit,
2883 2045 3035 2086 mare
3088 2031 3147 2085 lit
3174 2031 3397 2099 ﬂumen,
3425 2045 3480 2091 et
3526 2054 3719 2094 rursus

2133 2108 2353 2175 ﬂumen,
2385 2115 2429 2168 si
2467 2113 2723 2171 liuentem
2757 2118 2823 2172 de
2853 2133 3044 2176 ventre
3070 2121 3187 2190 ejus
3213 2122 3435 2180 ﬂuvium
3460 2142 3612 2197 aqua:
3640 2132 3721 2184 vi-

2134 2212 2203 2257 tte
2233 2218 2337 2259 non
2366 2209 2685 2272 servaverit,
2716 2209 2775 2262 lit
2807 2225 2975 2266 mare.

2206 2376 2367 2434 Vnus.
2404 2379 2491 2435 50.
2527 2379 2593 2434 Et
2642 2385 2891 2439 thronum
2932 2388 3048 2455 ejus
3096 2390 3231 2443 sicut
3273 2392 3387 2445 dies
3436 2395 3572 2461 cwli,
3607 2408 3713 2452 etc.

2130 2469 2263 2523 Cum
2303 2471 2443 2526 facta
2492 2473 2656 2528 fuerit
2691 2476 2941 2533 voluntas
2974 2479 3064 2535 D'ei
3099 2481 3239 2536 sicut
3282 2483 3335 2537 in
3367 2486 3508 2541 cmlo
3552 2500 3607 2544 et
3662 2491 3716 2545 in

2134 2568 2315 2627 terra,
2365 2570 2493 2618 tunc
2548 2564 2713 2621 etiam
2755 2568 2984 2624 thronus
3024 2569 3229 2628 Cltristi
3265 2577 3372 2631 erit
3416 2579 3557 2634 sicut
3598 2581 3717 2636 dies

2133 2652 2277 2705 coeli.

2207 2740 2370 2797 Vsus.
2408 2744 2499 2802 52.
2536 2745 2602 2799 Et
2631 2750 2890 2804 mandata
2925 2768 3037 2808 mea
3069 2772 3172 2811 non
3209 2761 3574 2829 custodieriut,
3605 2774 3714 2820 etc.

2130 2834 2232 2901 Qui
2259 2842 2362 2892 non
2398 2845 2634 2897 custodtt
2669 2846 2921 2900 mandata
2961 2849 3076 2913 Dei,
3104 2853 3306 2907 desinit
3339 2870 3461 2912 esse
3489 2858 3718 2915 thronus

2133 2926 2273 2983 Dei:
2309 2945 2434 2985 nam
2486 2948 2506 2983 ι
2558 2933 2609 2985 in
2663 2935 2982 2990 malevotam
3038 2940 3279 2996 animant
3323 2960 3428 2999 non
3468 2948 3715 3004 intrmbit

2128 3017 2423 3083 sapientia,
2459 3034 2636 3088 neque
2671 3023 2941 3081 habitabit
2972 3027 3024 3083 in
3077 3044 3309 3099 corpore
3341 3035 3561 3093 subdito
3584 3053 3713 3109 pec-

2128 3107 2265 3162 catis
2289 3108 2362 3160 “.
2398 3127 2417 3160 ι

2206 3197 2367 3253 Vens.
2386 3199 2456 3256 35
2518 3201 2756 3260 Visitabo
2790 3207 2844 3259 in
2869 3209 3015 3278 virga
3041 3211 3345 3281 iniquitates
3369 3233 3575 3288 eorum,
3601 3230 3709 3276 etc.

439 3302 493 3337 κ.
518 3302 568 3338 τ.
592 3285 638 3337 ὲ.
673 3305 691 3336 ι
738 3288 835 3340 Ὃν
854 3286 963 3356 γὰρ
991 3288 1182 3359 ἀγαπᾷ
1216 3288 1443 3359 Κύριος,
1468 3291 1732 3344 παιδεύει’
1766 3297 2027 3363 μαστιγοῖ

2138 3310 2157 3343 ι
2208 3292 2377 3361 Quem
2411 3297 2559 3351 enim
2606 3301 2781 3371 diligit
2806 3302 3093 3377 ‘Dontinus
3118 3347 3134 3372 ,
3164 3312 3438 3381 corripit;
3480 3285 3714 3387 ﬂagellat

435 3374 493 3427 δὲ
527 3376 702 3429 πάντα
724 3379 837 3432 υἱὸν
866 3379 925 3431 ὃν
949 3379 1336 3451 παραδέχεται.
1374 3400 1392 3433 ι

512 3468 624 3521 Tdr
664 3470 879 3538 θρόνον
918 3472 1106 3526 αὑτοῦ
1152 3475 1241 3539 εὶς
1290 3471 1406 3541 τὴν
1452 3471 1569 3544 γῆν
1633 3476 2023 3545 κατέρραξας,

435 3574 490 3611 κ.
520 3576 570 3612 τ.
600 3560 646 3613 ὲ.
671 3562 765 3625 Et;
790 3563 895 3634 γῆν
922 3565 1015 3617 ἀπ’
1036 3565 1265 3634 οὐρανοῦ
1302 3567 1710 3637 καταρὰσσεται
1743 3568 1870 3633 νοῦς
1905 3571 2025 3624 ἀντὶ

433 3650 759 3722 ἐπουρανίου
790 3655 970 3724 χοῖκὸς
1007 3656 1267 3724 γεγονώς.

521 3748 918 3815 Ἐσμίκρυνας
973 3748 1081 3814 τὰς
1126 3749 1352 3818 ἡμέρας
1396 3750 1503 3804 τοῦ
1546 3752 1769 3821 χρόνου
1813 3752 2021 3819 αὐτοῦ,

435 3856 487 3891 κ.
515 3856 567 3891 τ.
600 3840 646 3891 ἐ.
693 3840 786 3891 Ἐκ
817 3839 917 3909 τῆς
940 3841 1380 3910 ἐγκαταλείψεως
1417 3843 1695 3913 μειοῦνται
1734 3848 1789 3899 αί
1830 3848 2025 3917 ἀρεταὶ

436 3933 531 3984 καὶ
556 3932 613 3984 αἱ
641 3928 873 3999 γνώσεις
906 3931 1083 4002 ἡμῶν·
1121 3933 1283 3986 αὑταὶ
1306 3934 1412 4005 γάρ
1440 3934 1577 3986 εἰσιν
1601 3936 1658 3988 αἱ
1688 3936 1896 4007 ἡμέραι
1923 3939 2023 4002 τῆς

434 4023 651 4093 φύσεως
689 4023 791 4094 τῆς
824 4023 1067 4094 λογικῆς.
1808 4022 1815 4029 ’

511 4118 606 4183 Τίς
631 4116 805 4169 ἐστιν
834 4116 1142 4184 ἅνθρωπος
1168 4117 1235 4183 ὃς
1260 4116 1517 4185 ζήσεται,
1549 4119 1648 4173 καί
1670 4122 1780 4174 οὐκ
1811 4121 2024 4190 ὄψεται

433 4208 713 4273 θάνατον,
747 4209 1001 4276 ῥύσεται
1049 4208 1164 4277 τὴν
1211 4210 1426 4281 ψυχὴν
1472 4213 1658 4266 αὑτοῦ
1704 4214 1773 4265 ἐκ
1820 4214 2022 4283 χειρὸς

433 4298 617 4364 ςῖὅου;
651 4317 704 4352 κ.
737 4317 787 4353 τ.
828 4301 876 4353 ὲ.
919 4300 983 4353 Ἦ
1007 4299 1233 4372 αὔξησις
1258 4302 1356 4374 τῆς
1380 4303 1578 4375 ἀρετῆς
1621 4306 1717 4359 καὶ¹
1750 4306 1849 4377 τῆς
1884 4306 2023 4375 γνὼ-

435 4407 572 4454 σεως
606 4392 670 4444 ἐκ
700 4391 802 4461 τῆς
835 4391 975 4445 κατὰ
1014 4393 1208 4463 μικρὸν
1248 4395 1530 4465 μειώσεως
1564 4397 1754 4451 πασῶν
1787 4397 1895 4451 τῶν
1924 4416 2023 4452 κα-

433 4481 568 4535 κιῶν
612 4483 706 4536 καὶ
747 4483 847 4553 τῆς
901 4484 1128 4552 ἀγνοίας
1173 4485 1575 4556 ὲπισυμὸαίνει.
1628 4489 1812 4544 Κακία
1839 4491 1896 4544 δὲ
1927 4490 2022 4543 καὶ

2128 3396 2308 3442 autem
2336 3404 2554 3443 omnem
2584 3392 2753 3447 [ilium
2782 3410 2943 3463 quem
2972 3401 3243 3470 recipit“.
3287 3423 3306 3456 ι

2204 3479 2366 3534 Vens.
2399 3481 2489 3537 45.
2522 3481 2707 3538 Sedem
2734 3486 2849 3556 ejus
2874 3489 2929 3541 in
2967 3500 3165 3546 terram
3192 3495 3453 3553 collisisti.
3496 3499 3540 3555 E
3571 3502 3712 3558 creto

2128 3570 2182 3624 in
2222 3580 2424 3627 terram
2460 3574 2735 3630 colliditur
2785 3594 2936 3635 mens
2982 3597 3101 3652 qua:
3142 3598 3172 3640 e
3204 3586 3414 3643 caelesti
3455 3589 3596 3646 facta
3629 3603 3714 3649 est

2128 3666 2371 3716 terrena.

2200 3748 2363 3809 Vens.
2398 3752 2491 3809 46.
2533 3756 2821 3841 Minorasti
2870 3762 2981 3815 dies
3026 3768 3275 3835 temporis
3309 3770 3449 3841 ejus,
3492 3781 3601 3830 etc.
3636 3776 3713 3830 Ex

2127 3839 2477 3897 derelictione
2513 3838 2833 3903 minuuntur
2863 3852 3096 3907 virtutes
3146 3865 3196 3910 et
3236 3838 3574 3925 cogniti-ones
3616 3882 3715 3919 no-

2126 3946 2289 4000 strae;
2332 3936 2462 4004 ipsae
2487 3940 2634 3993 enim
2666 3949 2792 3996 sunt.
2835 3943 2957 4000 dies
2993 3958 3198 4004 natura:
3241 3952 3600 4013 rationabilis.

2195 4111 2360 4183 776
2390 4110 2547 4169 i't-zns.
2574 4115 2662 4170 49.
2700 4115 2831 4181 Quis
2847 4129 2923 4172 est
2955 4120 3109 4173 homo
3137 4122 3227 4190 qui
3251 4122 3399 4189 viret,
3431 4135 3479 4178 et
3502 4142 3602 4179 non
3630 4129 3710 4182 vi-

2121 4198 2258 4253 debit
2285 4213 2526 4269 mortem,
2553 4218 2698 4260 eruet
2725 4210 2959 4263 animam
2998 4227 3148 4264 suam
3184 4214 3249 4265 de
3295 4231 3454 4268 manu
3492 4218 3653 4286 inferi
3685 4221 3713 4274 2

2121 4303 2229 4347 etc.
2261 4292 2493 4351 Virtutis
2540 4307 2597 4352 et.
2653 4300 2897 4355 scientize
2952 4292 3354 4360 incremeuium
3404 4309 3605 4365 accidit
3639 4326 3707 4366 ex

2122 4386 2380 4440 vitiorum
2436 4396 2491 4442 et
2550 4389 2871 4460 ignorantia:
2927 4393 3330 4452 imminutione.
3392 4398 3593 4454 Malitia
3653 4414 3709 4456 et

2124 4476 2450 4545 ignorantia,
2492 4482 2688 4537 animae
2731 4483 3073 4543 rationabilis
3108 4496 3302 4555 tnors;
3345 4491 3457 4548 vita
3500 4502 3705 4560 autem,

433 4572 675 4641 ἀγνωσία
697 4574 928 4639 θάνατος
960 4576 1143 4649 ψυχῆς
1179 4577 1428 4651 λογικῆς’
1468 4579 1583 4651 ζωὴ
1613 4581 1671 4635 δὲ
1718 4583 1888 4655 ἁρετὴ
1929 4583 2023 4638 καὶ

2130 4574 2301 4630 virtus
2322 4584 2377 4631 et
2406 4576 2660 4635 scientia.

434 4682 654 4734 γνωσις.

508 4754 590 4814 Οὗ
626 4761 906 4828 ὑπέσχον
941 4761 1011 4816 ἐν
1045 4761 1126 4830 τῷ
1156 4765 1362 4832 κόλπῳ
1398 4784 1516 4835 μου
1541 4765 1789 4819 πολλῶν
1808 4764 2019 4830 ἐθνῶν,

434 4865 487 4904 κ.
522 4867 573 4904 τ.
600 4850 648 4904 ἑ.
688 4853 904 4907 Κὸλπον
931 4854 1027 4908 νῦν
1062 4856 1159 4926 τὴν
1188 4856 1366 4928 ψυχὴν
1422 4856 1704 4928 ὀνομάζει,
1731 4856 1820 4911 διά
1842 4874 1901 4910 τε
1929 4859 2023 4911 καὶ

432 4940 531 5008 τὴν
558 4944 759 5011 γνῶσιν
784 4944 885 5016 τὴν
916 4944 1010 4999 τοῦ
1038 4946 1175 4999 Θεοῦ
1220 4948 1401 5016 ἀγαθὰ
1428 4948 1807 5019 ὀνομάζεσθαι·
1841 4948 2022 5017 ἀγαθὰ

435 5033 488 5087 δὲ
537 5036 606 5089 τὰ
664 5037 723 5090 ὲν
783 5036 1004 5101 κόλποις
1071 5038 1284 5109 πέφυκε
1350 5040 1662 5109 βάλλεσθαι.
1706 5060 1723 5092 ι
1771 5041 2022 5093 Πιστεύω

436 5127 565 5200 γὰρ,
602 5131 757 5201 φησὶ,
790 5130 883 5183 τοῦ
929 5132 1057 5185 ἰδεῖν
1094 5131 1165 5185 τὰ
1211 5131 1394 5201 ἀγαθὰ
1432 5134 1640 5206 Κυρίου
1678 5134 1737 5187 ὲν
1782 5134 1854 5204 γῇ
1884 5132 2020 5197 ζών-

434 5235 560 5275 των.
598 5241 617 5274 ι
999 5255 1003 5260 ν

510 5317 580 5370 Τὸ
621 5314 1015 5388 ἀντάλλαγμα
1060 5316 1168 5394 τοῦ
1199 5318 1482 5388 Χριστοῦ,
1531 5338 1582 5374 κ.
1620 5337 1671 5373 τ.
1714 5320 1762 5372 ὲ.
1796 5316 1949 5387 Τάχα
1993 5317 2022 5369 6

435 5406 714 5480 Κυριακὸς
745 5408 1053 5481 ἄνθρωπος.

1002 5595 1298 5649 ΨΛΛΜΟΣ
1329 5596 1434 5649 ΠΘ¹
1442 5637 1456 5651 .

511 5685 589 5739 Τὰ
623 5684 1074 5755 ἐξουδενώματα
1106 5687 1305 5743 αὐτῶν
1342 5690 1445 5757 ἐτη
1487 5688 1749 5755 ἔσονται,
1791 5708 1843 5745 κ.
1878 5705 1931 5744 τ.
1965 5689 2014 5747 ἑ.

449 5774 963 5847 Ὲξουδενωοήσεται
984 5781 1018 5850 ή
1051 5779 1164 5850 ζωὴ
1195 5780 1396 5833 αὐτῶν.

2201 4750 2359 4810 Vens.
2392 4754 2483 4808 5i.
2514 4754 2669 4821 Quod
2715 4758 2957 4814 continui
2998 4762 3055 4815 in
3087 4762 3211 4816 sinu
3256 4779 3373 4819 meo
3416 4766 3710 4823 multarum

2124 4844 2376 4912 gentium,
2410 4856 2517 4901 etc.
2554 4846 2747 4902 Sinum
2793 4849 2896 4906 hoc
2930 4850 3050 4907 loco
3098 4854 3337 4910 animam
3373 4867 3551 4922 vocat,
3581 4861 3711 4927 quia

2125 4935 2290 4989 etiam
2316 4936 2583 4991 bonorum
2618 4939 2837 4995 nomine
2859 4944 3100 5013 cognitio
3130 4942 3223 4999 Dei
3252 4948 3573 5015 appellatur.
3605 4950 3709 5005 Bo-

2128 5040 2193 5077 na
2215 5034 2397 5081 autem
2417 5027 2468 5081 in
2492 5028 2674 5082 sinum
2706 5029 2896 5099 projici
2920 5031 3121 5088 solent.
3146 5053 3164 5087 ι
3186 5035 3360 5092 Credo
3381 5056 3400 5090 ι
3429 5038 3597 5105 enim,
3623 5042 3710 5095 in-

2120 5118 2359 5187 quit",t
2396 5120 2537 5176 bona
2569 5120 2780 5178 Domini
2818 5123 3006 5180 videre
3058 5127 3112 5180 in
3151 5135 3293 5183 terra
3327 5129 3645 5186 viventium.
3685 5149 3707 5184 ι

2203 5312 2360 5369 Vsus.
2394 5313 2484 5371 52.
2517 5315 2997 5375 Commutatwmm
3037 5318 3238 5375 Christi
3272 5322 3373 5386 tui,
3400 5332 3508 5378 etc.
3546 5322 3711 5380 Forte

2125 5404 2441 5462 Dontinicus
2471 5408 2635 5464 homo
2665 5418 2767 5464 est.

2585 5594 2906 5650 PSALMUS
2966 5595 3250 5654 LXXXIX.

2197 5690 2368 5745 Vsus.
2404 5690 2459 5744 5.
2505 5688 2640 5755 Quo:
2683 5705 2779 5757 pro
2832 5690 2996 5746 nihilo
3049 5692 3308 5747 habentur
3348 5708 3531 5749 eorum
3581 5697 3711 5753 anni

2121 5794 2297 5845 erunt,
2332 5791 2435 5837 etc.
2468 5783 2549 5836 Ad
2579 5783 2805 5838 nihilum
2835 5785 3107 5854 redigetur
3138 5787 3247 5842 vita
3272 5802 3480 5845 eorum.

510 5872 554 5901 ⁸³
579 5873 705 5938 Sap.
744 5887 781 5939 I,
807 5872 860 5928 4.
937 5873 981 5902 ⁸⁸
1014 5872 1170 5927 Prov.
1207 5889 1288 5940 III,
1335 5875 1434 5941 12;
1469 5874 1633 5930 llcbr.
1671 5890 1771 5941 xu,
1803 5876 1855 5930 ϐ.
1935 5875 1980 5908 ⁸⁸
2014 5874 2027 5929 1

2130 5876 2153 5929 l.
2192 5890 2331 5935 XXVI,
2368 5876 2452 5931 15.
