4106 6394
427 349 567 405 1ῖιὸῖῑ

493 469 928 537 Περυτεινμένσι
977 469 1047 522 ἑν
1085 470 1165 537 τῷ
1207 471 1350 536 οἴκῳ
1389 472 1633 536 Κυρίου,
1674 488 1726 522 κ.
1764 487 1813 522 τ.
1857 469 1904 520 ὲ.
1939 469 2002 521 Οἱ.
2032 472 2077 527 Α

421 559 638 626 δίκαιοι,
677 561 1028 631 φυτευθέντες
1083 563 1142 614 ὲν
1179 565 1241 632 τῇ
1284 561 1480 629 γνώσει
1521 565 1585 632 τῇ
1635 561 1726 614 τοῦ
1770 557 2000 632 Κυρίου,

421 653 650 715 πολλοὺς
694 656 751 707 ὲν
796 653 872 723 τῷ
908 655 1094 725 κόσμῳ
1133 654 1307 724 τούτῳ
1356 655 1387 724 ἢ
1430 656 1486 706 ἐν
1520 657 1639 717 ταῖς
1681 652 2002 724 ἐκκλησίαις

421 743 807 815 ὲξανθήσουσιν
842 746 1179 818 ἀνθρώπους,
1221 746 1308 799 διὰ
1372 746 1464 816 τῆς
1506 745 1880 817 πνευματικῆς
1917 745 2000 797 δι-

421 833 713 898 δασκαλίας
754 837 1222 909 καρποφοροῦντες
1257 837 1470 900 αύτούς.

495 928 603 980 Καὶ
629 930 738 981 οὐκ
763 930 933 982 ἔστιν
955 929 1156 983 ἀδικία
1191 929 1325 997 παρ’
1346 929 1526 994 αὐτῷ,
1551 948 1604 983 κ.
1636 947 1687 983 τ.
1710 929 1758 983 ὲ.
1797 924 2006 980 Ἀδικία.

426 1020 521 1072 οὐκ
546 1019 660 1072 ἔστι
684 1020 834 1092 παρὰ
857 1020 997 1091 Θεῷ,
1024 1021 1111 1074 διὰ
1139 1021 1200 1074 τὸ
1223 1016 1359 1074 εἶναι
1386 1020 1546 1074 αὐτὸν
1572 1019 1769 1083 κακίας
1815 1016 2002 1070 ἀνεπί-

423 1110 477 1163 δε
487 1129 629 1164 κτον.

1000 1405 1291 1458 “mox
1331 1404 1443 1471 ιε’.

506 1498 763 1567 Ἐπῆραν
810 1499 862 1550 οὶ
919 1496 1173 1566 ποταμοὶ
1235 1497 1436 1566 φωνὰς
1491 1495 1708 1560 αὐτῶν,
1757 1512 1809 1548 κ.
1853 1511 1904 1546 τ.
1952 1494 2000 1549 ἐ.

423 1592 616 1655 Φύσεις
666 1592 890 1660 λογικὰς
931 1593 1094 1659 ἁγίας
1155 1593 1435 1661 ποταμοὺς
1493 1590 1767 1662 ὀνομάζει,
1802 1588 1891 1642 διὰ
1944 1587 2004 1640 τὺ

424 1683 536 1749 ρεῐν
600 1683 664 1733 ἐκ
734 1681 830 1751 τῆς
898 1681 1123 1752 καρδίας
1209 1681 1387 1734 αὐτῶν
1454 1681 1730 1751 ποταμοὺς
1806 1677 1998 1739 ὓδατος

423 1790 448 1833 ς
458 1787 645 1834 ωντος.

1339 349 1648 404 SELECTA
1691 349 1754 404 IN
1792 333 2133 404 essurus.
2170 377 2239 390 .-
2273 345 2468 400 esu.
2513 343 2694 400 xcnt.

3550 335 3687 390 1ῑὸὸὸ

2181 465 2342 521 VERS.
2383 465 2464 520 H.
2501 462 2738 517 Pltmlatt'
2770 464 2822 516 in
2876 461 3030 512 domo
3065 457 3294 516 Domi-ni,
3331 466 3437 508 ctc.
3463 451 3685 506 Justiin

2109 559 2340 614 scientia
2369 556 2460 611 Del
2482 555 2707 624 plantati
2732 554 2929 606 multos
2961 553 3010 604 in
3043 551 3143 602 hoc
3170 545 3368 600 mundo
3406 543 3569 596 \‘cLin
3601 557 3688 595 ec-

2111 649 2298 708 clesiis
2330 650 2499 703 instar
2526 649 2714 702 lIorum
2751 643 3032 714 proferunt
3063 640 3334 706 homines,
3369 653 3507 706 quos
3540 634 3688 689 velut

2111 740 2316 799 fructus
2354 740 2586 811 spiritali
2623 740 2866 794 doctrina
2901 735 3224 806 producunt.

2182 922 2345 979 Vens.
2384 919 2470 975 I6.
2507 918 2573 972 Et
2607 935 2709 971 non
2741 925 2814 970 est
2844 915 3090 983 iniquitas
3127 913 3182 964 in
3210 926 3290 976 eo,
3315 918 3422 965 etc.
3452 906 3567 959 Non
3602 911 3688 956 est

2111 1008 2250 1078 apud
2303 1009 2470 1063 Deum
2518 1006 2796 1075 iniquitas,
2831 1019 2954 1058 cum
3004 1001 3220 1056 malitiae
3263 1014 3368 1053 non
3411 996 3486 1052 sit
3513 993 3687 1050 obno-

2112 1102 2252 1156 xius.

2640 1387 2956 1450 PSALMUS
3014 1386 3168 1442 XCII.

2129 1511 2133 1517 ‘
2185 1491 2344 1546 Vens.
2377 1489 2426 1542 '5.
2457 1486 2801 1541 Eleoaverunt
2838 1484 3058 1554 ﬂumina
3081 1494 3224 1534 voces
3257 1491 3403 1538 suas,
3429 1482 3534 1528 etc.
3578 1469 3682 1522 Na~

2112 1594 2264 1639 turas
2295 1581 2644 1636 rationabiles
2675 1587 2894 1631 sanctas
2923 1574 3140 1627 lluiiiina
3174 1575 3348 1633 vocat,
3369 1567 3493 1636 quia
3520 1562 3690 1618 ﬂuunt

2113 1695 2143 1734 e
2171 1676 2336 1732 corde
2365 1689 2554 1730 earum
2591 1671 2810 1725 [Iumina
2849 1682 3005 1739 aqua}
3041 1663 3294 1720 viventis.

491 1861 828 1929 Θαυμαστοὶ
898 1863 951 1914 oi
999 1861 1387 1931 μετεωρισμοὶ
1468 1862 1579 1930 τῆς
1647 1857 2000 1925 Θαλάσσης,

2182 1848 2347 1905 Vens.
2371 1849 2428 1903 4.
2465 1846 2740 1903 Mirabilcs
2771 1846 3025 1901 elationes
3076 1842 3260 1907 maris,
3288 1847 3393 1895 etc.
3427 1836 3692 1891 Mirabilis

414 1970 474 2004 κ.
527 1966 579 2004 τ.
641 1949 689 2004 ι.
747 1951 1047 2022 (θαυμαστὴ
1106 1949 1314 2019 γίνεται
1375 1950 1519 2021 ψυχὴ
1575 1949 1804 2021 ἀρθεῖσα
1872 1963 2002 2017 μετ-

415 2043 607 2113 άρσιος
670 2045 763 2098 καὶ
823 2045 1152 2117 χωρισθεῖσα
1197 2045 1305 2100 τῶν
1359 2045 1452 2098 τοῦ
1510 2043 1624 2114 βίου
1677 2041 1864 2097 τούτου
1910 2056 2004 2092 κυ-

428 2136 637 2190 μάτων.

428 2150 637 2200 ματων.

983 2430 1275 2483 manus.
1323 2429 1436 2496 tm.

504 2522 743 2588 Ἀπόδος
803 2521 1211 2576 ἀνταπόδοσιν
1267 2515 1694 2587 ὑπερηφάνοις,
1745 2533 1799 2568 κ.
1852 2531 1904 2568 τ.
1953 2513 2001 2566 ὲ.

431 2604 810 2683 ’Υπερηφανία
893 2614 1007 2666 ἐστὶ
1094 2612 1499 2683 καταφρόνησις
1563 2606 1807 2678 κλήσεως
1871 2605 2008 2672 ἀγα-

420 2703 536 2774 θῇς.

499 2794 608 2848 Τὸν
655 2797 809 2849 λαόν
853 2812 990 2862 σου,
1023 2798 1218 2865 Κύριε,
1267 2796 1695 2859 ἐταπείνωσαν,
1752 2811 1805 2847 κ.
1846 2809 1899 2845 τ.
1949 2791 1996 2844 ὲ.

426 2901 446 2934 ι
493 2888 587 2937 Ὃν
635 2889 825 2957 ἀγαπᾷ
859 2890 1081 2958 Κύριος,
1117 2886 1383 2953 παιδεύει,
1422 2906 1440 2937 ι
1473 2887 1637 2956 φησιν
1667 2889 1695 2938 6
1735 2883 1998 2937 ’Λπόστοο

422 2977 532 3040 λοςο
569 2981 617 3032 εἰ
648 2979 703 3032 δὲ
723 2979 780 3031 ὃν
812 2978 1076 3041 παιδεύει,
1115 2979 1428 3050 μακαρίζει,
1465 2980 1572 3040 πᾶς
1605 2978 1632 3029 6
1677 2975 2002 3045 παιδευόμεα

420 3088 508 3133 νος
573 3070 662 3123 ὑπ’
730 3066 894 3122 αὐτοῦ
949 3069 1165 3139 ἀπαθὴς
1231 3069 1554 3140 γενήσεται·
1631 3065 1820 3119 τοῦτον
1889 3065 1999 3136 γάρ

2115 1941 2172 1995 lit
2197 1940 2377 1995 anima
2412 1953 2533 2008 quae
2578 1939 2629 1992 in
2674 1937 2904 1994 sublime
2933 1933 3073 1991 elata
3115 1941 3200 1988 est
3243 1939 3299 1985 et
3333 1934 3585 1996 separata
3620 1924 3691 1976 ab

2112 2032 2272 2102 hujus
2303 2032 2424 2086 vita:
2446 2028 2739 2100 (luctibus.

2624 2404 2945 2465 PSALMUS
2979 2399 3156 2459 XCIII.

2185 2505 2343 2562 Vens.
2380 2505 2436 2558 9..
2484 2502 2657 2557 Redde
2705 2497 3102 2553 retributionem
3149 2491 3409 2560 superbis,
3444 2497 3550 2542 etc.
3588 2485 3691 2540 Su-

2113 2601 2298 2673 perbia
2342 2606 2686 2665 contemptus
2717 2603 2799 2647 est
2832 2587 3132 2645 vocationis
3159 2585 3335 2640 bonae.

2180 2777 2343 2832 Vens.
2385 2778 2438 2832 5.
2475 2774 2735 2845 Populum
2785 2783 2957 2834 tuum,
2992 2766 3229 2831 Domine,
3263 2761 3691 2826 humiliaverunt,

2108 2881 2215 2928 etc.
2257 2891 2275 2924 ι
2328 2871 2500 2937 Quem
2557 2867 2732 2935 diligit
2791 2864 3085 2924 Dominus,
3137 2858 3395 2926 corripit,
3447 2876 3466 2910 ι
3518 2856 3695 2924 inquit

2108 2963 2397 3034 Apostolus
2420 2962 2485 3013 ⁸⁷.
2520 2960 2576 3016 Si
2609 2966 2787 3010 autem
2825 2938 2982 3022 quem
3018 2951 3265 3020 corripit,
3288 2951 3504 3003 beatmn
3549 2962 3688 3012 pra:-

2105 3056 2271 3118 dicat,
2294 3052 2471 3106 omnis
2498 3049 2588 3118 qui
2623 3048 2689 3101 ab
2718 3045 2807 3098 illo
2825 3043 3143 3111 corripitur,
3171 3040 3236 3093 ab
3260 3036 3692 3105 omnibus778

421 3129 612 3233 ἀγαπᾷ
649 3163 879 3233 Κύριος’
916 3129 1261 3231 παιδείανγάρ
1300 3129 1417 3213 ἐστι
1449 3157 1840 3232 μετριοπάθεια
1889 3129 1998 3210 παλ

2110 3147 2198 3200 lict
2246 3143 2528 3198 allectibus
2575 3141 2731 3195 liber.
2772 3136 2923 3192 Ilunc
2981 3135 3130 3189 enim
3185 3130 3356 3200 diligit
3403 3129 3686 3182 Dominus.

422 3252 548 3305 θῶν.

500 3341 610 3394 Τοῦ
691 3339 949 3409 πραῧναι
1019 3341 1206 3396 αὐτὸν
1258 3342 1358 3410 ἀφ’
1411 3339 1645 3409 ἡμερῶν
1705 3338 2002 3408 πονηρῶν,

423 3450 478 3487 κ.
512 3450 560 3484 τ.
595 3433 643 3485 ὲ.
681 3432 922 3503 Ἡμέρας
961 3432 1202 3504 πονηρὰς
1240 3433 1338 3497 τὰς
1383 3432 1594 3503 ἡμέρας
1628 3432 1727 3503 τῆς
1770 3431 2006 3502 κρίσεως

422 3524 589 3591 λέγει,
639 3525 694 3576 ὲν
735 3521 823 3587 αἷς
882 3525 910 3576 6
961 3524 1348 3595 παιδευόμενος
1400 3525 1489 3577 ὑπ’
1537 3523 1724 3588 αὐτοῦ,
1767 3522 2006 3594 καθαρὸς

423 3614 710 3683 γενόμενος
737 3615 845 3666 ἀπὸ
874 3614 1081 3680 παθῶν,
1115 3615 1412 3670 ἀπολαύσει
1447 3615 1545 3686 τῆς
1579 3614 1854 3684 γνώσεως,
1882 3616 2008 3669 ἀτά-

427 3723 589 3778 ραχος
614 3706 904 3777 διαμένων.

498 3799 648 3864 Ἕως
677 3795 749 3854 οὗ
799 3799 987 3868 ὀρυγῇ
1015 3799 1094 3864 τῷ
1133 3799 1460 3870 ἁμαρτωλῷ
1496 3799 1741 3868 βόθρος,
1792 3816 1847 3854 κ.
1872 3815 1924 3852 τ.
1953 3797 2004 3854 ὲ.

427 3890 526 3943 Βόθ
539 3903 626 3962 ρον
651 3891 747 3960 τὴν
775 3891 996 3958 γέενναν
1023 3891 1328 3958 ὠνόμασεν.

500 3981 644 4046 Ἕως
695 3977 765 4036 οὗ
820 3981 1173 4048 δικαιοσύνη
1230 3979 1579 4049 ἐπιστρέψει
1634 3980 1720 4044 εὶς
1777 3978 2002 4046 κρίσιν,

427 4089 481 4124 κ.
515 4089 563 4124 τ.
592 4073 638 4123 ὲ.
680 4073 821 4135 Ἕως
854 4068 914 4125 οῦ
952 4074 980 4124 ὁ
1020 4073 1254 4144 Χριστὸς
1301 4074 1476 4142 κρινεῖ
1521 4072 1621 4142 τὴν
1656 4069 1998 4139 οἰκουμένην·

427 4162 587 4226 αὐτὸς
616 4162 722 4234 γὰρ
763 4182 780 4213 ι
820 4165 948 4234 ἡμῖν
981 4163 1212 4234 ἐγενήθη
1255 4165 1416 4232 σοφία
1462 4163 1571 4216 ἀπὸ
1604 4161 1760 4225 Θεοῦ,
1802 4161 2004 4212 δικαιο-

432 4252 565 4322 σύνη
593 4271 649 4306 τε
674 4255 766 4307 καὶ
793 4253 1066 4323 ἁγιασμὸς
1107 4254 1199 4306 καὶ
1235 4252 1634 4324 ἀπολύτρωσις,
1677 4271 1696 4302 ι
1737 4251 1830 4305 καὶ
1854 4269 1872 4302 ι
1907 4251 2004 4323 τὴν

427 4345 606 4414 κρίσιν
630 4345 687 4397 δὲ
718 4345 897 4396 πᾶσαν
925 4343 1071 4413 αύτῷ
1101 4343 1334 4396 δέδωκεν
1360 4344 1388 4395 ό
1420 4343 1630 4413 Πατήρ.
1664 4361 1682 4393 ι

507 4434 572 4488 Τὸ
601 4434 772 4501 ἔλεός
802 4451 939 4498 σου,
964 4436 1160 4502 Κύριε,
1192 4434 1424 4500 ἐϐοήθει
1464 4452 1588 4504 μοι,
1621 4451 1675 4488 κ.
1718 4451 1768 4487 τ.
1797 4435 1846 4488 ὲ.
1890 4434 2005 4486 Ἐν-

2107 3238 2390 3308 Correptio
2419 3235 2563 3290 enim
2594 3242 2678 3288 cst
2709 3231 2998 3286 aﬂectuum
3033 3223 3399 3280 mediocritas.

2180 3332 2344 3386 Vens.
2372 3329 2458 3382 15.
2491 3325 2558 3380 Ut
2603 3326 2806 3394 mitiges
2843 3322 2888 3376 ei
2915 3338 2947 3375 a
2994 3319 3174 3373 diebus
3219 3315 3394 3379 malis,
3427 3321 3531 3367 etc.
3561 3310 3687 3366 Dies

2109 3423 2276 3478 malos
2303 3422 2417 3476 dies
2437 3417 2626 3489 judicii
2654 3417 2806 3479 dicit,
2838 3416 2892 3468 in
2924 3412 3120 3482 quibus
3165 3409 3257 3479 qui
3287 3408 3358 3461 ab
3387 3405 3478 3460 illo
3509 3403 3684 3458 curri.

2107 3515 2274 3586 pitur,
2312 3513 2379 3567 ab
2427 3509 2708 3565 aﬂ'ectibus
2739 3507 2872 3562 liber
2909 3505 3154 3568 ell'cctus,
3177 3499 3407 3556 scicntia
3441 3495 3705 3567 perimes

2111 3620 2197 3664 tur
2220 3617 2274 3664 et
2294 3604 2721 3675 imperturbatus
2750 3599 3011 3654 manebit.

2179 3786 2311 3840 lum.
2344 3781 2517 3837 Donec
2546 3779 2786 3849 fodiatur
2815 3775 3074 3846 peccaturi
3103 3773 3276 3843 fovea,
3312 3779 3417 3826 etc.
3454 3769 3704 3826 Foveant.

2107 3878 2407 3948 gehennam
2437 3872 2671 3926 vocavit.

2179 3966 2341 4021 Vens.
2386 3964 2473 4018 15.
2513 3961 2868 4028 Quoadusque
2903 3957 3116 4026 Justitia
3160 3952 3689 4021 convertaturinju—

2105 4059 2323 4123 dicium,
2357 4066 2462 4110 etc.
2507 4055 2686 4108 Donec
2730 4050 2981 4106 Christus
3023 4048 3233 4118 judicct
3283 4046 3470 4098 orbem
3507 4052 3684 4096 terra-

2106 4166 2244 4204 rum.
2278 4150 2393 4218 Ipse
2420 4146 2566 4200 enim
2607 4163 2627 4196 ι
2670 4143 2826 4198 nobis
2858 4141 3037 4196 lactus
3075 4148 3164 4193 est
3191 4135 3455 4206 sapientia
3482 4149 3511 4186 a
3556 4133 3685 4196 Deo,

2098 4241 2311 4312 justitia
2341 4251 2556 4309 quoque
2579 4245 2634 4292 et
2670 4233 3052 4298 sanctiﬁcatio,
3077 4239 3132 4285 et
3169 4227 3471 4296 redemptio
3493 4225 3558 4291 ⁵⁸,
3581 4244 3600 4276 ι
3633 4234 3689 4280 ει

2109 4352 2128 4386 ι
2160 4333 2424 4403 judicium
2448 4344 2609 4385 omne
2638 4331 2688 4384 ei
2718 4327 2869 4383 dedit
2903 4327 3064 4381 Pater
3080 4324 3147 4377 θ’.
3187 4341 3206 4374 ι

2177 4425 2338 4480 Vsus.
2366 4427 2446 4479 l8.
2469 4421 2829 4477 Misericordia
2859 4429 2974 4486 tua,
3000 4415 3246 4482 Domine,
3279 4411 3562 4482 adjnvabat
3583 4425 3684 4471 me,

426 4527 600 4581 ταῦοα
629 4526 689 4579 τὸ
721 4527 864 4590 ἕλεος
890 4525 981 4579 τοῦ
1018 4525 1253 4597 Χριστοῦ
1288 4527 1386 4596 τὴν
1418 4525 1675 4598 πρόνοιαν
1706 4526 1868 4579 αὐτοῦ
1908 4544 2003 4596 ση-

2110 4531 2214 4575 ειε.
2244 4519 2354 4574 lloc
2385 4517 2503 4571 loco
2522 4512 2891 4569 misericordia
2919 4507 3120 4564 Christi
3150 4503 3544 4576 providentiam
3570 4501 3688 4570 ejus

431 4625 636 4695 μαίνει,
671 4623 736 4676 δι’
777 4623 843 4693 ἢν
868 4621 1155 4694 ἄνθρωπος
1199 4620 1493 4692 βοηθεῖται,
1520 4623 1636 4693 ἦτοι
1689 4621 2008 4688 ἐγκαταλεί-

429 4733 612 4770 πεται.
674 4714 833 4767 Ἀλλά
893 4714 1166 4784 βοηθεῖται
1222 4714 1320 4785 μὲν
1379 4714 1706 4784 ἐνεργούσης
1759 4714 1930 4785 αὐτῆς
1979 4715 2008 4766 6

431 4808 748 4878 ἄνθρωπος,
813 4805 1266 4874 ἐγκαταλείπεται
1309 4805 1365 4859 δὲ
1426 4804 1863 4876 ὑποχωρησάσης
1909 4806 2009 4860 αύ-

427 4902 546 4972 τῆς.
1901 4919 1936 4945 ε

499 4997 568 5048 Αἱ
627 4991 1036 5061 παρακλήσεις
1087 5005 1203 5045 σου
1261 4991 1567 5060 εὔφραναν
1624 4989 1738 5057 τὴν
1789 4989 2010 5059 ψυχήν

425 5102 563 5155 μου,
611 5100 664 5136 κ.
707 5100 756 5135 τ.
809 5083 856 5134 ὲ.
900 5080 1250 5152 Παράκλησίς
1293 5083 1442 5134 ἐστιν
1489 5078 1789 5148 ἀνάκτησις
1820 5079 2006 5154 ψυχῆς

427 5174 536 5230 ἀπὸ
569 5175 763 5228 πόνων.

497 5264 594 5333 Μὴ
628 5263 1074 5333 συμπροσέσιαι
1094 5277 1193 5316 σοι
1223 5263 1433 5330 θρόνος
1477 5262 1751 5331 ἀνομιάς;
1785 5277 1838 5313 κ.
1873 5277 1924 5313 τ.
1953 5261 2000 5316 ὲ.

427 5357 628 5428 Θρόνον
676 5355 901 5426 ἀνομίας
943 5353 1193 5425 ὠνόμασε
1242 5354 1331 5406 τὸν
1369 5353 1638 5418 διάϐολον,
1685 5351 1872 5423 ἐπειδὴ
1911 5352 2006 5405 καὶ

429 5447 614 5518 θρόνος
637 5444 979 5517 δικαιοσύνης
1000 5445 1148 5499 ἐστὶν
1175 5445 1202 5497 6
1235 5444 1487 5515 Χριστὸς,
1518 5445 1667 5508 ὅστις
1696 5443 2004 5496 ἀντίκειται

429 5539 507 5610 τῷ
535 5539 783 5609 διαϐόλῳ.

500 5627 612 5684 Καὶ
636 5628 787 5683 κατὰ
816 5627 926 5698 τὴν
952 5629 1246 5698 πονηρίαν
1283 5629 1482 5682 αὐτῶν
1517 5626 1757 5701 ἀφανιεὶ
1779 5625 1996 5690 αὐτοὺς

509 5783 547 5812 ⁵⁷
579 5781 736 5838 11εῑ.ι·.
778 5799 872 5850 xn,
907 5783 956 5837 ti.
1034 5783 1076 5815 ⁵⁸
1107 5779 1275 5838 ICOI‘.
1321 5795 1359 5849 ι,
1395 5781 1479 5836 5t).
1562 5803 1606 5837 se
1635 5799 1789 5853 toan.
1827 5807 1880 5856 v,
1908 5787 2001 5844 ‘22.

2108 4612 2399 4682 signiﬁcat,
2440 4625 2468 4662 a
2497 4622 2600 4678 qua
2634 4606 2920 4674 adjuvatur
2949 4603 3111 4657 homo
3147 4596 3229 4653 vel
3274 4593 3687 4665 derelinquitur.

2107 4705 2200 4760 Illa
2247 4714 2506 4775 cperantc
2557 4700 2842 4771 adjuvatur
2891 4699 3084 4760 homo,
3119 4691 3406 4751 recedente
3453 4688 3697 4744 derelin-

2106 4809 2311 4869 quitur.

2190 4976 2354 5031 Vens.
2405 4974 2488 5030 l9.
2533 4972 2932 5028 Consolatione:
2985 4975 3091 5022 tua:
3131 4966 3526 5034 lwtiﬁcaverunt
3567 4962 3683 5018 ani-

2112 5086 2251 5122 mam
2277 5043 2466 5131 meiim,
2514 5074 2617 5121 etc.
2657 5061 2970 5119 Consolatio
3000 5069 3084 5116 est
3117 5057 3382 5113 recreatio
3417 5056 3612 5110 an'm'iac
3649 5071 3680 5109 a

2118 5162 2423 5248 laboribus;

2187 5254 2350 5312 Vens.
2379 5245 2467 5312 ΞΟ.
2508 5254 2763 5324 Nunquid
2795 5257 3024 5310 adltwret
3057 5253 3151 5307 tibi
3192 5255 3339 5307 sedes
3369 5250 3700 5320 iniquitatis"

2116 5357 2220 5401 etc.
2254 5347 2448 5401 Sedcui
2499 5347 2800 5417 iniquitatis
2847 5346 3059 5402 vocavit
3104 5344 3375 5399 diabolum
3404 5381 3419 5405 ,
3469 5343 3691 5410 quando

2117 5437 2332 5506 quidem
2355 5438 2516 5492 etiam
2553 5439 2944 5508 sedesjustitim
2971 5450 3052 5494 est
3073 5437 3349 5499 Christus,
3373 5433 3463 5503 qui
3493 5432 3688 5486 adrer-

2116 5541 2266 5586 satur
2293 5533 2533 5586 diabolo.

2190 5623 2348 5682 νειιε.
2375 5627 2468 5682 25.
2505 5625 2572 5682 Ει
2605 5628 2890 5681 secundum
2923 5624 3177 5678 malitiant
3213 5639 3392 5680 eorum
3423 5621 3685 5692 disperdet
