2053 3203
199 170 267 198 1555
883 164 927 192 EX
945 163 1009 191 0th

1018 163 1095 191 EENE
1757 159 1828 190 I556

197 229 257 256 illos
275 228 402 256 Dominus
416 227 497 261 Deus,
517 232 569 255 etc.
585 226 723 261 Disperch
741 224 800 252 illos
816 223 910 255 malos,
926 230 986 250 cum
1002 246 1007 254 λ

1018 238 1024 254 λ
1039 222 1145 256 Κύριος
1157 224 1173 249 o’
1187 222 1269 256 Θεὸς,
1286 231 1313 249 κ.
1328 231 1353 250 τ.
1375 223 1398 249 ὲ.
1421 222 1542 257 Ἀφανιεῖ
1552 221 1649 253 αὐτοὺς
1665 220 1766 253 κακοὺς
1781 219 1828 248 ἂν·

197 273 322 302 vldelicet
334 274 417 302 bonos
434 273 535 301 reddet.

1038 276 1096 301 τας,
1113 267 1233 303 δηλονότι
1245 268 1343 300 καλοὺς
1358 268 1452 295 ποιῶν.

464 365 624 394 PSALMUS
639 365 728 394 XCIV.

1319 360 1465 387 ΨΑΛΜΟΣ
1487 361 1542 393 ιιΔν.

235 413 315 441 Vens.
333 414 359 441 4.
377 414 446 446 Quia
462 413 488 440 in
500 420 580 439 manu
599 412 655 447 ejus
671 416 732 439 sum
751 418 839 437 omnes
856 409 920 443 lines
933 414 983 435 Ier-

1076 408 1134 434 Ὅτι
1155 407 1189 434 ἐν
1212 406 1249 441 τῇ
1273 407 1348 441 χειρὶ
1367 406 1461 433 αὑτοῦ
1482 405 1519 432 τὰ
1542 404 1656 439 πέρατα
1677 403 1734 438 τῆς
1751 402 1827 439 τῆς,

199 466 247 490 ne,
261 463 313 486 etc.
326 458 434 486 Manum
449 459 500 486 hoc
516 458 574 485 loco
585 457 652 485 dicit
666 456 860 492 providentiam
875 455 930 482 Dei.

1038 464 1064 481 κ.
1081 463 1106 480 τ.
1118 454 1141 480 ὲ.
1159 454 1244 489 Χεῖρα
1253 453 1300 480 νῦν
1315 454 1364 489 τὴν
1383 452 1513 487 πρόνοιαν
1528 450 1602 485 λέγει
1613 450 1661 477 τοῦ
1673 449 1753 477 Θεοῦ.

236 505 318 533 Vnus.
334 506 359 532 6.
385 504 495 536 Venite.
515 505 655 531 adoremus
681 508 706 530 et
732 503 899 538 propitiamus
924 506 984 528 ante

1072 500 1170 532 Δεῦτε,
1197 499 1456 534 προσκυνήσωμεν
1469 499 1519 525 καὶ
1539 497 1760 533 προσπέσωμεν
1770 497 1829 525 αὐ-

198 559 267 583 eum,
280 555 332 578 etc.
345 550 392 578 Ille
405 550 520 586 procidit
535 555 598 577 ante
614 549 768 581 Dominum,
781 548 826 583 qui
839 547 983 575 elationem

1037 545 1087 578 τῷ,
1100 554 1126 571 κ.
1141 554 1166 572 τ.
1181 546 1203 571 ὲ.
1220 542 1303 576 Οὗτος
1315 544 1482 580 προσπίπτει
1492 544 1531 580 τῷ
1542 544 1638 580 Κυρίῳ
1649 545 1663 571 ὁ
1674 544 1726 580 τὴν
1738 543 1827 580 ἐπαρ-

198 597 330 631 supcrbinc
347 597 502 630 dereliquit.

1037 598 1078 616 σιν
1093 590 1281 625 ὑπερηφανίας
1298 589 1447 617 ἀπολιπών.

236 642 317 670 Vens.
331 642 357 669 8.
377 642 463 669 Ilodie
476 643 498 668 si
510 649 596 668 vocem
608 641 665 675 ejus
680 640 891 672 audieritis,etc.
907 647 915 664 ι
930 638 984 665 Ilo-

1071 636 1206 670 Σήμερον
1232 635 1289 662 ἐὰν
1316 635 1371 669 τῆς
1404 635 1507 670 φωνῆς
1537 635 1631 663 αὐτοῦ
1656 636 1826 669 ἀκούσητε.

200 689 244 715 die
263 697 272 714 ι
292 689 373 715 vitam
389 688 459 715 hanc
472 688 617 722 signiticet.
629 686 695 714 Nam
719 695 728 712 ι
753 685 829 713 Jesus
847 684 982 715 Christus.

1036 692 1061 709 κ.
1076 691 1101 709 τ.
1119 683 1143 708 ἑ.
1162 682 1199 708 Τὸ
1210 682 1329 717 σήμερον
1344 682 1390 707 τὸν
1404 680 1462 716 βίον
1475 680 1569 708 τοῦτον
1586 681 1724 716 σημαίνει·
1746 690 1756 706 ι
1777 680 1828 716 ’Ῑηε

201 734 287 767 inquit
299 734 334 767 '°,
349 734 406 761 lteri
422 738 449 761 et
462 733 550 765 hodie,
567 737 593 761 ct
606 732 632 759 in
647 731 754 760 smcula.
771 740 780 757 ι
791 730 824 758 Ει
841 730 982 758 rursus":

1036 728 1098 760 σοῦς
1117 728 1181 763 γὰρ,
1204 727 1280 763 φησὶ,
1301 727 1417 761 Χριστὸς
1436 726 1501 762 χθὲς
1524 727 1571 753 καὶ
1592 728 1711 762 σήμερον
1726 726 1773 754 καὶ
1786 726 1827 758 εἰς

1036 774 1099 805 τοὺς
1115 773 1225 805 αἰῶνας·
1248 783 1257 799 ι
1275 773 1322 799 καὶ
1343 773 1432 800 πάλιν·
1455 782 1463 798 ι
1486 773 1582 808 ’Ᾱχρις
1604 767 1635 799 οὗ
1652 772 1684 799 τὸ
1706 772 1827 810 σήμερον

1037 828 1169 846 καΛειται.
1192 829 1201 845 ι

235 867 316 895 Vnus.
328 868 370 894 Il.
383 867 440 901 Ipsi
450 875 510 894 vero
524 875 574 894 nou
589 866 829 901 cagnoueruntvias
839 872 919 896 meus.
929 868 981 891 etc.
1000 874 1022 902 Β

1015 875 1022 901 ι
1072 865 1161 892 Αὐτοὶ
1175 865 1209 891 δὲ
1222 866 1277 892 οὐκ
1293 864 1430 899 ἔγνωσαν
1454 864 1507 897 τὰς
1526 863 1615 896 ὁδούς
1629 872 1699 898 μου,
1713 871 1740 890 κ.
1756 871 1783 890 τ.
1799 862 1825 891 ι.

198 915 253 942 Via:
270 913 375 941 Domini
391 918 452 940 sunt
470 913 598 948 practicae
622 913 737 940 virtutes
751 918 811 946 quae
828 912 930 938 ducunt
949 911 983 937 ad

1044 910 1112 938 Ὀδοί
1132 911 1185 937 εισι
1201 910 1249 937 τοῦ
1266 909 1367 945 Κυρίου
1385 910 1412 936 αἱ
1427 909 1578 945 πρακτικαὶ
1594 908 1691 943 ἀρεταὶ
1705 908 1734 935 αἱ
1750 907 1825 935 ἀπά-

198 967 309 994 rcgnum
324 958 465 986 cmiorum.

1036 964 1130 990 γουσαι
1144 956 1183 987 εἰς
1199 956 1249 991 τὴν
1264 955 1399 990 βασιλείαν
1413 953 1467 981 τῶν
1479 953 1612 989 οὐρανῶν.

233 1006 296 1032 Intu.
313 1005 387 1032 Sicut
398 1004 489 1040 ,ἰαναυὶ
508 1004 535 1031 in
556 1004 595 1030 ira
613 1012 669 1030 mea
683 1012 693 1031 .'
707 1002 890 1030 Siintrotbunt
903 1002 931 1029 in
943 1011 985 1029 re-

1080 1001 1127 1034 Ὼς
1145 1001 1248 1036 ὤμοσα
1262 1001 1296 1027 ἐν
1309 1000 1347 1034 τῇ
1367 999 1441 1034 ὀργῆ
1455 1008 1526 1035 you,
1541 998 1576 1026 Et
1598 998 1826 1026 εἰσελεύσονται

196 1053 281 1086 quiem
306 1059 408 1083 nteant,
435 1056 488 1078 etc.
516 1050 634 1085 chuies
658 1050 765 1077 Domini
787 1049 906 1083 cognitio
927 1048 984 1082 ejus

1036 1048 1079 1079 εις
1103 1046 1160 1080 τὴν
1185 1046 1377 1073 κατάπαυσίν
1397 1055 1473 1081 μου,
1500 1054 1528 1072 κ.
1550 1054 1574 1072 τ’.
1599 1046 1622 1073 ὲ.
1643 1044 1825 1076 Καταπαυσις

196 1103 248 1124 est.
263 1097 313 1130 Qui
329 1101 418 1124 autem
435 1096 585 1131 ingreditur
599 1096 625 1123 in
641 1096 747 1129 eam,in
764 1095 806 1123 illa
818 1095 982 1130 requiescet.

1036 1092 1150 1127 Κυρίου,
1163 1092 1264 1126 γνῶσις
1278 1091 1370 1119 αὐτοῦ’
1388 1092 1403 1118 ὁ
1417 1092 1445 1119 δὲ
1461 1091 1589 1118 εἰσελθὼν
1600 1092 1640 1123 είς
1653 1090 1740 1126 αὐτὴν
1755 1090 1824 1117 ἁνα-

1038 1138 1170 1165 παύσεται
1182 1138 1224 1164 ἐπ’
1241 1138 1336 1173 αὐτῆς.

202 788 211 805 ι
231 780 321 807 Donec
337 779 417 807 hodie
432 778 648 814 cognominatur.
665 787 674 804 ι

407 1229 489 1264 779
510 1228 670 1256 PSALMUS
690 1227 770 1255 xcv.

720 1227 770 1255 CV.
1305 1226 1452 1253 ΨΑΔΜΟΣ
1473 1226 1530 1259 ιιει.

234 1272 316 1301 Vens.
333 1273 356 1300 I.
378 1274 490 1301 Cantate
516 1272 627 1300 Domina
645 1273 778 1300 canticum
796 1281 888 1300 novum
900 1294 908 1306 ,
929 1278 982 1301 etc.

1072 1275 1182 1310 Ι’ᾼοιατιε
1198 1272 1237 1306 τῷ
1251 1273 1349 1307 Κυρίῳ
1363 1269 1446 1307 ᾆσμα
1462 1271 1578 1304 καινὸν,
1600 1279 1627 1298 κ.
1643 1279 1670 1298 τ.
1684 1270 1707 1297 ἑ.
1728 1270 1757 1297 '0
1773 1278 1827 1297 πα-

198 1318 281 1346 Vetus
300 1318 380 1345 homo
392 1337 400 1351 ,
417 1318 463 1352 qui
479 1318 665 1352 corrumpitur
685 1317 833 1344 secundum
851 1317 983 1344 desideria

1035 1320 1108 1351 λαιδς
1122 1319 1264 1354 ἄνθρωπος
1276 1338 1283 1351 ,
1301 1319 1316 1345 ὁ
1333 1317 1509 1353 φθειρόμενος
1529 1316 1599 1343 κατὰ
1617 1315 1666 1348 τὰς
1679 1315 1827 1351 ἐπιθυμίας

195 1364 308 1397 erroris,
328 1371 381 1390 non
398 1367 485 1398 potest
504 1368 614 1390 cantare
632 1363 767 1390 canticum
789 1370 897 1390 novum.
915 1363 982 1390 Novi

1035 1365 1086 1401 τῆς
1098 1365 1207 1399 ἀπάτης
1218 1384 1225 1394 ,
1240 1364 1270 1390 οὺ
1286 1363 1397 1390 δύναται
1413 1361 1477 1398 ᾆσαι
1494 1361 1570 1399 ᾇσμα
1584 1362 1693 1389 καινόν·
1706 1361 1754 1389 τοῦ
1770 1362 1826 1398 γὰρ

196 1410 270 1437 cnim
297 1409 424 1441 hominis.
441 1408 503 1435 lacti
522 1408 670 1436 secundum
690 1407 834 1443 imaginem
850 1407 923 1435 illius
937 1407 982 1442 qui

1037 1410 1130 1437 καινοῦ
1145 1408 1288 1445 ἀνθρώπου
1311 1408 1368 1435 ἐστὶ
1388 1407 1419 1435 τδ
1441 1406 1517 1443 ᾆσμα
1531 1407 1562 1434 τὸ
1576 1407 1668 1434 καινὸν
1682 1406 1730 1434 τοῦ
1747 1414 1826 1441 γενο-

196 1454 315 1482 condidit
332 1462 405 1486 eum,
422 1458 462 1481 est
475 1454 611 1481 canticum
630 1460 741 1480 novum.

1038 1456 1118 1492 μένου
1133 1456 1192 1482 κατ’
1205 1455 1297 1482 εἰκόνα
1307 1454 1353 1481 τοῦ
1366 1454 1508 1485 κτίσαντος
1523 1452 1615 1480 αὐτόν.

233 1499 313 1527 Vsus.
334 1500 361 1527 4.
379 1499 513 1527 Terribilis
530 1505 568 1527 est
585 1507 663 1534 super
681 1507 770 1526 omnes
794 1499 865 1530 deos.
885 1504 937 1526 etc.
953 1498 982 1526 Si

1072 1501 1198 1535 Φοϐερός
1212 1500 1298 1527 ἐστιν
1313 1499 1361 1526 ἐπὶ
1376 1498 1492 1531 πάντας
1507 1498 1578 1531 τοὺς
1596 1497 1699 1531 θεοὺς,
1717 1506 1745 1525 κ.
1755 1505 1782 1525 τ.
1797 1497 1826 1526 ἑ.

196 1546 326 1574 terribilis
340 1551 381 1574 est
393 1546 523 1574 Dominus
535 1553 617 1582 super
632 1553 728 1575 omnes
745 1545 819 1578 deos.
835 1552 930 1573 omnes
947 1545 982 1573 dii

1038 1547 1069 1573 Et
1086 1545 1199 1581 φοϐερός
1217 1541 1289 1572 ἐστιν
1310 1546 1324 1572 ὁ
1345 1544 1446 1580 Κύριος
1462 1543 1508 1570 ἐπὶ
1525 1543 1630 1576 πάντας
1653 1544 1716 1576 τοὺς
1734 1543 1825 1577 θεοὺς,

199 1591 295 1618 timent
315 1591 467 1618 Dominum.
996 1612 1009 1625 τ

996 1612 1016 1625 ρ
1036 1591 1137 1624 πάντες
1152 1592 1177 1618 οἱ
1193 1591 1249 1618 θεοὶ
1263 1590 1408 1625 φοδοῦνται
1424 1590 1471 1617 τὸν
1484 1589 1596 1625 Κύριον.

233 1637 313 1664 Vens.
324 1636 366 1665 10.
378 1636 463 1664 Dicite
473 1637 499 1663 iu
508 1636 637 1672 gentibus,
645 1636 706 1671 quia
717 1635 844 1662 Dentium
853 1635 980 1668 regnavit,
997 1634 1017 1642 "'

1013 1634 1017 1639 ’
1070 1637 1181 1664 Εἷπατε
1191 1637 1225 1663 ὲν·
1233 1637 1294 1670 τοῖς
1303 1637 1424 1664 ἔθνεσιν
1433 1656 1441 1668 ,
1454 1636 1498 1662 ὅτι
1514 1636 1621 1669 Κύριος
1630 1634 1823 1667 ἐϐασίλευσε,

196 1687 248 1710 ctc.
270 1682 356 1710 Dicite
373 1682 490 1717 injustis,
502 1683 564 1716 quia
577 1681 680 1717 justilia
697 1681 834 1717 regnavit;
850 1680 982 1715 insipien-

1036 1690 1062 1709 κ.
1080 1691 1104 1709 τ.
1132 1683 1155 1709 ὲ.
1173 1682 1274 1709 Εἴπατε
1291 1683 1347 1714 τοῖς
1362 1682 1480 1715 ἀδίκοις,
1497 1681 1538 1708 ὅτι
1553 1678 1711 1715 δικαιοσύνη
1730 1678 1825 1706 ἐϐασί-

197 1728 282 1760 tibus,
297 1728 360 1762 quia
377 1728 530 1755 dominatur
544 1727 705 1762 prudentia;
722 1726 907 1756 mendacibus.
918 1725 981 1759 quia

1035 1728 1113 1755 λευσε
1124 1736 1131 1744 ο
1148 1728 1195 1754 καὶ
1208 1729 1263 1760 τοῖς
1277 1727 1404 1763 ἄφροσιν,
1418 1727 1459 1754 ὅτι
1476 1726 1596 1763 κυριεύει
1615 1725 1760 1761 φρόνησις·
1777 1723 1826 1751 καὶ

197 1775 313 1809 imperat
329 1774 449 1804 veritas;
470 1778 498 1801 et
510 1773 625 1808 ignaris,
640 1773 704 1808 quia
723 1772 791 1800 vicit
807 1771 932 1800 scientia.

1037 1772 1094 1803 τοῖς
1123 1771 1269 1806 ψεύσταις,
1295 1772 1336 1797 ὅτι
1361 1771 1486 1803 δεσπόζει
1510 1772 1527 1807 ἡ
1553 1770 1682 1807 ἀλήθειαο
1705 1769 1825 1802 καὶτοῖς

1035 1816 1192 1851 ἀγνοοῦσιν,
1207 1817 1248 1843 ὅτι
1265 1816 1435 1852 κεκράτηκεν
1450 1818 1467 1852 ὴ
1484 1816 1594 1851 γνῶσις.

233 1863 316 1891 Vens.
333 1863 375 1891 II.
392 1861 528 1890 Lazlenmr
538 1862 609 1894 cwli.
621 1866 676 1891 etc.
692 1861 721 1889 Id
735 1866 786 1895 est,
801 1861 847 1896 qui
862 1861 986 1889 habitant

1070 1862 1344 1897 Εὐφραινέσθωσαν
1359 1864 1386 1889 οὶ
1398 1862 1519 1904 apparot
1530 1882 1537 1896 ,
1554 1872 1582 1890 κ.
1597 1871 1622 1889 τ.
1635 1861 1826 1894 ὲ.Τουτέοτιν,

197 1908 224 1936 in
237 1908 324 1936 cmlis.

1035 1907 1059 1933 οἱ
1073 1906 1261 1938 κατοικοῦντες
1275 1907 1304 1932 ἐν
1318 1908 1374 1939 τοῖς
1388 1907 1521 1942 οὐρανοῖς.

234 1954 316 1981 Vens.
330 1954 373 1981 I2.
386 1954 458 1981 Tum:
476 1955 644 1982 exsultabqu
661 1954 750 1982 omnia
762 1954 834 1989 ligna
845 1953 983 1985 silvarum,

1074 1951 1142 1977 Τότε
1153 1950 1388 1985 minutiam-rat
1398 1951 1497 1978 πάντα
1508 1951 1544 1979 τὰ
1552 1951 1630 1984 ξύλα
1639 1951 1692 1979 τοῦ
1699 1951 1825 1987 δρυμοῦ,

197 2004 251 2026 etc.
270 1999 363 2032 Qualia
384 1999 454 2035 ligna
479 1999 673 2028 cxsultabunt?
692 1999 789 2027 Dicant
815 1999 859 2034 qui
880 1998 984 2033 allego-

1036 2005 1063 2023 κ.
1078 2005 1104 2023 τ,
1122 1996 1144 2022 ὲ.
1160 1997 1226 2022 Ποῖα
1241 1996 1450 2030 ἀγαλλιάσονται
1468 1996 1534 2031 ξύλα
1546 2005 1554 2031 ;
1565 1997 1720 2032 λεγέτωσαν
1736 1998 1761 2026 οἱ
1773 1998 1825 2034 τὴν

198 2044 266 2072 riam
287 2050 423 2074 recusant.

1037 2042 1200 2078 ἀλληγορίαν
1211 2042 1434 2078 παραιτούμενοι.

452 2133 563 2162 PSALM
568 2133 612 2163 US
637 2133 728 2163 XCVI.

1316 2131 1462 2158 ΨΛΛΜΟΣ
1481 2134 1546 2167 wn

233 2182 315 2209 Vens.
338 2182 363 2208 I.
379 2181 514 2209 Lwtentur
533 2180 627 2208 insulw
641 2180 742 2212 multm,
760 2184 814 2206 etc.
835 2178 923 2206 Insula
940 2183 983 2206 est

1072 2177 1334 2211 Εὐφρανθήτωσαν
1346 2177 1438 2211 νῆσοι
1451 2179 1580 2211 πολλαί,
1599 2186 1628 2206 κ.
1644 2187 1670 2206 τ.
1688 2178 1711 2205 ἑ.
1734 2178 1825 2213 Νῆσός

198 2235 274 2255 mens
291 2228 368 2254 ﬁrma
381 2232 409 2255 et
425 2226 541 2260 stabilis,
559 2233 618 2261 quau
634 2225 669 2253 ab
683 2225 763 2261 hujus
777 2225 839 2253 vitae
855 2226 983 2253 ﬂuctibus

1036 2222 1094 2248 ἐστι
1109 2222 1170 2254 νοῦς
1186 2223 1308 2258 ἀκλινὴς,
1320 2223 1373 2250 ὑπὸ
1386 2223 1438 2250 τῶι
1450 2223 1498 2250 τοῦ
1508 2223 1566 2258 βίου
1582 2223 1678 2251 τούτου
1694 2224 1825 2260 κυμάτων

198 2274 317 2308 undique
329 2273 488 2308 percutitur.

1037 2276 1070 2294 πε
1075 2268 1204 2303 ρικτυπού
1210 2277 1297 2304 μενος.

233 2319 316 2346 Vens.
332 2319 359 2346 5.
378 2317 411 2344 Et
426 2318 495 2353 ignis
512 2321 572 2344 ante
585 2317 669 2352 ipsum
689 2317 829 2352 prwcedet,
841 2321 895 2343 etc.
910 2315 984 2350 Ignis
999 2315 1022 2343 D

1014 2318 1022 2342 1
1070 2314 1124 2341 Καὶ
1139 2314 1198 2348 πῦρ
1209 2315 1336 2342 ἐνώπιον·
1348 2316 1441 2343 αὐτοῦ
1454 2316 1703 2351 προπορεύσεται,
1717 2325 1744 2343 κ.
1759 2325 1784 2344 τ.
1798 2317 1824 2344 ὲ.

197 2364 256 2396 iste
268 2363 324 2390 urit
344 2363 426 2399 ligna,
449 2363 541 2391 fenum
552 2383 560 2397 ,
574 2361 718 2397 stipulam,
734 2361 785 2389 hoc
809 2365 852 2389 est
875 2360 984 2388 habitus

1037 2359 1074 2385 Τὸ
1093 2359 1149 2395 πῦρ
1168 2359 1247 2387 τοῦτο
1267 2361 1339 2388 καίει
1360 2361 1440 2394 ξύλα,
1460 2363 1574 2398 χόρτον,
1597 2362 1743 2399 καλάμην,
1762 2364 1825 2390 ’ἐθυ-

197 2409 293 2437 malos.
829 2431 832 2433 λ
1037 2404 1111 2432 τέστι
1124 2405 1174 2437 τὰς
1189 2406 1260 2439 ἕξεις
1275 2407 1325 2438 τὰς
1337 2408 1487 2444 μοχθηρὰς.

233 2456 316 2483 Vsus.
343 2455 386 2482 10.
408 2454 460 2487 Qui
484 2454 596 2490 diligitis
620 2453 762 2481 Dominum
775 2472 783 2485 ,
799 2451 870 2479 odite
889 2450 960 2477 mala
976 2469 984 2483 ,

1075 2453 1107 2478 οι
1120 2452 1293 2487 ἀγαπῶντες
1306 2454 1358 2480 τὸν
1369 2455 1486 2489 Κύριον,
1493 2455 1607 2489 μισεῖτε
1619 2454 1745 2490 πονηρὰ,
1761 2463 1822 2482 aut.

197 2506 251 2529 etc.
271 2500 327 2528 Hoc
340 2507 392 2534 est,
413 2501 459 2536 qui
471 2501 583 2537 diligitis
601 2499 757 2533 scientiam,
773 2497 847 2527 edite
863 2497 944 2525 mala.

1037 2497 1060 2524 ἐ.
1078 2497 1232 2531 Τουτέστιν,
1244 2499 1268 2526 οι
1279 2499 1439 2533 ἀγαπῶντες
1454 2500 1503 2536 τὴν
1519 2500 1629 2535 γνῶσιν,
1647 2502 1753 2536 μισεῖτε
1773 2508 1824 2531 m-

1035 2551 1067 2579 νη
1071 2543 1116 2579 pd.

232 2593 314 2621 Vnus.
329 2592 373 2619 I2.
388 2591 423 2619 Et
437 2590 598 2625 conﬁtemini
611 2590 744 2618 memoria
763 2588 982 2623 sanrtiﬁcatiouis

1069 2589 1125 2616 Καὶ
1150 2589 1379 2625 ἐξομολογεῖσθε
1400 2590 1438 2625 τῇ
1452 2590 1557 2626 μνήμη
1575 2590 1631 2625 τῆς
1653 2591 1826 2626 ἁγιωσύνης

196 2640 252 2676 ejus
267 2659 275 2672 ,
299 2643 353 2666 etc.
375 2637 568 2670 Conﬂtemini,
588 2637 614 2664 in
636 2635 796 2664 memoriam
822 2638 983 2662 revocantes

1034 2635 1144 2667 αὐτοῦ,
1160 2643 1187 2662 κ.
1203 2643 1227 2662 τ.
1244 2636 1268 2662 ἐ.
1290 2635 1520 2671 Ἐξομολογεῑσθε,
1543 2636 1757 2672 ιινημονεύοντες
1775 2635 1827 2672 τῆς

197 2685 369 2714 sanctitatem
385 2682 454 2718 ejus.

1038 2681 1193 2717 ἁγιωσύνης
1205 2681 1297 2709 αὐτοῦ.

449 2773 609 2801 PSALMUS
628 2771 730 2800 XCVII.

235 2817 317 2844 Vens.
332 2818 360 2844 2.
380 2816 412 2844 In
426 2822 564 2852 conspectu
580 2817 696 2852 gentium
714 2816 835 2845 reuelauit
845 2815 980 2852 justitiam

236 2875 258 2890 "
279 2875 360 2903 Ilcbr.
374 2883 432 2903 xm.
450 2877 476 2904 8.
514 2877 536 2893 "
553 2876 619 2904 ibid.
637 2883 679 2905 Ill.
698 2875 740 2903 I5.

1310 2774 1455 2801 ΨΑΑΜυΣ
1479 2774 1535 2808 ιιΖι.

1078 2818 1231 2846 Ἐναντίων
1254 2818 1311 2846 τῶν
1337 2819 1431 2847 ἐθνῶν
1447 2819 1625 2854 dandi-tque
1644 2819 1700 2855 τὴν
1716 2818 1830 2846 δικαιο-
