4106 6406
399 298 531 351 1557

1384 290 1692 349 SELECTA
1731 290 1794 345 IN
1836 288 2172 344 PSALMOS.
2214 320 2279 328 —
2320 286 2516 342 l'SAL.
2552 284 2634 340 Cl.

3520 279 3655 330 1558

392 417 592 482 σύνην
632 416 853 477 αὑτοῦ,
904 434 956 469 κ.
992 433 1042 469 τ.
1074 416 1120 468 ὲ.
1178 434 1195 464 ι
1224 414 1545 483 Δικαιοσύνη
1590 412 1697 482 γὰρ
1733 410 1869 463 θεοῦ
1912 411 1967 461 ἐν

2074 423 2221 460 suam
2249 445 2261 469 ,
2304 417 2411 459 etc.
2447 404 2580 457 Nam
2633 422 2651 453 ι
2682 400 2895 472 justitia
2940 398 3032 453 Dei
3087 398 3139 451 in
3180 411 3246 451 eo
3288 394 3555 450 revelatur
3586 409 3651 447 ex

389 506 542 576 αὐτῷ
574 507 1015 560 ἀποκαλύπτεται
1046 508 1108 560 ὲκ
1142 508 1377 569 πίστεως
1410 509 1487 570 είς
1512 506 1714 559 πίστιν.
1757 524 1773 553 ι

462 599 722 668 Ιιοταμοί
740 600 1107 667 κροτήσουσι
1124 600 1271 668 χειρὶ
1292 596 1391 652 ἐπὶ
1416 598 1481 651 τὸ
1506 597 1673 661 αὐτὸ,
1694 614 1747 651 κ.
1772 615 1819 649 τ.
1840 598 1881 648 έν
1904 598 1967 649 El

390 691 459 745 τὰ
478 691 789 762 χαρίσματα
804 690 897 743 τοῦ
915 690 1052 743 Πνεύ
1060 708 1225 758 ματος
1247 690 1340 743 τοῦ
1358 690 1513 757 άγίου
1536 689 1767 759 ποταμοὶ
1786 689 1969 757 λέγον-

390 799 481 835 ται
505 781 643 834 κατὰ
670 781 750 834 τό⁹
790 801 808 833 ι
838 782 1077 852 Ποταμοὶ
1099 783 1163 835 ὲκ
1189 782 1290 852 τῆς
1316 782 1522 845 κοιλίας
1556 780 1719 835 αὑτοῦ
1743 781 1968 852 ῥεύσου-

394 888 477 923 σιν
510 870 699 933 ῦδατος
721 869 941 935 ζῶντος,
972 890 990 923 ι
1016 870 1196 934 καλῶς
1222 873 1272 924 οἱ
1296 870 1609 942 μεθέξοντες
1640 870 1841 924 τούτων
1860 869 1969 923 τῶν

393 960 650 1032 ποταμῶν
678 962 771 1016 καὶ
796 962 948 1015 αὐτοὶ
977 964 1209 1033 ποταμοὶ
1240 962 1505 1030 λέγονται.
1542 962 1881 1033 Σημειωτέον
1914 961 1969 1014 δὲ

392 1054 484 1105 καὶ
517 1054 579 1106 τὸ
610 1072 627 1104 ι
665 1055 757 1106 ἐπὶ
788 1054 849 1107 τὸ
886 1053 1017 1107 αὐτὸ
1059 1072 1078 1107 ι
1112 1050 1404 1117 εἶναιτοὺς
1444 1054 1738 1124 ποταμοὺς,
1784 1053 1870 1107 ῐνα
1916 1052 1969 1106 τὸ

388 1146 520 1198 αὐτὸ
565 1146 764 1215 λέγωσι
798 1146 1016 1211 πάντες,
1058 1147 1152 1200 καὶ
1192 1146 1266 1219 μὴ
1372 1147 1428 1201 ὲν
1455 1146 1640 1210 αὐτοῖς
1670 1147 1965 1217 σχίσματα.

979 1328 1268 1382 immo}:
1300 1330 1423 1395 t,H'.

462 1418 545 1470 Σὺ
576 1419 905 1486 ἡτοίμασας
947 1420 1309 1487 εὐθύτητας,
1344 1438 1399 1475 κ.
1449 1438 1500 1475 τ.
1549 1422 1597 1475 ἑ.
1657 1421 1969 1491 Εὐθύτητας

389 1510 507 1577 ἦτοι
540 1509 665 1570 τοὺς
693 1507 897 1571 εὐθεῖς,
927 1509 1043 1579 ἦτοι
1079 1509 1180 1573 τὰς
1214 1511 1434 1580 ἀρετάς.

457 1600 564 1653 Καὶ
582 1599 975 1667 προσκυνεῖτε
996 1601 1076 1666 τῷ
1092 1602 1399 1667 ὑποποδίῳ
1414 1604 1533 1658 τῶν
1542 1605 1743 1659 ποδῶν
1756 1608 1963 1670 αὐτοῦ,

386 1709 513 1745 κ.τ.
540 1693 586 1743 ὲ.
634 1691 706 1743 Τὸ
739 1692 1031 1746 ὑποπόδιον
1070 1692 1180 1747 τῶν
1228 1694 1405 1747 ποδῶν
1445 1692 1596 1749 εἶπόν
1640 1715 1783 1761 τινες
1827 1694 1966 1752 εἶναι

383 1784 482 1855 τὴν
526 1785 707 1855 σάρκα
750 1784 849 1855 τὴν
896 1784 992 1837 τοῦ
1030 1785 1304 1856 Χριστοῦ,
1350 1788 1471 1857 ἣτις
1498 1788 1587 1841 διὰ
1616 1789 1706 1841 τὸν
1736 1791 1967 1861 Χριστόν

383 1875 501 1928 ἔστι
532 1878 880 1947 προσκυνητή
904 1893 921 1907 ⁶
952 1879 981 1930 ὁ
1013 1876 1071 1931 δὲ
1103 1879 1337 1950 Χριστὸς
1369 1882 1741 1953 προσκυνητὸς
1769 1883 1855 1936 διὰ
1878 1886 1967 1937 τὸν

386 1972 445 2022 ἐν
478 1969 628 2039 αὐτῷ
658 1971 831 2039 Λόγον
851 1971 1009 2025 Θεοῦ.

457 2060 567 2113 Καὶ
596 2062 880 2129 Σαμουὴλ
915 2062 1125 2131 ἐντοῖς
1151 2064 1651 2136 ἐπικαλουμένοις
1681 2067 1747 2120 τὸ
1779 2068 1967 2136 ὄνομα

382 2150 570 2205 αὑτοῦ
592 2192 606 2215 ,
639 2169 691 2206 κ.
731 2170 780 2205 τ.
812 2155 861 2207 ὲ.
905 2147 1077 2219 Οὗτος
1110 2157 1447 2212 ἐπικαλεῖται
1481 2159 1581 2228 τὴν
1622 2159 1966 2231 δικαιοσύνην

381 2242 411 2293 ό
438 2241 864 2314 δικαιοπραγῶν,
897 2246 991 2299 καὶ
1013 2247 1111 2318 τὴν
1144 2248 1402 2321 ἀλήθειαν
1447 2252 1477 2303 ό
1511 2250 1584 2322 μὴ
1617 2250 1966 2322 ψευδόμενος,

385 2332 477 2385 καὶ¹
505 2333 602 2403 τὴν
631 2336 850 2407 ἀγάπην
876 2339 904 2390 ό
935 2336 1009 2407 μὴ
1046 2337 1243 2407 μισῶν.

467 2425 561 2475 Ἐν
589 2427 795 2492 στὺλῳ
824 2426 1088 2495 νεφέλης
1128 2426 1332 2482 ἐλάλει
1370 2428 1518 2495 πρὸς
1545 2428 1786 2493 αὐτοὺς,
1829 2446 1882 2481 κ.
1912 2446 1962 2480 τ.

382 2520 429 2571 ὲ.
468 2518 526 2571 '0
557 2517 745 2581 στῦλος
783 2518 874 2571 καὶ
911 2520 945 2589 η
975 2518 1172 2587 νεφέλη
1217 2519 1434 2586 λογικαὶ
1476 2520 1664 2587 φύσεις
1707 2519 1846 2582 εἰσὶ,
1898 2518 1965 2570 δι’

381 2604 456 2663 ὧν
498 2610 677 2663 ἐλάλει
709 2610 846 2679 πρὸς
874 2611 1003 2673 τοὺς
1036 2609 1222 2679 ἁγίους
1252 2613 1280 2663 ό
1300 2610 1524 2681 Κύριος.

462 2700 710 2767 Ὑψοῦτε
744 2701 967 2767 Κύριον
1000 2700 1108 2754 τὸν
1158 2701 1308 2754 Θεὸν
1341 2700 1528 2769 ἡμῶν,
1564 2719 1617 2754 κ.
1653 2720 1703 2755 τ.
1742 2702 1790 2755 ὲ.
1831 2700 1968 2753 Ὑπὸ

386 2792 626 2866 καθαροῦ
661 2794 755 2849 νοῦ
786 2794 1030 2864 πέφυκεν
1062 2794 1327 2864 ὑψοῦσθαι
1355 2796 1505 2859 Θεός.

948 3004 1243 3057 ΨΑΑΜοΣ
1278 3004 1393 3069 ne.
1996 3012 2040 3070 ο

456 3094 772 3149 Είσέλθετε
801 3097 888 3161 είς
914 3095 1019 3161 τὰς
1060 3096 1261 3159 πύλας
1292 3095 1509 3159 αὑτοῦ,
1540 3113 1592 3148 κ.
1632 3112 1682 3147 τ.
1714 3097 1759 3149 ὲ.
1790 3096 1961 3148 Πύλαι

384 3185 598 3254 σοφίας,
627 3186 815 3255 ἀρεταί
841 3202 855 3215 ο
890 3184 977 3237 διὰ
1006 3184 1115 3256 γὰρ
1147 3185 1324 3239 αὐτῶν
1355 3185 1713 3256 εἰσερχόμεθα
1748 3186 1827 3249 εἰς
1867 3183 1965 3256 τὴν

383 3276 661 3348 βασιλείαν
684 3277 792 3331 τῶν
820 3278 1081 3350 οὐρανῶν.

975 3444 1269 3497 ΨΔΛΜΟΣ
1310 3443 1386 3497 P'.

460 3535 680 3587 Ἐλεον
707 3534 804 3587 καὶ
837 3535 1042 3602 κρίσιν
1078 3535 1302 3604 ᾄσομαι
1330 3551 1427 3590 σοι
1448 3576 1462 3601 ,
1496 3538 1671 3604 Κύριε
1693 3576 1707 3600 ,
1758 3554 1813 3590 κ.
1845 3554 1895 3590 τ.
1923 3537 1972 3592 ὲ.

383 3625 492 3681 Τδν
530 3626 659 3698 περὶ
693 3629 959 3699 Προνοίας
985 3628 1081 3681 καὶ
1110 3628 1344 3700 κρίσεως
1372 3624 1503 3701 ᾆσαι
1550 3629 1692 3683 θέλει
1728 3631 1907 3699 λόγον.

462 3809 573 3863 Τὸν
600 3810 1062 3866 καταλαλοῦντα
1101 3808 1293 3878 λάθρα
1324 3811 1431 3865 τοῦ
1460 3814 1731 3880 πλησίον
1756 3816 1966 3881 αὐτοῦ,

386 3901 603 3955 τοῦτον
640 3900 977 3966 ἐξεδίωκον,
1008 3919 1063 3956 κ.
1089 3920 1140 3957 τ.
1176 3902 1224 3957 ἑ.
1243 3904 1530 3975 Χρήσιμον
1548 3905 1610 3958 τὸ
1639 3907 1804 3977 ῥητὸν
1830 3909 1966 3979 πρὸς

384 3992 513 4055 τοὺς
540 3990 998 4055 καταλαλοῦντας.

457 4083 867 4150 Πορευόμενος
899 4080 969 4133 ἐν
996 4079 1115 4146 ὁδῷ
1160 4079 1398 4151 ἀμώμῳ,
1448 4078 1628 4149 οὗτός
1658 4101 1760 4153 μοι
1813 4084 1968 4139 ἑλει-

387 4174 641 4243 τούργει,
682 4191 737 4229 κ.
768 4191 821 4229 τ.
850 4174 897 4225 ὲ.
930 4172 1211 4244 Χρηστέον
1236 4174 1297 4227 τὸ
1324 4175 1485 4246 ῥητὸν
1510 4176 1644 4247 πρὸς
1660 4176 1789 4239 τοὺς
1823 4178 1969 4247 ἱερα-

388 4267 571 4329 τικοὺς
594 4263 1071 4336 ὑπηρετουμένους
1092 4264 1197 4317 ὑπὸ
1222 4264 1422 4319 δούλων
1444 4267 1847 4338 πονηροτάτων.

2077 499 2179 552 lide
2210 500 2261 551 in
2293 498 2450 550 [idem
2476 498 2543 547 ⁷².
2579 514 2597 547 ι

2150 589 2311 645 Vnus.
2340 589 2394 644 8.
2426 587 2683 641 Flumina
2711 586 2959 655 plaudent
2992 598 3151 637 manu
3176 582 3229 634 iu
3262 579 3513 647 idipsum,
3542 586 3649 632 etc.

2077 686 2133 741 Si
2175 685 2409 752 Spiritus
2441 683 2616 738 sancti
2660 683 2803 736 dona
2843 679 3065 734 llumina
3096 678 3371 743 dicuntur,
3392 675 3548 745 juxta
3592 673 3655 727 il-

2078 775 2197 829 Iud:
2232 793 2250 827 ι
2281 774 2529 829 Flumina
2559 774 2624 828 de
2656 778 2843 825 ventre
2860 768 2978 838 ejus
3003 766 3171 821 ﬂuent
3192 781 3346 835 aqua:
3373 765 3509 819 viva:
3528 763 3601 829 ",
3626 780 3647 816 ι

2076 867 2301 937 pulchre
2349 866 2441 936 qui
2492 865 2687 919 horum
2721 861 3005 917 ﬂuminum
3056 859 3354 929 participes
3392 863 3565 923 sunt,
3595 863 3656 911 et

2074 964 2175 1035 ipsi
2211 962 2430 1016 [lumina
2461 961 2740 1015 dicuntur.
2783 957 2913 1011 Illud
2944 968 3162 1025 quoque
3205 951 3652 1014 observandum,

2080 1074 2099 1106 ι
2131 1056 2182 1110 in
2211 1056 2442 1123 idipsum
2476 1071 2495 1106 ι
2529 1068 2649 1107 esse
2676 1051 2919 1116 ﬂumina,
2964 1058 3025 1103 ut
3056 1048 3197 1103 idem
3228 1046 3409 1101 dicant
3436 1057 3651 1110 omnes,

2074 1160 2130 1205 et
2161 1164 2266 1203 non
2298 1148 2406 1202 sint
2442 1147 2495 1201 in
2526 1146 2605 1201 eis
2635 1145 2954 1199 schismata.

2463 1324 2628 1395 τεο
2668 1321 2984 1376 ιδδΑιιιυδ
3015 1317 3242 1375 xcvm.

2146 1422 2311 1476 Vens.
2352 1420 2407 1473 4.
2442 1418 2519 1471 Tu
2567 1419 2766 1485 parasti
2794 1417 3104 1469 directiones
3132 1454 3148 1480 ,
3189 1425 3295 1469 etc.
3325 1413 3651 1484 IEquitates,

2076 1515 2160 1569 vel
2192 1522 2395 1574 rectos,
2426 1509 2508 1563 vel
2540 1510 2792 1564 virtutes.

2146 1606 2308 1660 Vens.
2356 1603 2408 1656 5.
2448 1601 2515 1655 Et
2545 1601 2765 1654 adorale
2796 1599 3088 1653 scabellum
3126 1600 3317 1667 pedum
3347 1599 3459 1667 ejus
3485 1638 3498 1661 ,
3544 1608 3651 1654 etc.

2071 1696 2376 1753 Scabellum
2429 1693 2628 1763 pedum
2676 1692 2897 1761 quidam
2954 1691 3212 1745 dixerunt
3257 1705 3382 1745 esse
3430 1706 3653 1745 carnem

2068 1787 2294 1850 Christi,
2324 1800 2444 1855 qua:
2476 1793 2697 1853 propter
2730 1781 3009 1837 Christum
3040 1790 3124 1835 est
3152 1781 3448 1835 adoranda.
3487 1781 3651 1835 Chri-

2069 1890 2186 1933 stus
2208 1888 2389 1932 autem
2414 1885 2500 1931 est
2523 1875 2834 1931 adorandus
2862 1883 3083 1944 propter
3116 1872 3356 1929 Verbum
3381 1872 3475 1929 Dei
3504 1873 3654 1943 quod

2070 1973 2122 2026 in
2159 1973 2275 2041 ipso
2309 1980 2413 2025 est.

2143 2061 2306 2117 Vsus.
2346 2063 2399 2117 6.
2432 2060 2498 2115 Et
2531 2060 2750 2117 Samuel
2784 2062 2921 2115 inter
2950 2077 3038 2115 eos
3068 2062 3160 2132 qui
3193 2062 3436 2116 invocant
3466 2076 3655 2114 nomen

2068 2154 2203 2223 ejus,
2230 2164 2335 2208 etc.
2368 2154 2469 2220 Qui
2498 2154 2643 2223 juste
2674 2156 2807 2223 agit,
2835 2154 3149 2225 justitiam;
3179 2155 3269 2224 qui
3307 2171 3411 2209 nou
3448 2156 3646 2208 menti-

2072 2257 2181 2311 tur,
2213 2247 2494 2302 veritatem
2514 2264 2530 2314 ;
2550 2255 2605 2302 et
2624 2246 2717 2317 qui
2745 2262 2850 2302 non
2871 2248 3008 2311 odit,
3033 2247 3358 2302 cltaritatem
3409 2247 3647 2302 invocat.

2141 2430 2305 2485 Vens.
2331 2432 2384 2484 7.
2415 2430 2484 2484 In
2514 2430 2759 2485 columna
2790 2432 2945 2486 nubis
2973 2431 3287 2502 loquebatur
3309 2432 3378 2485 ad
3407 2449 3518 2493 eos,
3546 2442 3632 2485 cla;

2069 2521 2333 2576 Columna
2368 2534 2421 2576 et
2471 2524 2644 2579 nubes
2692 2536 2901 2577 natura:
2945 2534 3073 2577 sunt
3124 2524 3337 2577 ratione
3375 2524 3651 2591 praedita,

2072 2628 2167 2681 per
2193 2628 2328 2681 quas
2365 2614 2431 2668 ad
2468 2624 2688 2670 sanctos
2724 2615 2982 2670 Dominus
3021 2616 3368 2683 loquebatur.

2151 2702 2311 2759 VERS.
2352 2705 2405 2760 9.
2441 2704 2692 2761 Exaltate
2733 2709 3016 2761 Dominum
3052 2708 3218 2763 Deum
3254 2712 3514 2776 nostrum,
3546 2716 3654 2762 etc.

2070 2795 2213 2851 Pura
2255 2814 2408 2853 mens
2438 2800 2577 2855 solet
2614 2800 2858 2855 exaltare
2887 2802 3080 2856 Deum.

2607 3006 2933 3065 PSALMUS
2973 3007 3137 3063 XCIX

2150 3095 2310 3151 Vens.
2340 3098 2393 3151 σι.
2424 3098 2647 3153 lutroite
2668 3111 2845 3168 portas
2866 3099 3001 3170 ejus,
3033 3112 3139 3155 etc.
3172 3098 3348 3154 Porue
3371 3097 3656 3169 sapientiae

2072 3195 2199 3239 sunt
2235 3188 2463 3244 virtutes
2487 3230 2503 3256 ,
2556 3206 2679 3244 nam
2713 3204 2809 3259 per
2839 3205 2931 3245 eas
2960 3189 3294 3260 ingredimur
3322 3189 3377 3244 in
3426 3202 3655 3260 regnum

2072 3278 2356 3335 oculorum.

2644 3442 2964 3499 PSALHUS
3022 3444 3084 3499 C.

2155 3535 2316 3589 Vens.
2346 3536 2396 3590 l.
2429 3536 2857 3591 Misericordiam
2895 3547 2943 3591 et
2969 3538 3236 3606 judicium
3263 3538 3486 3591 cantabo
3521 3538 3657 3603 tibi,

2074 3624 2298 3680 Domine
2319 3668 2333 3691 ,
2365 3638 2472 3683 etc.
2509 3626 2873 3683 Providentia:
2903 3638 2959 3683 et
2985 3628 3179 3699 judicii
3224 3630 3494 3684 rationem
3524 3644 3658 3685 eau-

2077 3727 2194 3773 tare
2228 3720 2363 3774 vult.

2151 3814 2313 3870 Vsus.
2355 3814 2411 3868 5.
2453 3814 2823 3869 Detraheulent
2861 3826 3062 3871 secreto
3092 3817 3336 3886 proximo
3368 3834 3487 3885 suo,
3520 3817 3659 3872 hunc

2073 3907 2435 3974 persequebar,
2463 3916 2568 3961 etc.
2592 3906 2735 3962 Utile
2762 3908 2864 3961 hoc
2889 3907 3057 3963 fuerit
3082 3917 3272 3963 contra
3295 3909 3659 3966 detractores.

2150 4083 2315 4138 Vens.
2349 4084 2403 4139 6.
2436 4084 2731 4141 Ambulans
2766 4085 2820 4139 in
2866 4101 2949 4139 vta
2990 4084 3373 4151 immaculata,
3406 4086 3492 4139 hic
3527 4084 3658 4140 mihi

2078 4175 2450 4240 ministrabat,
2489 4184 2597 4229 etc.
2652 4173 2748 4228 llis
2782 4173 2964 4229 verbis
2997 4174 3256 4227 utendum
3308 4187 3436 4243 erga
3473 4186 3660 4226 sacer-

2076 4268 2235 4322 dotes
2266 4268 2468 4337 quibus
2518 4267 2833 4338 nequissimi
2859 4268 3004 4322 servi
3038 4264 3378 4321 ministrant.

464 4357 575 4413 Τοῦ
595 4330 1023 4426 ἐξολοθρεῦσαι
1049 4356 1119 4410 ἐκ
1166 4357 1418 4425 πόλεως,
1452 4376 1507 4412 κ.
1632 4359 1681 4415 ὲ.
1714 4358 1829 4413 Νῦν
1871 4360 1968 4413 πό-

2151 4330 2314 4415 Visus.
2344 4360 2397 4414 8.
2434 4359 2502 4415 Ut
2528 4330 2880 4431 dis-perderem
2918 4360 2985 4415 de
3007 4360 3241 4424 civitate,
3263 4367 3373 4414 etc.
3397 4356 3510 4411 Hoc
3533 4354 3661 4411 loco

386 4450 470 4505 λιν
499 4452 705 4522 Κυρίου
749 4450 898 4519 λέγει
951 4450 1051 4521 τὴν
1092 4449 1291 4504 ἑαυτοῦ
1339 4450 1538 4524 ψυχὴν,
1575 4453 1633 4506 ὲν
1761 4454 1971 4519 πάντας

386 4544 677 4599 ἀπέκτεινε
699 4542 993 4614 λογισμοὺς
1023 4543 1395 4615 παρανόμους.

957 4734 1253 4789 ΨΔΛΜΟΣ
1286 4735 1413 4790 PA'.

472 4827 860 4897 Ἠγρύπνησα
888 4827 985 4881 καὶ
1007 4827 1303 4897 ἐγενόμην
1330 4827 1411 4893 ὡς
1438 4830 1759 4896 στρουθίον
1782 4832 1970 4902 μονά-

387 4919 489 4980 ζον
518 4919 618 4973 ἐπὶ
647 4919 889 4989 δώματι,
920 4937 974 4973 κ.
1002 4937 1053 4972 τ.
1090 4920 1136 4973 ὲ.
1175 4919 1343 4973 Οὐδὲν
1377 4918 1504 4974 ἄλλο
1530 4919 1621 4975 τὸν
1649 4921 1775 4976 νοῦν
1798 4922 1971 4989 οὕτως

389 5007 763 5079 ἀπεργάζεται
796 5008 997 5079 κοῦφον
1020 5009 1097 5073 ὡς
1125 5009 1421 5079 ἀγρυπνία.

466 5100 595 5153 ’Ότι
627 5100 864 5155 σποδὸν
891 5100 1035 5154 ὡσεὶ
1070 5100 1253 5168 ἄρτον
1276 5101 1504 5170 ἔφατον
1528 5140 1543 5166 ,
1576 5104 1676 5156 καὶ
1702 5103 1767 5157 τὸ
1808 5106 1971 5175 πόμα

383 5209 503 5261 μου
547 5191 700 5260 μετὰ
742 5191 1053 5261 κλαυθμοῦ
1085 5192 1375 5260 ἐκίρνων,
1411 5209 1465 5245 κ.
1499 5209 1548 5245 τ.
1585 5192 1632 5247 ὲ.
1687 5194 1973 5265 Χρήσιμον

388 5284 449 5338 τὸ
476 5284 638 5355 ῥητὸν
666 5284 801 5355 πρὸς
828 5285 953 5347 τοὺς
977 5284 1128 5356 παρὰ
1150 5284 1240 5339 τὸν
1266 5285 1454 5355 καιρὸν
1480 5286 1575 5339 τοῦ
1598 5285 1762 5340 πότου
1790 5286 1972 5352 αὐλοῖς

390 5381 485 5433 καὶ
503 5379 672 5449 ᾠδαῖς
695 5380 1083 5451 τερπομένους.

461 5472 634 5543 Κάγὼ
680 5472 823 5527 ὡσεί
873 5473 1086 5543 χόρτος
1120 5472 1459 5542 ἐξηράνθην
1480 5492 1494 5506 ·
1543 5475 1625 5531 σὺ
1653 5476 1742 5545 δὲ,
1772 5478 1970 5545 Κύριε,

390 5559 476 5625 είς
508 5558 615 5612 τὸν
642 5557 828 5613 αἰῶνα
872 5557 1109 5627 μένεις,
1165 5576 1217 5612 κ.
1252 5576 1301 5614 τ.
1343 5560 1389 5612 ὲ.
1452 5560 1592 5629 Ἐγὼ
1650 5562 1749 5633 μὲν
1811 5562 1977 5633 πρόσ-

466 5716 511 5749 "
546 5715 705 5773 Rom.
740 5732 778 5785 ι,
820 5718 900 5772 I7.
978 5718 1023 5749 ⁷³
1048 5718 1205 5775 Joan.
1239 5734 1335 5788 vtt,
1362 5719 1451 5775 58.

2077 4453 2352 4508 civitatem
2388 4452 2598 4506 Domini
2632 4462 2793 4523 vocat
2833 4452 3073 4506 animam
3107 4466 3301 4513 suam.
3331 4448 3386 4505 in
3422 4463 3529 4520 qua
3574 4447 3654 4501 iu.-

2079 4543 2389 4603 terlieiebat
2416 4559 2607 4601 omnes
2640 4560 2925 4615 perversas
2957 4544 3339 4614 cogitationes.

2644 4731 2976 4789 PSALMUS.
3004 4730 3099 4786 Cl.

2150 4833 2319 4888 Vsus.
2349 4830 2404 4887 8.
2444 4827 2673 4899 Vigilavi
2722 4837 2769 4881 et
2805 4826 2979 4895 factus
3007 4840 3130 4879 sunt.
3150 4825 3287 4877 sicut
3317 4840 3503 4893 passer
3525 4824 3660 4878 soli-

2079 4926 2251 4979 tarius
2278 4923 2333 4976 in
2363 4930 2518 4985 tecto,
2546 4929 2657 4974 etc.
2686 4916 2841 4972 Nihil
2855 4929 3012 4985 aeque
3040 4921 3274 4969 tuentem
3300 4911 3477 4969 levem
3498 4911 3663 4968 eﬂlcit

2080 5031 2145 5071 ac
2179 5012 2527 5069 insomnium.

2152 5108 2316 5164 Vsus.
2354 5104 2442 5159 lo.
2478 5103 2619 5169 Quia
2651 5116 2879 5156 cinerem
2918 5108 3171 5169 tanquam
3204 5112 3391 5168 pauens
3417 5096 3661 5150 'maudu-

2080 5199 2265 5253 cubans
2292 5236 2309 5262 ,
2354 5206 2401 5250 et
2432 5208 2615 5265 potum
2654 5208 2829 5247 meum
2863 5207 2983 5246 cum
3027 5192 3157 5262 ﬂetu
3193 5190 3473 5244 miscebant
3500 5227 3517 5253 ,
3548 5196 3661 5241 etc.

2083 5288 2225 5345 Utile
2253 5289 2353 5342 hoc
2382 5286 2545 5341 fuerit
2572 5295 2761 5339 contra
2791 5299 2889 5340 eos
2918 5284 3013 5355 qui
3044 5293 3290 5352 tempore
3320 5278 3561 5337 convivii
3591 5279 3661 5332 ti-

2082 5381 2187 5439 biis
2224 5389 2279 5433 et
2306 5379 2547 5434 canticis
2568 5377 2926 5432 delectantur.

2152 5472 2311 5542 78],
2348 5469 2507 5526 Vsus.
2539 5470 2627 5537 1‘2,
2663 5469 2749 5523 l3.
2784 5468 2853 5522 Et
2880 5484 2976 5538 ego
3021 5466 3156 5520 sicut
3189 5464 3368 5533 fenum
3408 5460 3549 5515 arui.
3583 5458 3663 5514 Tu

2080 5573 2278 5632 autem,
2307 5563 2547 5629 Domine,
2574 5563 2629 5615 in
2657 5571 2911 5616 wternum
2942 5573 3232 5625 permanet,
3261 5564 3368 5612 elc.
3405 5553 3516 5624 Ego
3541 5552 3662 5621 qui.-
