4106 6450
435 349 560 405 1561

511 464 575 519 't)
604 467 789 519 ποιῶν
823 467 961 532 τοὺς
993 467 1286 536 ἀγγέλους
1321 470 1506 522 αὑτοῦ
1539 474 1847 538 πνεύματα
1870 513 1882 534 ,
1917 472 2010 521 καὶ
2042 478 2085 527 Α

429 559 572 623 τοὺς
613 559 999 627 λειτουργοὺς
1048 559 1234 611 αὑτοῦ
1287 561 1476 627 πυρὸς
1510 563 1742 629 φλόγα,
1789 579 1840 613 κ.
1884 579 1933 615 τ.
1965 565 2009 614 ὲ.

430 647 520 715 Τῷ
567 647 665 716 μὲν
733 647 983 718 Ἀϐραάμ
1030 649 1077 700 οἱ
1125 648 1345 716 ἄγγελοι
1379 649 1455 712 ὡς
1487 650 1774 720 πνεύματα
1815 652 2016 722 ἐφάνη-

431 756 532 794 σαν
551 777 565 800 ,
596 741 706 802 τοῖς
729 739 786 792 δὲ
814 739 1134 810 Σοδομίταις
1163 739 1350 810 ὥσπερ
1386 739 1496 810 πῦρ
1532 740 1750 809 φλέγον.

508 825 563 880 '0
586 827 873 896 θεμελιῶν
892 829 1006 896 τὴν
1027 829 1141 898 γῆν
1162 830 1258 881 ἐπὶ
1286 829 1401 897 τὴν
1417 830 1762 899 ἀσφάλειαν
1784 831 1974 899 αὐτῆς
1995 851 2008 863 ο

427 919 501 971 οὐ
525 917 872 984 κλιθήσεται
900 922 987 984 εὶς
1014 919 1121 972 τὸν
1154 918 1337 972 αἰῶνα
1371 921 1476 973 τοῦ
1505 920 1720 987 αἰῶνος
1740 962 1753 986 ,
1796 939 1850 975 κ.
1884 941 1933 974 τ.
1961 926 2008 977 ἑ.

438 1009 498 1064 Ὀ
532 1010 630 1080 μὲν
671 1009 794 1063 Ἰὼϐ
825 1007 945 1063 εἷπε
971 1029 984 1041 ο
1020 1030 1038 1062 ‹
1077 1013 1375 1083 Κρεμάσας
1419 1013 1518 1083 τὴν
1555 1014 1660 1082 γῆν
1710 1016 1803 1067 ἐπὶ
1849 1017 2011 1086 μηδε-

425 1101 556 1164 νός·
594 1120 612 1152 ι
660 1103 688 1153 ὁ
745 1101 801 1154 δὲ
831 1102 1025 1169 Δαυῖδ,
1073 1123 1090 1153 t
1127 1105 1216 1157 ἐπὶ
1256 1103 1351 1173 τὴν
1407 1103 1706 1171 ἀσφάλειαν
1755 1107 1945 1176 αὐτῆς.
1986 1125 2004 1156 s

438 1191 718 1263 Ἐκάτεροι
751 1193 805 1245 δὲ
839 1195 1117 1264 ἀναιροῦσι
1143 1195 1202 1248 τὸ
1229 1193 1368 1247 εἶναι
1399 1195 1562 1267 σῶμά
1606 1214 1657 1249 τι
1699 1197 1881 1268 ἕτερον
1912 1199 2010 1268 βα-

430 1284 625 1347 στάζον
672 1286 842 1358 αὐτὴν
891 1288 1182 1341 ὑποκάτω·
1226 1290 1258 1358 ὴ
1296 1288 1402 1359 γὰρ
1425 1287 1692 1356 ἀσφάλεια
1731 1290 1831 1342 οὐκ
1863 1289 2009 1344 ἔστιν

425 1377 581 1429 οὐσία
611 1418 624 1436 ,
661 1377 796 1431 ἀλλὰ
847 1378 1009 1449 τέχνη
1054 1378 1224 1443 Θεοῦ,
1258 1381 1512 1450 ἀκίνητον
1560 1381 1654 1452 τὴν
1700 1382 1802 1452 γῆν
1837 1385 1895 1435 ἐν
1939 1385 2005 1453 τῇ

428 1470 632 1540 σφαίρᾳ
661 1470 1116 1539 διαφυλάττουσα.

499 1562 806 1626 Ἀϐυσσος
864 1563 944 1626 ὡς
993 1562 1226 1630 ἱμάτιον
1271 1562 1338 1614 τὸ
1385 1565 1763 1630 περιϐόλαιον
1796 1565 2003 1627 αὐτοῦ,

422 1671 473 1705 κ.
501 1672 547 1706 τ.
577 1655 622 1706 ἐ.
651 1654 724 1706 Τὸ
762 1654 1145 1724 ἀκατάληπτον
1188 1654 1288 1724 τῆς
1333 1653 1588 1722 γνώσεως
1626 1654 1719 1707 τοῦ
1755 1655 1888 1707 Θεοῦ
1919 1655 2006 1708 διὰ

418 1743 518 1814 τῆς
551 1744 789 1797 ἀϐύσσου
824 1746 1142 1816 παρίστησι.

502 1837 960 1892 Ἀναϐαίνουσιν
989 1837 1096 1905 ὄρη
1126 1837 1222 1890 καὶ
1255 1837 1683 1890 καταϐαίνουσι
1711 1836 1886 1889 πεδιά
1917 1838 2005 1902 εὶς
2035 1841 2078 1894 Β

417 1932 524 1981 τὸν
556 1930 742 1984 τόπον
762 1929 834 1982 ὃν
849 1930 1248 1998 ἐθεμελίωσας
1267 1929 1500 1995 αὐτοῖς,
1533 1947 1586 1981 κ.
1613 1947 1662 1981 τ.
1689 1930 1734 1980 ὲ.
1761 1928 1999 1997 Λογικάς

414 2039 567 2086 τινας
605 2022 692 2076 διὰ
719 2022 826 2076 τῶν
850 2022 1022 2091 λόγων
1047 2025 1250 2075 τούτων
1275 2022 1572 2075 αἰνίττεται
1604 2021 1815 2090 φύσεις.

490 2117 695 2183 Ὅριον
725 2117 864 2170 ἕθου
900 2116 930 2169 ὃ
958 2117 1030 2170 οὐ
1057 2115 1563 2183 παρελεύσονται,
1600 2133 1654 2169 κ.
1694 2133 1743 2169 τ.
1783 2117 1827 2168 ὲ.
1861 2116 1997 2186 Περὶ

413 2209 522 2262 τῶν
552 2208 919 2279 καταχθονίων
946 2209 1215 2280 δαιμόνων
1238 2206 1413 2262 ταῦτα
1442 2203 1694 2276 λέγεσθαί
1719 2224 1870 2276 φασι.

408 2413 409 2418 η
483 2391 739 2451 Ποτίζὶυν
769 2392 874 2459 ὅρη
928 2391 996 2445 ἐκ
1025 2391 1140 2446 τῶν
1183 2391 1468 2460 ὑπερῴων
1512 2394 1702 2447 αὑτοῦ
1725 2433 1740 2458 ,
1771 2411 1824 2447 κ.
1858 2411 1908 2447 τ.
1944 2396 1996 2450 ἑ.

424 2481 678 2553 ’Υπερῷα
711 2481 845 2534 Θεοῦ
869 2480 1058 2550 φύσεις
1085 2481 1324 2553 καθαραὶ
1350 2483 1664 2548 ποτίζουσαι
1699 2486 1823 2538 τοὺς
1849 2484 1993 2557 ὑψη-

410 2574 531 2627 λοτέ
541 2592 666 2645 ρους
696 2576 760 2644 τῇ
791 2574 1008 2646 καρδίᾳ.

483 2667 968 2736 Χορτασθιξσεται
1017 2666 1090 2720 τὰ
1134 2666 1292 2731 ξύλα
1338 2667 1447 2722 τοῦ
1490 2667 1734 2735 πεδίου,
1771 2685 1826 2720 κ.
1855 2685 1906 2721 τ.
1945 2673 1994 2724 ἑ.

423 2759 480 2814 '0
511 2761 568 2813 δὲ
619 2759 865 2830 Ἐϐραῖος
905 2760 998 2813 καὶ
1038 2763 1086 2813 οἱ
1126 2760 1304 2813 λοιποὶ
1354 2780 1372 2812 t
1403 2760 1497 2814 τοῦ
1528 2761 1734 2832 Κυρίου
1766 2779 1783 2811 ι
1822 2759 1994 2813 τεθεί-

411 2870 588 2906 κασιν.
625 2852 920 2918 Διεξελθὼν
961 2853 1029 2906 τὰ
1081 2853 1370 2924 κάρπιμα,
1422 2852 1734 2920 ἀναγκαίως
1785 2867 1994 2922 μνημο-

410 2944 553 2998 νεύει
581 2945 673 2998 καὶ
705 2944 810 2998 τῶν
839 2947 1103 3016 ἀκάρπων
1127 2984 1142 3009 ,
1177 2946 1252 3008 ὼς
1294 2945 1590 3011 ἀναγκαῖον
1632 2947 1746 3006 τοῖς
1776 2944 1990 3014 ἀνθρώ-

409 3054 532 3101 ποις
580 3037 672 3090 καὶ
712 3035 852 3089 αὐτὰ
892 3035 1238 3105 παρεχόντων
1289 3034 1498 3105 χρείαν.
1544 3033 1644 3086 Διὰ
1693 3033 1850 3086 τοῦτο
1896 3035 1990 3088 καὶ

413 3148 432 3180 t
460 3131 663 3202 Κυρίου
704 3149 721 3180 r
751 3128 888 3181 αὐτὰ
916 3127 1356 3199 προσηγόρευσεν
1377 3167 1391 3192 ,
1426 3127 1502 3190 ὡς
1528 3128 1772 3193 αὑτοφυᾶ
1803 3128 1900 3179 καὶ
1925 3127 1986 3179 ού

1394 345 1705 403 SELECTA
1746 349 1808 404 IN
1851 343 2220 404 PSALBIOSC
2252 381 2298 390 —
2335 350 2529 404 PSAL.
2577 349 2705 404 Clll.

3562 354 3582 411 1
3598 355 3701 410 362

2192 469 2350 524 Vens.
2399 474 2444 524 ί.
2491 474 2592 536 Qui
2634 473 2760 523 Γιιι-ἰδ
2794 473 3004 540 angelos
3037 482 3154 525 tuos
3196 472 3433 540 spiritus,
3468 484 3515 526 et
3551 477 3703 528 mint-

2118 573 2255 614 stros
2291 573 2406 613 tuos
2445 564 2613 631 ignem
2667 573 2895 614 urentem
2922 601 2936 626 ,
2988 572 3093 616 etc.
3139 562 3451 615 Abrahamo
3481 567 3699 632 quidem

2115 651 2289 718 angeli
2340 651 2481 703 sicut
2516 652 2740 716 Spiritus
2787 661 3195 719 :qqiat'uerltut;
3243 652 3536 709 Sodomitis
3575 671 3701 710 vero

2114 741 2252 793 situt
2286 741 2422 809 ignis
2450 743 2669 792 arth-us.

2187 831 2348 884 Vens.
2492 832 2591 895 Qui
2643 834 2883 900 [mutasti
2931 844 3123 886 terram
3169 851 3326 904 super
3355 836 3699 891 stabilitatem

2113 940 2264 977 suam
2291 939 2307 975 :
2339 941 2439 976 non
2472 924 2818 976 inclinabttur
2852 927 2905 978 iu
2944 927 3193 978 sa'culum
3227 929 3427 990 srrculi,
3456 939 3562 982 etc.
3595 928 3699 984 Job

2113 1015 2330 1080 quidem
2371 1014 2566 1066 dixit"'l
2607 1031 2620 1066 :
2661 1032 2678 1064 t
2714 1014 2814 1080 Qui
2866 1019 3123 1083 appendit
3175 1028 3376 1070 terram
3420 1033 3580 1087 super
3608 1019 3692 1072 ui-

2114 1105 2280 1157 hilum
2309 1120 2322 1168 ;
2352 1123 2370 1156 s
2409 1106 2575 1158 David
2610 1117 2813 1172 autern,
2852 1125 2867 1154 ι
2895 1124 3060 1174 super
3091 1107 3440 1163 stabilitatem
3467 1126 3640 1163 suam.
3669 1131 3689 1163 ι

2117 1193 2357 1262 Uterque
2391 1204 2570 1248 autem
2620 1207 2780 1264 negat
2811 1212 2935 1248 esse
2965 1211 3162 1266 corpus
3191 1197 3335 1251 aliud
3377 1200 3514 1267 quod
3549 1200 3692 1253 illam

2110 1285 2252 1340 infra
2287 1287 2572 1339 sustineat.
2617 1287 2901 1340 Slahililas
2933 1289 3078 1340 enim
3119 1304 3224 1341 non
3257 1300 3334 1342 est
3367 1291 3691 1356 substantia,

2107 1379 2201 1431 sed
2237 1394 2327 1432 ars
2360 1377 2479 1443 Dei,
2508 1394 2628 1448 qua:
2656 1379 2986 1432 immobilem
3015 1387 3211 1432 terram
3241 1381 3292 1434 in
3325 1382 3532 1451 sphaera
3564 1399 3694 1437 con-

2107 1483 2307 1526 servat.
2527 1541 2530 1545 _

2186 1563 2354 1619 Vens.
2395 1564 2445 1618 ϐ.
2482 1564 2715 1634 Abyssus
2746 1568 2882 1620 sicut
2913 1569 3273 1622 vestimentum
3303 1579 3524 1622 amictus
3552 1572 3690 1639 ejus,

2107 1667 2212 1711 etc.
2262 1657 2868 1724 lncomprcbensibilem
2919 1660 3206 1714 scientiam
3242 1661 3334 1715 Dei
3380 1675 3476 1729 per
3530 1663 3694 1733 abys-

2107 1767 2223 1804 sum
2255 1752 2477 1804 indicat.

2182 1841 2340 1894 Vens.
2387 1844 2438 1894 8.
2485 1843 2780 1896 Ascendunt
2821 1853 3019 1895 montes
3059 1851 3105 1896 et
3145 1842 3466 1894 descendunt
3518 1842 3688 1906 campi

2108 1937 2161 1989 iu
2194 1936 2366 1988 locum
2396 1951 2546 2004 quem
2593 1935 2832 2003 fundasti
2871 1938 2967 1996 eis,
3001 1947 3108 1991 etc.
3160 1934 3395 1989 Naturas
3425 1937 3686 2004 quasdam

2108 2033 2315 2081 ratione
2347 2027 2600 2095 pra-ditas
2633 2027 2715 2080 his
2753 2027 2935 2082 verbis
2965 2027 3195 2081 indicat.

2177 2117 2342 2171 Vens.
2372 2116 2427 2171 9.
2466 2115 2764 2170 Terminum
2811 2117 3034 2186 posuisti
3068 2134 3219 2186 quem
3270 2133 3375 2170 non
3421 2127 3686 2186 transgre-

2103 2210 2316 2262 dientur
2346 2249 2360 2274 ,
2402 2219 2507 2263 etc.
2534 2207 2660 2263 l-lzec
2713 2208 2864 2262 aiunt
2901 2209 2968 2262 de
2992 2206 3361 2263 subterraneis
3403 2206 3686 2262 daetuoniis

2103 2302 2230 2357 dici.

2180 2393 2341 2450 Vens.
2373 2394 2458 2450 t3.
2494 2393 2689 2463 [ligans
2716 2402 2916 2446 montes
2939 2392 3003 2446 de
3032 2391 3389 2463 superioribus
3413 2391 3545 2457 suis,
3575 2399 3684 2444 etc.

2106 2485 2400 2554 Superiora
2438 2485 2530 2540 Dei
2562 2494 2692 2540 sunt
2729 2493 2933 2538 natura:
2965 2498 3113 2553 purae
3163 2484 3404 2553 rigantes
3435 2483 3682 2539 excelsos

2101 2579 2284 2632 corde.

2177 2669 2340 2725 Vens.
2381 2671 2467 2725 16.
2523 2669 2926 2725 Saturabuntur
2977 2668 3119 2738 ligna
3157 2670 3368 2738 campi,
3415 2679 3522 2723 etc.
3579 2668 3682 2723 lle-

2103 2763 2282 2816 brtnus
2315 2772 2495 2816 textus
2520 2801 2534 2826 ,
2570 2772 2624 2816 et
2657 2761 2848 2829 reliqui
2881 2800 2896 2824 ,
2935 2756 2966 2812 ἰ
2999 2759 3214 2814 Domini
3243 2798 3258 2823 ,
3301 2779 3319 2811 ι
3362 2772 3678 2828 posuerunt.

2100 2854 2395 2924 Postquam
2430 2855 2708 2910 recensuit
2746 2853 3050 2917 fructifera,
3081 2854 3387 2908 necessario
3415 2865 3682 2909 memorat

2099 2950 2262 3000 etiam
2297 2946 2658 3010 infructuosa,
2691 2945 2887 3014 quippe
2935 2959 3056 3013 qua:
3107 2946 3470 3004 necessarium
3505 2948 3680 3001 homi-

2099 3036 2257 3090 nibus
2285 3046 2340 3089 et
2367 3036 2482 3104 ipsa
2516 3034 2791 3104 praebeant
2822 3048 3000 3088 usum.
3056 3031 3350 3102 Propterea
3383 3044 3438 3087 et
3466 3053 3492 3108 _t
3530 3035 3676 3105 ligna

2097 3125 2310 3179 Domini
2337 3129 2500 3194 s-ipsa
2535 3125 2846 3194 appellavit,
2875 3124 3075 3193 quippe
3096 3139 3217 3193 qua:
3246 3136 3438 3192 sponte
3463 3136 3675 3182 natum

406 3223 745 3292 χειρόκμητα
774 3263 787 3286 ,
822 3219 955 3273 ἀλλὰ
996 3218 1072 3289 τῷ
1123 3218 1250 3289 θείῳ
1283 3219 1426 3289 λόγῳ
1467 3219 1879 3288 βλαστήσανταο
1908 3219 1988 3273 διὸ

2100 3220 2440 3288 proveniant,
2466 3233 2562 3271 nec
2590 3233 2750 3270 mam:
2778 3217 3153 3281 elaborentur,
3186 3216 3279 3269 sed
3301 3216 3486 3271 divino
3509 3219 3673 3272 verbc

404 3313 497 3364 καὶ
547 3313 860 3383 ἐπήγαγεν·
910 3331 927 3361 ι
961 3313 1024 3363 Ai
1073 3309 1255 3380 κέδροι
1303 3310 1398 3363 τοῦ
1447 3310 1681 3365 Λιϐάνου
1735 3310 1801 3374 ἃς
1851 3312 1986 3381 ἐφύ-

402 3419 622 3466 τευσας.
661 3423 679 3453 s

479 3494 590 3548 Τοῦ
629 3495 836 3550 αὑτοῦ.
877 3496 1086 3567 Ὥσπερ
1126 3495 1241 3548 ἐστί
1277 3513 1400 3550 τινα
1429 3495 1558 3559 ξύλα
1590 3494 1683 3548 τοῦ
1728 3495 1988 3568 παραδεί-

404 3605 498 3642 σου
521 3629 536 3654 ,
566 3588 710 3641 οὕτω
737 3589 830 3640 καὶ
860 3586 992 3651 ξύλα
1017 3586 1218 3640 πεδίου.

473 3681 664 3749 Πέτρα
700 3679 1012 3750 καταφυγὴ
1047 3678 1172 3745 τοῖς
1213 3662 1685 3748 χοιρογρυλζὶίοις
1710 3718 1724 3742 ,
1757 3696 1813 3732 κ.
1847 3695 1898 3730 τ.
1936 3679 1982 3731 ἑ.

413 3774 470 3828 '0
509 3773 918 3844 χοιρογρυλλίου
955 3771 1094 3841 ἔχων
1136 3770 1471 3824 κατάστασιν
1503 3767 1868 3840 προσφυγέτω
1917 3769 1983 3838 τῇ

402 3868 743 3938 πνευματικῇ
769 3865 946 3936 πέτρᾳ.
971 3866 1036 3934 τῇ
1062 3861 1430 3934 ἀκολουθούσῃ
1461 3863 1518 3915 ὲν
1549 3864 1614 3932 τῇ
1647 3863 1859 3932 ἐρήμῳ,
1892 3859 1986 3912 καὶ

401 3956 694 4028 ποτιζούσῃ
723 3956 814 4008 τὸν
857 3952 1092 4024 Ἰσραήλ.

481 4051 536 4101 '0
566 4048 737 4116 ἣλιος
756 4046 908 4116 ἔγνω
937 4044 1051 4112 τὴν
1069 4044 1249 4096 δύσιν
1265 4040 1472 4107 αὐτοῦ,
1505 4059 1558 4094 κ.
1590 4057 1641 4093 τ.
1667 4041 1710 4092 ἑ.
1757 4039 1813 4092 '0
1835 4038 1984 4108 ἥλιος

400 4143 499 4213 τῆς
522 4139 867 4211 δικαιοσύνης
903 4138 1044 4206 ἔγνω
1076 4136 1170 4189 νῦν
1203 4137 1327 4200 τοὺς
1353 4137 1410 4187 ἐν
1440 4131 1522 4198 οἷς
1553 4133 1640 4186 ἔδυ
1673 4132 1824 4186 ποτέ.

430 4293 436 4298 _
517 4233 850 4287 Ἀνέτειλεν
878 4234 909 4284 ὀ
942 4230 1114 4299 ἥλιος
1164 4229 1262 4282 καὶ
1295 4226 1730 4295 συνήχθησαν,
1765 4241 1817 4278 κ.
1846 4241 1897 4278 τ.
1931 4225 1978 4277 ὲ.

412 4327 498 4380 Ἐν
529 4321 610 4388 οἷς
652 4323 932 4377 ἀνατέλλει
960 4323 988 4375 ὁ
1015 4322 1163 4393 ἣλιος
1206 4320 1306 4390 τῆς
1352 4318 1696 4388 δικαιοσύνης
1718 4357 1732 4381 ,
1766 4319 1823 4370 ἐν
1866 4314 1982 4370 τού-

396 4436 509 4482 τοις
541 4419 632 4472 καὶ
653 4419 708 4470 at
737 4416 925 4470 κακίαι
953 4414 1092 4468 κατὰ
1120 4413 1347 4483 δύναμιν
1378 4412 1732 4481 ὑπάρχουσιν.

489 4510 897 4576 Ἐξελεύσεται
941 4507 1246 4575 ἅνθρωπος
1287 4504 1384 4558 ἐπὶ
1423 4505 1487 4556 τὸ
1537 4504 1713 4571 ἔργον
1767 4501 1974 4564 αὑτοῦ,
2013 4542 2056 4598 D

395 4605 495 4661 καὶ
542 4605 639 4658 ἐπὶ
680 4603 795 4671 τὴν
822 4602 1109 4671 ἐργασίαν
1137 4597 1323 4652 αὑτοῦ
1361 4597 1471 4662 ἕως
1508 4596 1788 4662 ἑσπέρας,
1825 4611 1878 4646 κ.
1928 4611 1977 4646 τ.

396 4699 443 4749 ὲ.
485 4697 684 4766 Ἔργον
712 4692 807 4746 νῦν
836 4691 980 4760 λέγει
1008 4689 1176 4760 αὐτὴν
1208 4688 1304 4758 τὴν
1341 4686 1472 4756 ὓλην
1501 4686 1627 4756 περὶ
1655 4685 1722 4755 ἣν
1753 4688 1786 4755 ἡ
1816 4686 1982 4756 ἐργα-

398 4787 515 4841 σία.⁹
555 4785 818 4857 ἐργασίαν
858 4783 913 4836 δὲ
957 4783 1125 4853 αὐτὴν
1173 4781 1269 4854 τὴν
1321 4779 1516 4850 τέχνην
1565 4777 1662 4848 τὴν
1707 4779 1834 4848 περὶ
1884 4777 1982 4848 τὴν

397 4881 530 4950 ὓλην
560 4876 871 4948 γινομένην.

483 4969 642 5025 Ἐκεῖ
688 4967 904 5036 ἑρπετὰ
952 4961 1039 5019 ὧν
1083 4967 1193 5019 οὐκ
1246 4964 1417 5017 ἔστιν
1460 4962 1725 5030 ἀριθμὸς,
1766 4977 1818 5013 κ.
1852 4977 1901 5013 τ.
1935 4961 1982 5012 ὲ.

395 5064 517 5116 Τῶν
556 5060 799 5132 ἑρπετῶν
838 5057 1140 5128 ἀνθρώπων
1181 5057 1268 5110 διὰ
1308 5056 1406 5126 τὴν
1451 5054 1648 5116 κακίαν
1694 5053 1794 5106 οὐκ
1841 5051 1986 5105 ἔστιν

393 5153 651 5226 ἀριθμός·
689 5172 707 5204 ί
749 5153 805 5204 Ὁ
839 5150 947 5222 γὰρ
994 5149 1262 5221 ἀριθμῶν,
1311 5149 1482 5220 φησὶ,
1528 5147 1706 5218 πλήθη
1747 5147 1983 5217 ἄστρων,

394 5248 489 5300 καὶ
519 5247 684 5298 πᾶσιν
708 5246 894 5307 αὐτοῖς
927 5243 1168 5312 ὀνόματα
1198 5240 1400 5294 καλῶν.
1450 5258 1471 5294 ι

477 5333 838 5400 Ἀντανελεῖς
865 5333 929 5386 τὸ
957 5332 1190 5401 πνεῦμα
1222 5331 1439 5397 αὐτῶν,
1468 5331 1563 5384 καὶ
1598 5329 1976 5399 ἐκλείψὸυσι,

395 5427 491 5481 καὶ
520 5430 602 5492 εὶς
636 5427 741 5480 τὸν
779 5423 930 5494 χοῦν
956 5423 1154 5477 αὐτῶν
1185 5422 1641 5490 ἐπιστερέψουσι,
1676 5439 1728 5473 κ.
1761 5437 1810 5473 τ.
1841 5421 1887 5472 ὲ.
1917 5421 1980 5473 Ol.

393 5519 748 5581 ἐκπίπτοντες
801 5517 892 5569 τοῦ
955 5515 1102 5586 παρὰ
1148 5513 1241 5566 τοῦ
1301 5513 1436 5566 Θεοῦ
1493 5513 1733 5575 δοθέντος
1795 5511 1977 5575 αὐτοῖς

394 5611 696 5680 τικεύματος
729 5610 964 5677 γίνονται
1000 5607 1190 5676 χοϊκοί.

1456 5798 1468 5822 ζ

461 5805 501 5833 ⁷⁷
538 5802 635 5857 Jul)
671 5818 812 5862 xxvr.
855 5801 905 5856 7.
986 5801 1027 5828 ⁷⁸
1061 5798 1180 5854 Psal
1237 5815 1414 5861 (;.\L\‘I,
1456 5798 1495 5863 i.

2102 3311 2432 3378 germinent.
2467 3310 2827 3376 Quamobrem
2859 3309 3025 3364 etiam
3057 3308 3298 3364 addidit:
3339 3325 3358 3361 ι
3387 3309 3552 3366 Cedri
3575 3309 3674 3366 Li-

2089 3402 2216 3456 bani
2250 3418 2385 3471 quas
2420 3402 2691 3471 plautaSti.
2725 3420 2744 3454 ι

2162 3493 2434 3562 Ejusdem.
2469 3492 2935 3560 Quemadmodum
2963 3493 3210 3562 quaedam
3253 3495 3396 3567 ligna
3423 3505 3551 3551 sunt
3579 3511 3672 3567 pa-

2089 3584 2275 3649 radisi,
2306 3586 2384 3638 sic
2418 3585 2582 3638 etiam
2620 3595 2747 3637 sunt
2777 3583 2914 3652 ligna
2951 3585 3147 3654 campi,

2161 3677 2322 3731 Vens.
2350 3677 2435 3731 18.
2471 3674 2634 3728 Petra
2666 3677 2927 3745 refugium
2961 3675 3266 3742 lterinaciis,
3298 3687 3405 3732 etc.
3443 3677 3542 3744 Qui
3575 3678 3670 3731 he-

2090 3769 2283 3822 rinacii
2323 3769 2487 3822 habet
2519 3768 2778 3832 indolem,
2812 3767 3092 3839 confugiat
3131 3771 3198 3823 ad
3234 3770 3535 3838 spiritalem
3569 3783 3660 3839 pe-

2091 3868 2227 3913 tram
2267 3869 2694 3928 conseque-utea:
2728 3859 2779 3912 in
2812 3859 3028 3914 deserto
3059 3870 3114 3915 et
3166 3861 3431 3931 rigantem
3475 3859 3664 3918 Israel.

2159 4039 2322 4093 Vens.
2369 4039 2454 4093 19.
2505 4039 2598 4093 Sol
2649 4041 2886 4108 cognovit
2928 4056 3169 4094 occasum
3211 4058 3388 4107 suum,
3436 4053 3542 4098 etc.
3575 4043 3668 4098 Sol

2078 4131 2306 4204 justitize
2339 4133 2486 4186 novit
2511 4147 2653 4185 nunc
2690 4147 2785 4186 eos
2813 4133 2864 4185 in
2899 4133 3097 4202 quibus
3125 4133 3416 4202 aliquando
3445 4135 3668 4190 occidit.

2157 4226 2318 4281 Vens.
2350 4225 2440 4280 22.
2474 4226 2634 4279 Ortus
2668 4234 2742 4278 est
2779 4226 2882 4290 sol,
2925 4235 2973 4280 et
3006 4227 3310 4295 congregati
3357 4238 3501 4293 sunt,
3555 4237 3661 4284 etc.

2082 4317 2137 4371 ln
2183 4318 2382 4386 quibus
2421 4317 2583 4387 783
2632 4318 2876 4371 exoritur
2931 4316 3008 4370 sol
3045 4317 3318 4387 justitite,
3378 4319 3444 4374 iis
3495 4319 3660 4373 etiam

2083 4409 2299 4461 malitim
2332 4410 2628 4462 secumlmn
2667 4407 2916 4462 virtutem
2953 4410 3161 4462 insunt.

2154 4497 2316 4550 Vens.
2350 4498 2440 4551 9.5.
2477 4496 2651 4548 Exibit
2679 4496 2832 4550 homo
2871 4498 2939 4549 ad
2970 4513 3096 4564 opus
3132 4513 3306 4560 suum,
3342 4507 3388 4550 et
3429 4475 3496 4550 ari
3538 4512 3664 4566 ope-

2093 4592 2348 4642 rationem
2377 4604 2526 4641 suam
2559 4605 2718 4655 usque
2747 4590 2818 4638 ad
2847 4604 3134 4655 vesperum,
3170 4597 3276 4641 etc.
3329 4589 3474 4656 Opus
3521 4603 3663 4642 nunc

2095 4681 2375 4736 materiam
2408 4682 2549 4734 circa
2587 4696 2748 4748 quam
2776 4681 3018 4749 operatio
3055 4688 3334 4744 versatur;
3388 4680 3664 4748 Operatio-

2095 4787 2215 4826 nem
2247 4781 2426 4825 autem
2455 4782 2608 4825 vocat
2638 4781 2807 4824 artem
2841 4785 2960 4839 qua:
2991 4772 3273 4823 materiam
3325 4770 3660 4841 aggreditur.

2162 4955 2325 5011 Vens.
2366 4955 2458 5013 25.
2485 4955 2604 5009 Illic
2639 4957 2846 5022 reptilia
2871 4972 3094 5024 quorum
3130 4971 3235 5008 non
3264 4964 3341 5009 est
3388 4970 3658 5019 numerus,

2090 5057 2197 5103 etc.
2235 5049 2552 5116 ltcpeutium
2583 5049 2860 5101 hominum
2893 5057 3112 5117 propter
3153 5047 3414 5100 malitiam
3443 5062 3547 5100 non
3579 5054 3663 5100 est

2093 5160 2373 5199 numerus.
2404 5163 2423 5196 ι
2461 5144 2560 5211 Qui
2603 5154 2852 5198 Intulerat
2893 5144 3057 5209 enim,
3090 5144 3268 5212 inquit
3308 5142 3369 5204 ⁷⁸,
3421 5141 3657 5194 multitu-

2085 5237 2240 5292 dines
2269 5236 2572 5298 stellarum,
2600 5249 2654 5290 et
2686 5236 2935 5290 omnibus
2966 5236 3045 5290 eis
3071 5235 3288 5288 nomina
3315 5241 3488 5286 vocat.
3530 5250 3548 5282 ι

2157 5328 2320 5383 Vsus.
2348 5328 2438 5385 29.
2471 5329 2691 5398 Auferes
2715 5329 2962 5395 spiritum
3009 5328 3242 5389 illorum,
3293 5333 3341 5377 et
3391 5323 3652 5390 deﬁcient,

2086 5432 2132 5475 et
2168 5421 2218 5474 in
2247 5423 2510 5489 pulverem
2544 5438 2696 5474 suum
2729 5431 3070 5483 revertentur,
3122 5427 3229 5471 etc.
3275 5415 3375 5481 Qui
3410 5415 3592 5466 datum
3631 5433 3660 5472 ει

2091 5515 2199 5568 Deo
2235 5514 2365 5583 ipsis
2394 5513 2643 5581 spiritum
2666 5511 2939 5575 amittunt,
2976 5509 3107 5562 linat
3136 5503 3358 5561 terreni.
