2053 3200
224 157 235 184 Ι
241 156 293 184 565

256 215 339 242 Vens.
355 213 400 242 50.
417 212 525 240 Emitte;
538 213 660 246 spiritum
674 215 785 241 tuum,“
801 211 971 242 creahuutur,
983 216 1006 237 et
1021 214 1044 241 Α

220 261 358 289 renovabis
374 259 468 294 faciem
491 264 579 290 teme,
597 263 651 285 etc.
675 257 761 290 Quam
777 261 889 283 sanctus
911 255 1011 283 Paulus

221 305 451 333 resurrectionem
476 307 578 335 vocat,
599 302 670 330 hanc
694 301 779 328 David
804 300 1009 329 renovationem

221 350 376 386 appellarit.

259 396 339 423 Vsus.
355 393 401 422 52.
419 394 471 427 Qui
497 394 584 429 tangit
606 399 715 427 montes,
741 397 766 420 et
794 393 937 428 fumigant,
956 396 1009 420 etc.

221 441 394 476 Fumigantes
421 444 526 467 montes
550 439 681 474 abjiciunt
711 438 855 469 malitiam,
882 443 1011 474 tangente

221 488 281 515 illos
301 487 361 522 igne
377 486 494 519 spiritali
507 486 553 522 qui
569 487 660 522 jactus
671 491 714 514 est
730 486 757 514 in
773 489 886 514 terram.

257 577 337 603 Vsus.
366 577 412 604 55.
441 576 571 610 Deﬁciunt
595 582 744 610 peccatores
763 583 778 602 (ι
801 580 884 608 terra,
902 581 957 602 elc.
984 573 1011 601 ld

219 627 261 649 est
275 622 415 654 desinant,
434 629 486 649 non
500 621 609 657 quidem
625 621 785 655 subsistere,
803 622 849 648 sed
866 626 927 648 esse
946 627 1011 655 pec-

219 673 339 696 calores.

490 754 651 783 PSALMUS
670 754 738 782 CIV.

255 802 338 830 Vsus.
351 802 380 829 ‘2.
397 801 515 829 Narrate
533 801 621 828 omnia
642 801 776 828 mirabilia
794 801 863 835 ejus,
885 805 940 828 etc.
957 800 1009 835 Qui

218 856 325 876 onmem
349 848 493 875 scientiam
509 847 557 874 Dei
580 847 631 875 sibi
655 847 834 882 comparavit,
852 846 875 874 is
897 854 1011 875 narrare

218 898 309 929 potest
318 894 409 921 omnia
425 892 560 920 mirabilia
572 893 641 928 ejus.

256 939 335 966 γης.
359 939 386 966 4.
414 938 533 971 ριιωνὶιε
557 938 709 971 Dominum,
734 941 789 965 etc.
812 937 864 972 Qui
882 938 1009 966 mandata

218 984 264 1011 Dei
280 984 449 1019 exsequitur,
463 984 507 1011 hic
521 984 617 1019 quaerit
633 990 707 1010 eum.

253 1030 316 1057 lam.
334 1029 452 1062 Quterite
467 1029 561 1064 faciem
579 1029 636 1064 ejus
651 1036 763 1063 semper,
785 1033 840 1056 etc.
860 1027 937 1056 Hanc
965 1028 1002 1056 fa-

217 1074 286 1102 ciem
299 1082 422 1110 quaerere
432 1082 482 1103 nos
491 1075 578 1110 jubet,
590 1082 672 1110 quam
684 1075 772 1110 angeli
785 1082 893 1110 semper
905 1075 1006 1103 vident.

254 1164 334 1191 Vrsas.
352 1165 377 1192 6.
395 1165 489 1192 Semen
502 1165 635 1192 Abraham
650 1166 715 1192 servi
737 1165 803 1199 eius,
828 1171 880 1193 etc.
908 1165 957 1199 Qui
973 1173 1007 1193 ex

215 1219 319 1239 ςιτιιιιιιο
333 1217 395 1238 sunt
410 1212 535 1243 Abt-aha},
548 1212 648 1238 virtute
662 1217 724 1239 sunt
739 1212 829 1239 electi.

253 1258 333 1284 Vens.
348 1257 373 1284 8.
389 1257 490 1284 Mentor
512 1258 605 1291 fuitin
628 1258 756 1284 saxulum
783 1258 931 1285 testamenti
953 1258 1006 1289 sui,

216 1304 286 1330 verbi
301 1305 371 1338 quod
390 1304 525 1331 mandavit
540 1304 568 1330 in
582 1304 654 1330 mille
665 1303 857 1337 generationes,
869 1308 923 1330 etc.
936 1302 1008 1329 Mille

217 1350 405 1383 generationes
434 1349 479 1375 alii
505 1349 616 1383 quidem
642 1349 773 1383 plurimas
801 1349 888 1382 ipsum
915 1349 1006 1375 dicere

216 1395 406 1428 generat‘oues
430 1399 569 1429 putarunt,
596 1394 640 1422 alii
663 1402 727 1422 vero
743 1402 789 1422 cas
805 1402 866 1429 qua:
887 1395 938 1421 hoc
956 1402 1006 1420 nu-

217 1448 292 1467 tnero
308 1441 509 1468 describuntur.

251 1486 333 1515 Vens.
348 1489 390 1514 Η.
415 1487 508 1514 Diceris
525 1495 534 1514 :
552 1487 609 1514 Tibi
634 1487 703 1514 dabo
731 1492 827 1513 terram
858 1486 1003 1518 Chanaan,

215 1533 363 1567 funiculum
378 1534 541 1561 Ittcrerlitatis
558 1539 659 1566 vestrm,
674 1539 728 1561 etc.
749 1534 821 1560 Ante
837 1534 939 1560 Christi
958 1533 1005 1560 ad-

215 1585 325 1606 ventum
341 1581 446 1608 animas
465 1586 574 1609 nostras
590 1582 765 1617 possidebant
779 1580 939 1608 Chananzei.
955 1588 1004 1608 nec

215 1626 339 1652 sinebant
355 1634 404 1653 nos
419 1626 523 1654 fructus
541 1628 675 1662 spiritales
692 1627 774 1655 ferre.

253 1671 332 1699 Vsus.
349 1672 391 1699 Η.
406 1672 468 1699 Non
482 1674 586 1708 reliquit
601 1674 731 1700 hominem
760 1682 853 1700 nocere
873 1681 921 1706 eis,
949 1678 1006 1701 etc.

216 1716 283 1744 liinc
302 1719 493 1752 cognoscimus
509 1719 542 1747 iis
557 1720 655 1754 quibus
680 1723 778 1747 nocent
799 1719 934 1751 homines,
950 1718 1005 1745 Deo

214 1764 367 1795 deserente,
387 1766 490 1792 noceri.

249 1810 332 1845 784
350 1809 431 1838 Vens.
467 1811 511 1838 l5.
529 1810 620 1837 Nolite
651 1815 757 1843 tangere
785 1811 898 1837 christos
923 1819 1004 1842 meos,

214 1860 266 1882 etc.
280 1855 311 1881 lli
324 1856 419 1882 chrisli
437 1856 483 1890 qui
496 1856 599 1882 Christi
618 1860 681 1883 sunt
707 1856 864 1890 participes,
879 1856 1005 1883 dit-untur

214 1900 326 1933 Christi;
342 1900 468 1928 Christus
482 1909 547 1928 vero
562 1901 648 1928 Patris
659 1901 796 1935 particeps
812 1902 913 1928 dicitur
924 1902 1005 1929 Chri~

214 1951 284 1973 stus.
304 1947 441 1974 Christum
467 1955 532 1975 vero
547 1947 690 1974 Dominum
716 1947 778 1974 dico
804 1948 848 1981 qui
870 1955 932 1974 cum
956 1948 1003 1974 Dei

215 1992 304 2019 Verbo
318 1994 435 2020 advenit.

250 2039 332 2066 Vens.
357 2039 403 2066 24.
420 2039 454 2066 Et
485 2040 599 2074 [intravit
615 2048 674 2067 eum
698 2048 775 2074 super
797 2040 917 2067 inimicos
933 2040 1002 2074 ejus,

213 2091 266 2112 etc.
282 2085 391 2118 Absque
403 2085 502 2112 virtute
517 2092 544 2113 et
558 2086 671 2113 scientia
697 2086 742 2113 Dei
758 2093 838 2114 nemo
854 2086 900 2113 ﬂet
916 2086 1003 2113 hosti-

213 2130 263 2158 bus
280 2131 416 2165 superiOr.

252 2175 331 2203 Vens.
358 2176 403 2203 51.
421 2176 507 2209 Dixit,
534 2181 559 2204 et
576 2177 645 2204 venit
662 2177 813 2212 cynomyia,
838 2182 893 2205 etc.
910 2177 1001 2212 Cyno-

215 2221 315 2256 myiam
335 2222 438 2249 Hebraei
456 2222 668 2257 interpretantur
689 2223 890 2250 multitudinem
912 2222 1002 2249 omnis

213 2269 321 2301 generis
351 2269 499 2303 agrestium
528 2274 557 2296 et
581 2270 785 2298 ('al‘tliVOI'OI'IIIII
817 2268 1001 2300 animalium;

212 2313 299 2341 Graeci
321 2321 384 2341 vero
406 2315 576 2350 cynomyiam
593 2316 687 2343 dicunt
707 2316 783 2344 canis
799 2315 926 2343 latrantis
944 2322 1003 2341 lllll-

214 2368 257 2386 5(‘8
262 2367 298 2387 m.

251 2405 331 2432 Vnus.
346 2405 389 2433 35.
407 2406 440 2433 Et
458 2408 585 2441 percussit
600 2407 689 2435 vineas
709 2415 810 2440 eorum,
824 2412 878 2435 etc.
899 2407 937 2434 De
961 2406 1002 2433 vi~

214 2459 262 2478 nea
276 2451 347 2478 enim
362 2451 542 2479 Sodomorum
555 2459 634 2481 erant
658 2453 743 2480 vinea:
756 2460 865 2485 eorum,
890 2458 918 2480 et
943 2460 1002 2480 sar-

213 2502 303 2523 menta
320 2504 414 2524 eortnn
431 2506 463 2525 ex
476 2498 628 2526 Gomorrha
639 2500 675 2527 το.

249 2542 330 2572 Vens.
355 2543 502 2577 54.0125”,
526 2550 551 2572 et
579 2545 648 2572 venit
673 2545 789 2578 locrtsta,
813 2549 868 2574 etc.
884 2545 1001 2573 Locusta

213 2588 270 2615 haec
287 2589 406 2617 comedit
419 2597 511 2617 semen
527 2590 639 2617 malum.

489 2680 648 2709 PSALMUS
667 2681 723 2710 CV.

247 2724 329 2753 Vens.
347 2725 374 2753 8.
391 2725 424 2753 Et
442 2726 554 2754 saluauit
568 2735 611 2754 eos
628 2732 735 2762 propter
757 2736 851 2754 nomen
873 2736 960 2760 suum,
975 2734 1001 2755 ut

213 2776 301 2798 notam
314 2772 412 2806 faceret
426 2773 570 2806 potentiam
586 2782 672 2807 suam,
685 2777 737 2802 etc.
754 2773 899 2809 Propterea
913 2774 1001 2802 salvat

250 2854 271 2870 ⁷⁹
286 2856 364 2884 Deut.
383 2865 468 2893 xxxii,
484 2860 528 2889 52.

930 150 972 178 EX
988 149 1139 179 ORICENE

1789 153 1860 181 1564

1100 209 1331 243 Ἐξαποστελεῖς
1347 210 1381 237 τὸ
1392 209 1511 244 πνεῦμά
1526 218 1595 243 σου,
1610 210 1659 238 καὶ
1674 210 1858 245 κτισθήσωε-

1063 264 1120 286 ται,
1136 256 1186 282 καὶ
1201 255 1390 288 ἀωκαινιεῖς,
1401 255 1435 282 τὸ
1457 255 1618 289 πρόσωπον
1631 256 1686 291 τῆς
1701 256 1766 292 γῆς,
1784 265 1811 283 κ.
1829 264 1857 284 τ.

1063 301 1086 326 ὲ.
1104 300 1156 326 Ἢν
1180 299 1286 332 Παῦλος
1304 300 1318 326 ὸ
1334 299 1411 334 ἅγιος
1429 300 1606 333 ἐξανάστασιν
1631 302 1737 337 εἴρηκε,
1751 299 1857 336 ταύτην

1063 344 1145 371 Δαυτδ
1159 343 1357 380 άνακαινισμὸν
1374 344 1605 381 προσηγόρευσεν.

1105 390 1132 416 '0
1146 390 1314 425 ἁπτόμενος
1335 389 1394 417 τῶν
1412 390 1514 424 ὀρέων,
1537 390 1586 417 καὶ
1611 389 1812 422 καπνίζονται,
1823 398 1852 418 κ.

1063 441 1089 460 τ.
1108 434 1132 460 ὲ.
1159 433 1199 460 Τὰ
1221 433 1406 469 καπνιζόμενα
1429 434 1480 470 ὅρη
1499 434 1646 461 ἀποϐάλλει
1669 434 1718 471 τὴν
1744 434 1856 468 κακίαν,

1064 480 1216 515 ἁπτομένου
1239 480 1328 507 αὐτῶν
1344 480 1391 507 τοῦ
1414 480 1600 516 πνευματικοῦ
1618 480 1704 517 πυρὸς
1723 480 1772 507 τοῦ
1791 479 1857 517 βλη-

1060 526 1153 558 θέντος
1171 526 1219 552 ὲπὶ
1233 525 1283 562 τὴν
1298 526 1361 561 γῆν.

1102 572 1315 599 Ἐκλειποισαν
1328 571 1494 606 ἁμαρτωλοὶ
1508 571 1568 599 ἀπὸ
1591 571 1647 606 τῆς
1662 571 1730 606 γῆς,
1744 580 1772 598 κ.
1787 578 1813 599 1.
1828 570 1854 599 ι.

1060 617 1129 653 Οὐχὶ
1145 618 1182 653 μὴ
1199 617 1332 653 ὑπάρχειν
1345 618 1456 650 αὐτοὺς,
1468 617 1539 645 ἀλλὰ
1557 618 1595 654 μὴ
1609 618 1742 653 ὑπάρχειν
1755 617 1854 649 αὐτοὺς

1061 662 1251 699 ἁμαρτωλούς.

1347 752 1494 779 ΨΔΛΜΟΣ
1516 752 1574 779 ΡΔ¹.

1096 797 1285 832 Διηγήσασθε
1297 797 1396 824 πάντα
1409 797 1445 825 τὰ
1457 798 1608 833 θαυμάσια
1620 799 1725 831 αὑτοῦ,
1740 808 1767 826 κ.
1787 808 1814 827 τ.
1829 802 1857 828 ὲ.

1066 843 1096 870 '0
1107 844 1278 878 κτησάμενος
1287 843 1377 870 πᾶσαν
1384 842 1434 879 τὴν
1444 843 1544 878 γνῶσιν
1555 843 1605 880 τὴν
1619 844 1666 871 τοῦ
1686 844 1765 877 Θεοῦ,
1777 841 1856 877 οὗτος

1060 889 1173 916 δύναται
1188 889 1340 924 διηγεῖσθαι
1354 889 1442 916 πάντα
1456 889 1490 916 τὰ
1502 889 1642 925 θαυμάσια
1653 890 1746 918 αὐτοῦ.

1095 934 1253 969 Ζητήσατε
1275 934 1329 961 τὸν
1345 934 1466 969 Κύριον,
1487 943 1516 962 κ.
1537 944 1564 962 1.
1589 936 1613 963 ἐ.
1637 936 1666 963 '0
1683 936 1732 969 τὰς
1745 936 1856 969 ἐντολὰς

1059 981 1145 1008 ποιῶν
1160 980 1208 1008 τοῦ
1222 980 1303 1013 Θεοῦ,
1323 976 1401 1013 οὗτος
1420 981 1498 1016 ζητεῖ
1511 982 1603 1010 αὐτόν.

1094 1026 1249 1061 Ζητήσατε
1264 1028 1297 1054 τὸ
1312 1028 1477 1062 πρόσωπον
1491 1028 1585 1055 αὐτοῦ
1599 1027 1772 1062 διαπαντὸς,
1783 1037 1812 1056 κ.
1827 1037 1855 1056 τ.

1059 1073 1083 1100 ὲ.
1099 1072 1185 1099 Τοῦτο
1198 1072 1272 1107 λέγει
1285 1073 1317 1099 τὸ
1331 1073 1476 1109 πρόσωπον
1490 1073 1580 1110 ζητεῖν
1595 1075 1679 1110 ἡμᾶς,
1691 1075 1759 1112 ὅπερ
1768 1075 1792 1101 οἱ
1806 1075 1857 1110 ἄγ-

1059 1119 1134 1153 γελοι
1150 1118 1278 1153 βλέπουσι
1289 1119 1444 1151 διαπαντός.

1094 1166 1215 1199 Σπέρμα
1232 1166 1354 1199 Ἀϐραὰμ
1376 1165 1480 1193 δοῦλοι
1506 1166 1611 1199 αὐτοῦ,
1628 1175 1654 1193 κ.
1674 1176 1699 1195 τ.
1718 1167 1742 1194 ὲ.
1757 1167 1789 1194 0i
1806 1166 1856 1194 τοῦ

1059 1210 1214 1245 σπέρματος
1225 1211 1299 1242 ὄντες
1308 1211 1355 1237 τοῦ
1369 1211 1504 1248 Ἀϐραὰμ,
1516 1212 1629 1248 δυνάμει
1642 1213 1710 1240 εἰσὶν
1720 1213 1858 1242 ἐκλεκτοί.

1100 1254 1252 1288 Ἐμνήσθη
1265 1257 1308 1287 εἰς
1319 1256 1373 1282 τὸν
1382 1256 1475 1283 αἰῶνα
1485 1256 1632 1292 διαθήκης
1644 1258 1749 1290 αὐτοῦ,
1760 1259 1856 1293 λόγου

1057 1297 1093 1326 οὗ
1107 1299 1274 1326 ἐνετείλατο
1290 1301 1333 1333 εἰς
1352 1302 1452 1335 χιλίας
1464 1301 1580 1336 γενεὰς,
1598 1311 1626 1330 κ.
1647 1312 1674 1330 1.
1695 1303 1720 1330 ὲ.
1739 1303 1796 1335 Τὰς
1817 1312 1858 1339 χι-

1058 1345 1119 1377 λίας
1133 1345 1229 1379 γενεὰς
1244 1346 1268 1372 οἱ
1291 1346 1340 1381 μὲν
1358 1346 1408 1378 τὰς
1428 1347 1530 1380 πολλὰς
1550 1348 1632 1376 αὐτὸν
1648 1348 1738 1383 λέγειν
1757 1349 1856 1384 γενεὰς

1058 1391 1198 1426 ἐνόμισαν,
1214 1392 1238 1418 οἱ
1252 1392 1280 1419 δὲ
1294 1392 1343 1425 τὰς
1357 1393 1409 1419 ὑπὸ
1422 1393 1517 1421 τούτου
1528 1394 1576 1421 τοῦ
1587 1394 1704 1431 ἀριθμοῦ
1721 1404 1857 1432 περιγρα-

1023 1437 1043 1465 C
1061 1438 1193 1474 φομένας.

1092 1484 1208 1519 Λέγων·
1226 1485 1275 1512 Σοὶ
1290 1485 1376 1512 δώσω
1390 1486 1447 1520 τὴν
1460 1486 1520 1522 γῆν
1540 1487 1673 1519 Χαναὰν,
1688 1487 1857 1523 σχοινισμα

1057 1530 1259 1565 κληρονομίας
1283 1530 1384 1565 ὑμῶν,
1409 1540 1436 1558 κ.
1459 1541 1485 1559 1.
1507 1532 1530 1559 ὲ.
1548 1532 1607 1569 Πρὸ
1630 1533 1680 1568 τῆς
1705 1532 1856 1569 ἐπιδημίας

1056 1575 1175 1610 Χριστοῦ
1188 1577 1211 1602 οἱ
1230 1577 1378 1604 Χαναναῖοι
1400 1578 1525 1614 κατεῖχον
1541 1578 1620 1614 ἡμῶν
1632 1579 1682 1611 τὰς
1700 1578 1799 1615 ψυχὰς,
1816 1580 1855 1616 μῆ

1057 1620 1156 1653 ἐῶντες
1172 1622 1246 1657 ἡμᾶς
1260 1624 1383 1658 καρποὺς
1403 1624 1530 1660 ἐκφέρειν
1544 1624 1756 1660 πνευματικούς.

1093 1668 1153 1694 Οὐκ
1172 1668 1291 1702 ἀφῆκεν
1307 1669 1464 1703 ἄνθρωπον
1483 1669 1627 1704 ἀδικῆσαι
1643 1670 1766 1704 αὐτοὺς,
1780 1679 1807 1697 κ.
1826 1680 1852 1698 τ.

1056 1712 1079 1739 ὲ.
1104 1713 1243 1741 Ἐντεῦθεν
1256 1714 1438 1750 γινώσκομεν,
1454 1716 1494 1743 ὅτι
1508 1716 1532 1742 οἱ
1551 1715 1723 1752 ἀδικούμενοι
1741 1716 1794 1743 ὑπὸ
1805 1717 1854 1744 ἀν-

1056 1758 1172 1794 θρώπων
1188 1760 1248 1787 κατ’
1260 1761 1453 1796 ὲγκατάλειψιν
1468 1761 1623 1789 ἀδικοῦνται
1636 1762 1717 1790 Θεοῦ.

1092 1803 1140 1837 Μὴ
1157 1804 1287 1831 ἅπτεσθε
1314 1805 1374 1832 τῶν
1393 1805 1526 1840 χριστῶν
1544 1815 1615 1841 μου,
1636 1815 1664 1833 κ.
1679 1814 1706 1833 1.
1727 1805 1752 1832 ὲ.
1773 1802 1854 1833 Οὗτοι

1055 1849 1080 1875 οἱ
1096 1849 1201 1884 χριστοὶ
1212 1850 1330 1885 Χριστοῦ
1349 1851 1507 1886 μετέχοντες
1521 1850 1645 1886 λέγονται
1664 1852 1783 1887 χριστοί·
1795 1852 1810 1878 ὁ
1824 1851 1855 1879 δδ

1057 1894 1173 1929 Χριστὸς
1185 1894 1232 1920 τοῦ
1250 1894 1356 1931 Πατρὸς
1376 1895 1497 1931 μετέχων
1519 1895 1627 1930 λέγεται
1647 1894 1774 1931 Χριστός.
1786 1895 1856 1931 Χρι-

1057 1940 1119 1965 στὸν
1135 1939 1163 1965 δέ
1177 1948 1249 1975 φημι
1261 1940 1307 1966 τὸν
1323 1940 1393 1975 μετὰ
1407 1940 1454 1967 τοῦ
1466 1940 1534 1968 Θεοῦ
1547 1941 1634 1975 Λόγου
1645 1941 1855 1977 ἐπιδημήσαντα

1056 1985 1169 2021 Κύριον.

1090 2031 1145 2057 Kal
1159 2031 1361 2065 ἐκρατηὶωσεν
1378 2031 1472 2059 αὐτὸν
1485 2031 1562 2067 ὑπὲρ
1576 2031 1648 2065 τοὺς
1658 2030 1786 2067 ἐχθροὺς
1798 2032 1854 2058 αὺ-

1055 2076 1120 2107 τοῦ,
1138 2084 1165 2102 κ.
1182 2084 1208 2102 τ.
1231 2077 1254 2102 ὲ.
1270 2076 1361 2111 Χωρὶς
1378 2077 1478 2112 ἀρετῆς
1497 2077 1544 2103 καὶ
1562 2076 1691 2111 γνώσεως
1711 2075 1779 2103 Θεοῦ
1802 2076 1853 2102 οὐκ

1017 2110 1043 2140 Ῑ)
1056 2122 1088 2148 ἄν
1104 2130 1145 2153 τις
1162 2121 1265 2155 γένοιτο
1278 2110 1332 2148 τῶν
1349 2110 1454 2158 ellipth
1471 2110 1655 2159 ἰσχυρότερος.

1090 2166 1164 2193 Eine
1179 2167 1227 2194 καὶ
1241 2165 1315 2202 ἦλθε
1326 2169 1484 2202 κυνάμυια,
1500 2177 1527 2195 κ.
1542 2178 1567 2195 1.
1585 2170 1609 2195 ὲ.
1626 2168 1683 2205 Τὴν
1702 2168 1853 2204 κυνόμυιαν

1054 2213 1079 2239 oi.
1107 2213 1225 2248 Ἑϐραῖοι
1250 2214 1432 2250 ὲρμηνεύουσι
1455 2215 1555 2250 πλῆθος
1584 2216 1727 2251 πάμμιγον
1747 2216 1852 2253 ἀγρίων

1055 2260 1102 2286 καὶ
1120 2260 1294 2296 σαρκοϐόρων
1311 2261 1413 2297 οηρίων
1423 2270 1430 2276 ·
1447 2261 1472 2288 οἱ
1488 2261 1516 2288 δὲ
1530 2261 1660 2298 Ἕλληνες
1675 2262 1784 2297 λέγουσι
1803 2272 1852 2290 κυ-

1054 2305 1169 2340 νόμυιαν
1183 2306 1231 2342 τὴν
1245 2307 1292 2333 τοῦ
1309 2306 1389 2339 κυνὸς
1404 2307 1451 2333 τοῦ
1468 2307 1647 2341 ὑλακτοῦντος
1662 2310 1754 2344 μυῖαν.

1090 2407 1144 2434 Καὶ
1159 2407 1288 2440 ἐπάταξε
1314 2410 1366 2444 τὰς
1375 2409 1530 2446 ἀμπέλους
1538 2411 1653 2443 αὐτῶν,
1665 2418 1693 2437 κ.
1711 2418 1736 2438 τ.
1759 2410 1783 2437 ὲ.
1803 2411 1852 2438 Ἐκ

1054 2451 1107 2488 γὰρ
1123 2453 1245 2487 ἀμπέλου
1262 2453 1387 2488 Σοδόμων
1410 2451 1480 2488 ἦσαν
1504 2454 1533 2480 αἱ
1552 2454 1669 2490 ἄμπελοι
1684 2454 1785 2488 αὐτῶν,
1803 2456 1853 2482 καὶ

1053 2498 1082 2523 αἱ
1098 2497 1261 2532 κληματίδες
1277 2498 1366 2525 αὐτῶν
1382 2499 1414 2525 ὲκ
1429 2499 1580 2535 Γομόρῤας.

1090 2541 1175 2576 Εἶχε,
1195 2544 1244 2571 καὶ
1259 2543 1353 2579 ἦλθεν
1367 2545 1462 2579 duplo,
1488 2554 1515 2573 κ.
1533 2554 1558 2573 1.
1578 2547 1602 2574 ἑ.
1626 2546 1658 2573 Ἦ
1674 2546 1756 2583 ἀκρὶς
1779 2547 1851 2585 αὕτη

1059 2590 1196 2616 κατεσθίει
1214 2590 1244 2617 τὸ
1261 2591 1373 2626 σπέρμα
1388 2591 1419 2618 τὸ
1431 2592 1560 2628 πονηρόν.

1338 2684 1484 2711 ἸἊΛΜΟΣ
1499 2685 1561 2712 PE’.

1090 2728 1144 2756 Καὶ
1158 2728 1275 2756 ἔσωσεν
1288 2730 1510 2762 αὐτοὺςὲνεκεν
1522 2730 1576 2757 τοῦ
1585 2730 1731 2765 ὀνόματος
1744 2733 1851 2765 αὑτοῦ,

1055 2775 1107 2802 τοῦ
1125 2775 1266 2810 γνωρίσαι
1284 2775 1340 2810 τὴν
1356 2775 1540 2804 δυναστείαν
1553 2776 1658 2811 αὐτοῦ,
1674 2785 1701 2804 κ.
1717 2785 1742 2805 τ.
1758 2777 1785 2806 ἑ.
1801 2778 1852 2807 Διὰ
