4106 6456
366 369 508 427 1565

1363 361 1677 426 δΕιΕεΤΑ
1716 371 1782 427 ΙΝ
1822 371 2163 430 PSALMOS.
2199 403 2271 418 -
2306 374 2499 430 PSAL.
2541 374 2676 431 CVI.

3498 382 3635 438 i566

361 487 522 542 τοῦτο
565 485 725 552 σώζει
774 490 921 559 ἡμᾶς
963 488 992 540 ὁ
1042 491 1268 561 Κύριος,
1309 488 1397 545 ἵνα
1436 493 1635 569 γνῶσιν
1687 497 1817 568 ἡμῖν
1854 497 1941 569 τῆς

2058 512 2154 552 nos
2184 498 2443 554 Dominus
2495 509 2554 553 ut
2606 497 2968 571 cognitionem
3021 500 3178 557 nobis
3223 503 3473 572 potenti-.e
3519 519 3634 560 suae

358 579 682 643 δυναστείας
707 581 878 634 αὑτοῦ
903 581 1218 653 χαρίσηται.

432 667 539 738 Εἷς
556 672 626 736 ἐξ
658 672 856 726 αὐτῶν
887 676 1000 742 οὐχ
1030 675 1384 744 ὑπελείφθη,
1416 694 1470 731 κ.
1503 694 1554 730 τ.
1590 678 1636 730 ἐ.
1670 679 1954 750 Μακάριος

360 755 542 829 οὗτος,
569 759 614 834 ᾧ
642 765 828 836 μηδεὶς
853 765 964 820 τῶν
999 766 1210 838 ἐχθρῶν
1239 767 1607 824 ὑπολείπεται.

443 859 566 926 Οὐχ
605 857 936 927 ὑπέμειναν
965 857 1079 926 τὴν
1099 859 1345 928 ,ϐουλὴν
1375 861 1584 927 αὐτοῦ,
1617 863 1711 914 καὶ
1743 862 1955 916 ἐπεθύ-

359 965 570 1021 μησαν
593 949 917 1018 ἐπιθυμίαν
943 951 1012 1003 ἐν
1041 948 1113 1018 τῇ
1139 952 1356 1021 ἐρήμῳ,
1402 971 1457 1006 κ.
1502 971 1554 1007 τ.
1597 955 1644 1007 ἐ.
1682 955 1795 1008 Οὐκ
1832 955 1956 1008 ἀνέ-

364 1055 558 1111 μειναν
587 1041 687 1111 τὴν
708 1041 867 1112 χάριν
896 1042 1082 1104 αὐτοῦ,
1115 1043 1228 1097 ἀλλ’
1267 1043 1591 1098 ἐπελάθοντο
1632 1045 1740 1101 τῶν
1774 1045 1952 1120 ἔργων

363 1129 532 1184 αὐτοῦ
572 1131 665 1185 καὶ
694 1132 1046 1204 ἐπεθύμησαν
1071 1134 1369 1205 ἐπιθυμίαν
1399 1138 1596 1208 κακήν.

436 1224 546 1278 Kal
583 1225 930 1292 ἠλλάξαντο
963 1227 1079 1295 τὴν
1104 1226 1294 1293 δόξαν
1319 1227 1518 1283 αὐτῶν
1544 1230 1615 1283 ἐν
1638 1229 1951 1300 ὁμοιώματι

357 1317 599 1384 μόσχου
643 1317 954 1384 ἐσθίοντος
981 1318 1217 1386 χόρτον,
1259 1337 1313 1373 κ.
1355 1336 1407 1374 τ.
1445 1321 1491 1374 ἐ.
1530 1322 1596 1380 οι
1639 1320 1952 1386 δοξάζοντες

362 1409 570 1479 κτίσμα
597 1408 749 1481 παρά
777 1409 869 1464 τὸν
898 1411 1182 1475 κτίσαντα,
1211 1403 1356 1467 οὗτοι
1387 1413 1711 1468 ἀλλάσσουσι
1738 1413 1835 1484 τὴν
1868 1415 1954 1468 δό-

365 1498 462 1566 ξαν
482 1500 680 1554 αὐτῶν.
705 1520 723 1552 ι
757 1502 866 1555 Καὶ
891 1502 1147 1572 ³ἤλλαξαν,
1175 1504 1338 1575 φησὶν
1363 1505 1390 1557 ὁ
1423 1504 1654 1568 Παῦλος,
1671 1505 1770 1576 τὴν
1794 1505 1951 1569 δόξαν

361 1590 457 1643 τοῦ
483 1591 761 1664 ἀφθάρτου
793 1594 927 1648 Θεοῦ
957 1598 1013 1649 ἐν
1047 1595 1350 1667 ὁμοιώματι
1375 1595 1615 1667 φθαρτοῦ
1638 1596 1948 1669 ἀνθρώπου,

360 1685 459 1738 καὶ
492 1685 777 1749 πετεινῶν,
808 1688 900 1740 καὶ
930 1688 1294 1758 τετραπόδων,
1327 1689 1423 1742 καλ⁸
1453 1689 1719 1761 ἑρπετῶν.
1757 1709 1776 1742 ι

2059 592 2340 660 largiatur.

2129 683 2292 736 Vens.
2321 684 2408 738 ii.
2435 681 2583 738 Unus
2609 699 2675 738 ex
2698 684 2772 738 eis
2801 700 2905 738 non
2957 684 3233 751 remansit,
3269 694 3378 740 ctc.
3437 683 3638 743 Beatus

2053 774 2144 830 ille
2165 775 2252 829 cui
2282 776 2461 829 nullus
2497 775 2841 831 inimicorum
2886 777 3169 831 remansit.

2129 865 2292 922 Vens.
2330 868 2507 931 l5,M.
2543 866 2666 921 Non
2695 869 3055 922 sustinuerunt
3094 867 3373 921 consilium
3411 866 3547 936 ejus,
3579 875 3632 921 et

2053 958 2427 1027 concupierunt
2469 959 2943 1023 concupiscentiam
2983 958 3040 1011 in
3093 959 3320 1019 deserto,
3368 967 3477 1011 etc.
3512 955 3629 1012 Non

2052 1056 2512 1116 exspectaverunt
2544 1057 2777 1114 gratiam
2809 1045 2948 1115 ejus,
3003 1047 3095 1100 sed
3145 1046 3302 1102 obliti
3333 1056 3460 1102 sunt
3503 1061 3630 1117 ope-

2051 1151 2170 1190 rum
2203 1137 2342 1205 ejus,
2371 1146 2424 1193 et
2450 1138 2844 1203 concupierunt
2867 1138 3370 1208 concupiscentiam
3409 1138 3624 1195 malam.

2122 1226 2284 1281 Vens.
2317 1226 2410 1282 20.
2440 1226 2506 1280 Et
2547 1236 2881 1282 mutaverunt
2911 1227 3137 1298 gloriam
3163 1245 3315 1283 suam
3349 1230 3402 1283 in
3433 1229 3622 1282 simili-

2049 1319 2282 1372 tudinem
2309 1319 2459 1372 vituli
2501 1322 2818 1374 comedentis
2877 1321 3079 1389 fenum,
3115 1329 3224 1376 etc.
3273 1319 3373 1384 Oui
3423 1320 3631 1390 gloriﬁ-

2050 1421 2178 1464 cant
2203 1419 2515 1466 creaturam
2543 1420 2740 1480 praeter
2789 1412 3129 1477 Creatorem,
3190 1412 3246 1466 hi
3281 1422 3630 1466 mutaverunt

2052 1502 2278 1574 gloriam
2313 1517 2490 1557 suam.
2531 1522 2549 1554 ι
2584 1503 2650 1557 Et
2699 1512 3071 1569 mutaverunt,
3120 1502 3299 1574 inquit
3338 1502 3538 1559 Paulus
3558 1505 3627 1569 ⁸⁸,

2051 1594 2276 1664 gloriam
2311 1593 2740 1662 incorruptibilis
2769 1594 2862 1648 Dei
2905 1595 2958 1648 in
2985 1594 3398 1649 similitudinem
3441 1609 3630 1649 corru-

2048 1683 2251 1753 ptibilis
2277 1682 2536 1749 hominis,
2579 1691 2638 1738 et
2669 1682 2976 1748 volucrum,
3009 1692 3064 1739 et.
3114 1684 3549 1753 quadrupedum,
3575 1692 3632 1740 ct

2049 1775 2406 1843 serpentium.
2445 1793 2466 1827 ι

433 1865 541 1919 Kal
582 1861 711 1919 εἶπε
750 1867 856 1921 τοῦ
891 1868 1319 1937 ἐξολοθρεῦσαι
1349 1871 1590 1938 αὐτοὺς,
1625 1889 1680 1926 κ.
1714 1890 1766 1925 τ.
1797 1873 1845 1926 ὲ.
1882 1873 1941 1926 Ἦ

2127 1865 2286 1920 Vens.
2309 1867 2400 1920 25.
2432 1865 2500 1920 Et
2527 1867 2661 1921 dixit
2692 1876 2750 1920 ut
2780 1867 3104 1935 disperderet
3131 1883 3238 1933 eos,
3272 1878 3382 1923 etc.
3437 1865 3629 1923 Perdi-

358 1957 729 2030 ἐξολόθρευσις
759 1958 855 2013 νῦν
882 1960 980 2032 τὴν
1015 1961 1303 2033 μετάθεσιν
1323 1962 1425 2034 τὴν
1451 1964 1515 2018 ἐκ
1545 1963 1641 2017 τοῦ
1675 1963 1792 2035 βίου
1823 1965 1947 2018 τού-

357 2062 453 2098 του
488 2047 763 2117 σημαίνει.

432 2140 502 2192 Εὶ
531 2138 618 2208 μὴ
658 2139 919 2210 Μωῢσῆς
965 2143 999 2196 ό
1045 2143 1330 2210 ἐκλεκτὸς
1360 2145 1544 2199 αὐτοῦ
1589 2146 1736 2215 ἕστη
1764 2147 1835 2201 ἐν
1871 2145 1947 2216 τῇ

358 2233 606 2299 θραύσει
639 2232 893 2288 ἐνώπιον
929 2236 1138 2300 αὑτοῦ,
1167 2235 1274 2290 τοῦ
1307 2237 1684 2307 ἀποστρέψαι
1709 2239 1816 2293 τὸν
1846 2243 1947 2295 θυ-

347 2323 474 2393 μὸν
504 2325 711 2389 αὐτοῦ,
742 2324 849 2379 τοῦ
865 2325 950 2396 μὴ
973 2326 1404 2394 ἐξολοθρεῦσαι
1433 2327 1676 2394 αὐτοὺς,
1723 2346 1777 2382 κ.
1807 2347 1859 2382 τ.
1895 2331 1942 2385 ἐ.

355 2415 722 2486 Σημειωτέον,
751 2417 832 2470 ὅτι
867 2418 961 2470 καὶ
987 2413 1068 2481 εἷς
1092 2417 1264 2486 ἅγιος,
1286 2418 1362 2482 ὡς
1385 2421 1413 2472 ὁ
1435 2421 1694 2490 Μωῦσῆς,
1722 2419 1943 2484 δυνατός

355 2509 504 2562 ἐστιν
529 2509 868 2582 ἀποστρέψαι
919 2509 1088 2582 ὀργὴν
1137 2512 1442 2583 φερομένην
1492 2513 1578 2566 ἐπ’
1618 2513 1769 2577 ἔθνος
1803 2514 1942 2568 ὅλον.

428 2599 535 2652 Kal
581 2599 1002 2664 ἐξουδένωσαν
1033 2600 1150 2670 γῆν
1189 2603 1582 2672 ἐπιθυμητὴν,
1610 2621 1665 2657 κ.
1709 2621 1761 2660 τ.
1794 2605 1840 2659 ἐ.
1880 2607 1945 2660 Ἠ

353 2689 426 2761 γῆ
454 2690 762 2764 ἐπιθυμητὴ
790 2693 824 2764 ἡ
858 2691 1105 2763 βασιλεία
1138 2693 1254 2747 ἐστὶ
1280 2694 1390 2749 τῶν
1418 2695 1684 2769 οὐρανῶν.

427 2876 537 2930 Kal
565 2877 748 2949 ἐπῆρε
770 2879 886 2946 τὴν
913 2881 1083 2950 χεῖρα
1108 2881 1296 2936 αὐτοῦ
1321 2883 1416 2936 ἐπ’
1445 2883 1690 2950 αὐτοὺς,
1716 2899 1769 2936 κ.
1803 2900 1856 2936 τ.
1893 2884 1941 2937 ἐ.

353 2967 528 3038 Χεῖρα
558 2968 705 3038 λέγει
735 2969 834 3034 τὰς
866 2971 1194 3037 κολαστικὰς
1221 2974 1383 3028 αὐτοῦ
1415 2974 1693 3046 δυνάμεις.

423 3061 534 3116 Kal
572 3062 984 3130 ἐτελέσθησαν
1014 3065 1094 3130 τῷ
1132 3065 1498 3135 Beate-876p,
1535 3085 1588 3120 κ.
1623 3084 1674 3121 τ.
1704 3067 1750 3120 ἐ.
1786 3067 1943 3121 Βεελ-

347 3151 544 3225 φεγὼρ
572 3155 788 3209 εἴδωλον
819 3154 910 3208 τοῦ
946 3155 1053 3227 Βὴλ
1081 3157 1139 3209 ἐν
1169 3156 1246 3226 τῷ
1283 3156 1431 3228 τόπῳ
1460 3156 1552 3210 τοῦ
1585 3158 1794 3228 Φεγὼρ.

425 3247 534 3298 Καὶ
581 3246 806 3315 ἔφαγον
858 3247 1075 3313 θυσίας
1112 3247 1362 3316 νεκρῶν,
1417 3265 1471 3302 κ.
1514 3267 1564 3302 τ.
1613 3251 1659 3304 ἐ.
1704 3249 1934 3316 Τελετὰς

345 3334 558 3402 ἤγαγον
605 3334 683 3403 τῷ
729 3335 1068 3408 Βεελφεγὼρ,
1125 3337 1455 3409 μνησθέντες
1489 3339 1548 3392 ἐν
1584 3341 1696 3402 τοῖς
1729 3356 1938 3412 μυστη-

347 3423 490 3491 ρίοις
521 3421 706 3476 αὐτοῦ.

419 3514 530 3568 Kal
565 3514 714 3580 ἔστη
743 3515 968 3583 Φινεὲς,
999 3517 1097 3570 καὶ
1140 3517 1489 3582 ἐξιλάσατο,
1520 3535 1575 3572 κ.
1607 3535 1658 3572 τ.
1689 3519 1734 3572 ἐ.
1770 3521 1935 3573 ’Δνω-

342 3606 494 3677 τέρω
538 3607 635 3677 μὲν
659 3607 827 3676 λέγει,
876 3609 959 3662 ὅτι
1019 3610 1151 3680 ἔστη
1201 3611 1441 3682 Μωῠσῆς
1485 3613 1582 3666 καὶ
1627 3612 1935 3685 ἀπέστρεψε

341 3695 445 3770 τὴν
475 3697 722 3770 θραῦσιν,
753 3698 868 3753 ἀλλ’
903 3699 1175 3755 ἐκόπασεν
1210 3703 1244 3774 ἠ
1273 3701 1520 3775 θραῢσις.

419 3875 529 3930 Kal
556 3875 852 3945 ἐμίγησαν
879 3873 948 3927 ἐν
987 3873 1111 3941 τοῖς
1149 3874 1374 3938 ἔθνεσι,
1408 3893 1462 3930 κ.
1501 3894 1553 3930 τ.
1585 3878 1632 3930 ἐ.
1664 3877 1936 3947 Μίγνυταί

343 3986 430 4034 τις
457 3972 568 4033 τοῖς
601 3969 776 4022 ἔθνεσι
803 3967 1069 4021 δουλεύων
1100 3967 1379 4036 γλυπτοῖς.

416 4063 526 4117 Kal
563 4063 943 4131 ἐπόρνευσαν
971 4061 1041 4114 ἐν
1068 4060 1192 4126 τοῖς
1217 4060 1688 4130 ἐπιτηδεύμασιν
1713 4061 1930 4126 αὐτῶν,

2049 1955 2124 2011 ιίο
2156 1956 2259 2011 hoc
2291 1956 2410 2012 loco
2441 1958 2730 2013 transitum
2759 1972 2824 2013 ex
2849 1957 2954 2014 hac
2979 1959 3090 2013 vita
3123 1958 3414 2028 signiﬁcat.

2115 2136 2249 2192 Isto.
2285 2135 2345 2194 Si
2380 2157 2485 2195 non
2517 2139 2728 2210 Moyses
2751 2140 2946 2196 electus
2968 2141 3082 2212 ejus
3134 2142 3362 2196 stetisset
3408 2143 3462 2195 in
3500 2156 3628 2195 con-

2046 2230 2306 2300 fractione
2332 2233 2387 2285 in
2419 2242 2698 2301 conspectu
2747 2235 2862 2304 ejus
2904 2245 2958 2287 ut
3012 2243 3261 2288 averteret
3295 2234 3432 2286 iram
3471 2249 3624 2286 suam

2047 2339 2113 2376 ne
2157 2324 2477 2392 disperderet
2531 2340 2643 2390 eos,
2681 2334 2787 2380 etc.
2857 2323 3270 2381 Observandum
3317 2334 3401 2379 est
3457 2325 3624 2378 etiam

2047 2430 2212 2469 unum
2239 2424 2507 2480 sanctum,
2536 2416 2712 2484 qualis
2739 2427 2859 2471 erat
2903 2416 3135 2486 Moyses,
3173 2432 3333 2485 posse
3374 2426 3629 2473 avertere

2048 2508 2184 2561 iram
2217 2507 2270 2562 in
2299 2519 2515 2578 gentem
2547 2508 2856 2563 universam
2883 2511 3200 2564 excitatam.

2115 2597 2278 2654 Vens.
2301 2599 2390 2654 ει.
2431 2599 2496 2653 Et
2536 2617 2633 2668 pro
2661 2600 2826 2654 nihilo
2860 2601 3156 2654 habuerunt
3193 2609 3390 2655 terram
3420 2599 3629 2656 deside-

2047 2689 2287 2756 rabilem,
2321 2703 2426 2745 etc.
2457 2689 2628 2746 Terra
2659 2690 3040 2748 desiderabilis
3071 2701 3158 2747 est
3205 2706 3430 2761 regnum
3455 2690 3629 2748 ctelo-

2049 2795 2188 2834 rum.

2116 2872 2282 2929 Vens.
2309 2873 2400 2928 26.
2436 2872 2502 2926 Et
2524 2873 2738 2928 elevavit
2769 2889 2984 2928 manum
3009 2890 3159 2929 suam
3183 2889 3338 2943 super
3358 2891 3469 2939 eos,
3510 2882 3623 2932 etc.

2045 2962 2262 3017 Manum
2295 2963 2426 3018 dicit
2450 2963 2683 3018 virtutes
2707 2963 2822 3032 ejus
2848 2977 2968 3033 qua:
2993 2977 3181 3030 ptenas
3207 2963 3476 3033 inﬂigunt.

2114 3056 2278 3112 Vens.
2307 3055 2396 3110 28.
2429 3054 2494 3108 Et
2525 3055 2724 3109 initiati
2752 3064 2874 3110 sunt
2908 3055 3251 3126 Beelphegor,
3296 3065 3408 3111 etc.
3462 3055 3622 3112 Beel-

1965 3181 2008 3238 ο
2041 3147 2250 3238 phegor
2277 3146 2628 3238 simulacrum
2651 3156 2736 3202 est
2767 3145 2882 3202 Beli
2909 3145 2964 3201 in
2986 3145 3105 3202 loco
3137 3145 3371 3217 Phegor.

2110 3237 2242 3294 Isto.
2294 3237 2364 3292 Et
2409 3239 2746 3295 comederunt
2795 3238 3064 3308 sacriﬁcia
3111 3249 3465 3302 mutuarum,
3506 3246 3626 3296 etc.

2039 3329 2202 3400 785
2235 3329 2436 3384 lnitiati
2469 3339 2598 3385 sunt
2655 3329 3010 3403 Beelphegor,
3063 3329 3218 3398 cuius
3254 3329 3622 3386 meminerunt

2039 3418 2093 3472 iu
2127 3419 2422 3489 mysteriis.

2112 3508 2274 3564 Vens.
2297 3508 2388 3567 '50.
2419 3508 2485 3563 Et
2515 3509 2658 3564 stetit
2687 3507 2940 3574 Phineas,
2966 3517 3014 3563 et
3059 3508 3310 3578 placavit,
3341 3517 3450 3562 etc.
3509 3507 3618 3562 Su-

2037 3616 2133 3670 pra
2160 3601 2378 3669 quidem
2416 3599 2550 3654 dicit
2581 3601 2802 3655 stetisse
2843 3597 3064 3672 Moysen
3089 3608 3146 3653 et
3177 3598 3446 3654 avertisse
3479 3599 3619 3654 iram

2037 3691 2155 3760 eius
2198 3706 2213 3745 :
2253 3691 2341 3747 hic
2373 3701 2556 3746 autem
2592 3692 2809 3747 stetisse
2837 3690 3105 3755 Pliineen,
3135 3701 3189 3746 et
3213 3707 3320 3745 non
3354 3691 3619 3750 avertisse

2036 3783 2461 3852 qitassationem,
2495 3786 2590 3840 sed
2618 3797 2868 3838 cessasse
2893 3782 3323 3852 quassationem.

2111 3875 2272 3930 Vens.
2328 3875 2416 3930 35.
2466 3875 2533 3928 Et
2575 3873 2835 3930 commisti
2874 3885 2996 3929 sunt
3048 3875 3186 3929 inter
3233 3885 3450 3945 gentes,
3506 3884 3615 3932 etc.

2035 3964 2297 4022 Gentibus
2320 3966 2706 4020 commiscetur
2750 3965 2841 4034 qui
2872 3964 3044 4019 servit
3076 3963 3438 4034 sculptilibus.

2111 4055 2268 4110 Vens.
2318 4056 2408 4111 59.
2459 4054 2528 4108 Et
2575 4055 2830 4124 fornicati
2880 4065 3003 4109 sunt
3060 4057 3114 4110 in
3161 4056 3616 4110 adinrentionibus

344 4173 400 4210 κ.
429 4172 479 4208 τ.
516 4154 564 4208 ἐ.
605 4153 860 4226 Πορνεύει
908 4151 1054 4224 ψυχὴ
1104 4151 1394 4223 σπέρματα
1443 4150 1794 4222 λαμϐάνουσα
1835 4153 1932 4222 τῆς

2043 4146 2164 4213 suis,
2191 4157 2295 4201 etc.
2324 4147 2649 4203 Fornicatur
2697 4148 2880 4201 anima
2928 4163 3053 4202 cum
3099 4146 3428 4202 adversaria:
3462 4157 3617 4217 pote-

343 4245 731 4316 ἀντικειμένης
759 4244 1058 4314 δυνάμεως,
1089 4243 1184 4296 καὶ
1214 4242 1472 4296 τίκτουσα
1499 4240 1664 4294 τέκνα
1697 4242 1928 4314 πονηρά.

415 4336 520 4389 Καὶ
560 4334 929 4399 ἐϐδελύξατο
967 4333 1082 4402 τὴν
1113 4331 1518 4401 κληρονομίαν
1545 4330 1753 4399 αὐτοῦ,
1788 4349 1844 4386 κ.
1876 4349 1928 4385 τ.

345 4425 392 4479 ἑ.
428 4443 446 4476 ι
484 4423 833 4496 κληρονομία
863 4421 1068 4494 Κυρίου
1101 4421 1271 4492 ψυχαὶ
1297 4421 1531 4489 λογικαί.
1569 4440 1587 4473 ι

2033 4239 2190 4294 statis
2216 4239 2425 4294 semina
2452 4239 2702 4308 suscipit,
2723 4250 2779 4295 et
2809 4238 2983 4294 malos
3005 4240 3148 4309 parit
3180 4240 3340 4294 lilios.

2102 4328 2266 4385 Vens.
2299 4330 2388 4385 40.
2427 4330 2492 4385 Ει
2525 4331 2860 4386 abominatus
2908 4341 2984 4387 est
3037 4331 3403 4386 hareditatem
3432 4347 3612 4398 suam,

2030 4430 2140 4476 etc.
2165 4421 2468 4477 llaercditas
2515 4420 2726 4477 Domini
2755 4431 2882 4477 sunt
2910 4423 3106 4476 anima:
3158 4422 3532 4478 rationabiles.

410 4516 521 4570 Kal
553 4515 916 4582 ἐκυρίευσαν
941 4511 1139 4567 αὐτῶν
1168 4516 1222 4566 οἱ
1247 4512 1572 4582 μισοῦντες
1604 4511 1844 4578 αὐτοὺς,
1872 4530 1925 4566 κ.

2107 4514 2268 4570 Vens.
2290 4515 2380 4570 41.
2406 4514 2474 4569 Et
2496 4512 2754 4568 dominati
2783 4524 2906 4568 sunt
2929 4531 3110 4569 eorum
3142 4514 3232 4584 qui
3254 4515 3477 4568 oderunt
3500 4528 3610 4578 eos,

339 4623 390 4660 τ.
421 4607 469 4661 ἐ.
506 4605 766 4676 Δαίμονές
794 4605 931 4658 είσιν
957 4606 1006 4658 οί
1038 4603 1320 4675 μισοῦντες
1351 4606 1498 4676 ἡμᾶς
1531 4605 1625 4660 καὶ
1656 4604 1930 4672 θλίόοντες

2043 4616 2138 4661 etc.
2196 4607 2480 4663 Daemones
2509 4607 2754 4678 suntqui
2805 4607 3039 4662 oderunt
3091 4623 3194 4662 nos
3240 4615 3296 4662 et
3351 4605 3609 4661 tribulam

340 4699 438 4761 τὰς
465 4697 643 4768 ψυχὰς
669 4693 844 4766 ἡμῶν.

409 4789 520 4842 Kal
571 4787 794 4843 ἔδωκεν
845 4785 1066 4854 αὐτοὺς
1119 4787 1208 4854 είς
1265 4786 1599 4856 οίκτιρμοὺς
1649 4785 1930 4840 ἐναντίον

339 4879 582 4934 πάντων
626 4879 746 4933 τῶν
773 4877 1390 4950 αἱχμαλωτευσάντων
1420 4876 1658 4943 αὐτοὺς,
1688 4895 1743 4931 κ.
1784 4894 1835 4931 τ.
1875 4877 1922 4931 ἐ.

352 4971 630 5025 Ἐντεῦθεν
665 4971 1028 5043 μανθάνομεν,
1065 4974 1148 5028 ὅτι
1193 4972 1290 5026 καὶ
1330 4969 1424 5024 τοῦ
1474 4965 1740 5024 ἐλεεῖσθαι
1779 4969 1926 5040 ἡμᾶς

335 5063 368 5117 ὁ
398 5063 600 5136 Κύριος
630 5062 813 5129 ἀξίους
841 5065 1006 5118 ποιεῖ.

899 5270 1192 5325 ΨΑΛΜΟΣ
1223 5271 1362 5337 PG".

412 5367 532 5418 Ὅτι
559 5363 850 5432 ἐχόρτασε
883 5359 1095 5430 ψυχὴν
1117 5358 1324 5427 κενὴν,
1356 5377 1410 5413 κ.
1447 5375 1498 5412 τ.
1527 5359 1574 5412 ἐ.
1603 5358 1765 5430 Ψυχὴ
1799 5357 1928 5428 κενή

336 5459 456 5513 ἐστι
486 5456 521 5527 ἡ
545 5454 757 5526 ἀρετῶν
791 5453 887 5506 καὶ⁸
918 5451 1172 5521 γνώσεως
1199 5450 1559 5523 ἐστερημένη.

406 5549 511 5604 Καὶ
537 5546 830 5616 ἐξήγαγεν
855 5545 1076 5611 αὐτοὺς
1106 5543 1172 5596 ἐκ
1205 5544 1466 5609 σκότους
1497 5542 1592 5596 καὶ
1615 5541 1796 5609 σκιᾶς
1825 5547 1924 5597 θα-

340 5644 540 5709 νάτου,
574 5658 628 5694 κ.
667 5656 718 5692 τ.
762 5639 808 5692 ἐ.
857 5636 1007 5692 Καθὸ
1055 5636 1168 5707 φῶς
1217 5637 1361 5689 ἐστιν
1393 5635 1422 5688 ὁ
1462 5634 1684 5708 Κύριος,
1739 5635 1921 5705 ἐξάγει

407 5804 449 5834 ⁸⁸
481 5804 632 5861 Rom.
664 5819 698 5861 ι.
728 5802 817 5858 25.

2031 4698 2242 4752 animas
2275 4709 2510 4753 nostras.

2105 4788 2267 4845 Vens.
2317 4791 2409 4845 46.
2443 4790 2511 4858 Et
2556 4791 2703 4854 dedit
2743 4806 2830 4843 eos
2861 4789 2916 4843 in
2956 4789 3352 4844 misericordias
3406 4788 3460 4842 in
3487 4803 3616 4842 con-

2031 4893 2210 4947 specta
2241 4866 2590 4951 ouiniitnf'qui
2614 4890 2858 4950 ceperant
2888 4897 2996 4944 eos,
3025 4891 3132 4936 etc.
3169 4879 3307 4936 "inc
3350 4879 3612 4937 discimus

2034 4989 2132 5029 nos
2171 4973 2335 5029 ctiam
2373 4973 2747 5029 misericordia
2775 4972 2964 5043 dignos
2995 4988 3024 5027 a
3059 4971 3171 5029 Dco
3195 4972 3360 5029 ellici.

2571 5269 2894 5327 PSALMUS
2930 5271 3064 5328 CVI.

2096 5359 2262 5416 Vens.
2295 5361 2346 5415 9.
2384 5361 2523 5428 Quia
2555 5363 2766 5416 satiavit
2793 5364 3032 5417 animam
3063 5365 3295 5428 inanem,
3328 5373 3438 5417 etc.
3482 5362 3604 5416 lua-

2024 5452 2108 5506 nis
2131 5462 2214 5506 est
2247 5455 2428 5506 anima
2463 5469 2582 5522 ηιιεο
2609 5455 2902 5508 virtutibus
2924 5464 2976 5508 et
3008 5455 3239 5509 Scientia
3267 5455 3472 5524 privata
3492 5461 3599 5508 est.

2097 5545 2260 5600 Vens.
2299 5547 2383 5600 M.
2411 5546 2476 5600 Et
2504 5549 2684 5602 eduxit
2715 5565 2804 5601 eos
2839 5548 2903 5600 de
2931 5546 3154 5600 tenebris
3178 5557 3225 5601 et
3254 5547 3436 5600 umbra
3459 5562 3601 5600 mor-

2020 5638 2111 5705 (is,
2137 5647 2243 5693 ctr.
2302 5639 2583 5706 Quatenus
2610 5639 2700 5694 lux
2747 5648 2830 5694 cst
2881 5638 3162 5704 Dominus,
3195 5638 3377 5694 educit
3409 5653 3507 5693 nos
3531 5638 3598 5694 de
