4106 6454
483 399 622 455 1567

1901 393 1986 446 EX
2031 389 2330 447 ΟΙῖἷϐΕΝΕ

3619 375 3764 431 I508

482 516 757 581 tenebris;
793 527 1055 586 quatenus
1079 517 1212 578 vita,
1243 515 1307 568 de
1353 527 1563 577 morte;
1615 525 1668 569 et
1703 529 1893 568 rursus
1925 530 2056 581 qua-

2163 509 2306 578 ἡμᾶς
2341 511 2403 562 ὲκ
2438 506 2530 560 τοῦ
2568 507 2811 570 σκότους,
2839 504 2970 559 καθὸ
2999 505 3056 556 δὲ
3089 502 3222 574 ζωὴ,
3260 504 3326 554 ἐκ
3353 498 3618 554 θανάτου*
3665 497 3762 546 καὶ

479 615 643 662 tenus
673 618 862 676 potens
888 617 991 668 est,
1030 608 1240 659 vincula
1271 607 1582 672 disrumpit.

555 699 716 752 Vsus.
765 701 850 754 ‘18.
913 698 1129 752 Omnem
1175 717 1351 752 escam
1417 700 1720 752 abominata
1759 707 1831 751 est
1879 698 2059 750 anima

481 807 679 854 eorum,
745 801 851 848 etc.
903 790 1367 858 Quemadmodum
1421 791 1546 860 aegri
1605 805 1818 844 titnnem
1877 805 2056 844 escam

482 885 888 949 alnnninantur,
933 886 1014 940 sic
1061 885 1322 938 immundi
1369 898 1583 938 onmem
1611 885 1894 940 scientiam
1931 883 2057 953 reji-

479 977 651 1028 ciunt.

553 1070 717 1122 \‘Eus.
749 1068 839 1124 2|.
877 1068 990 1136 Ipsi
1021 1069 1256 1122 viderunt
1288 1085 1446 1131 Opera
1481 1068 1691 1120 Domini
1715 1077 1761 1120 et
1791 1065 2056 1118 mirabilia

477 1158 592 1225 ejus
627 1159 677 1210 in
714 1159 1000 1226 profundo,
1054 1168 1163 1212 etc.
1211 1157 1531 1224 Quicunque
1565 1157 1616 1210 in
1654 1157 1850 1210 multas
1882 1167 1936 1210 et
1969 1171 2058 1206 va-

481 1247 611 1313 rias,
646 1263 763 1316 (pta:
796 1263 861 1300 ex
911 1248 1058 1302 curis
1113 1257 1170 1301 et
1211 1248 1444 1316 negotiis
1508 1246 1738 1298 diversis
1783 1245 2055 1306 oriuntur,

478 1341 860 1406 occupationes
887 1351 985 1406 per
1021 1338 1238 1390 virtutis
1265 1337 1641 1405 operationem
1685 1337 1949 1402 incidunt,
2005 1337 2054 1389 hi

477 1428 663 1481 vident
723 1445 885 1497 opera
935 1430 1168 1493 Domini,
1225 1429 1276 1483 id
1322 1437 1406 1482 est
1435 1429 1676 1482 rationes
1705 1443 1894 1482 eorum
1923 1427 2052 1496 ante

477 1515 622 1572 facta
656 1529 778 1573 sunt
817 1530 870 1574 et
898 1536 1085 1574 eorum
1117 1535 1236 1588 qnze
1263 1519 1416 1572 liunt.

556 1608 717 1663 Vleas.
745 1611 832 1664 ‘27.
865 1611 932 1664 Et
959 1614 1127 1665 omnis
1173 1612 1433 1679 sapientia
1466 1626 1648 1662 eorum
1677 1609 1925 1662 devorata
1956 1619 2052 1674 est,

479 1713 584 1756 etc.
622 1702 949 1769 Sapientiam
979 1704 1070 1758 Dei
1102 1705 1327 1759 devorat
1357 1703 1560 1756 malitia
1616 1701 1830 1771 justitia
1873 1713 2054 1755 autem

481 1795 689 1848 Domini
723 1797 984 1864 disperdit
1025 1798 1308 1854 malitiam.

549 1884 712 1938 Vens.
747 1885 834 1941 29.
863 1885 931 1938 Et
961 1888 1219 1942 siluerunt
1245 1891 1439 1958 ﬂuctus
1469 1889 1604 1958 ejus,
1629 1897 1734 1944 etc.
1765 1889 2050 1943 Fluctunm
2088 1889 2127 1946 Β

478 1975 748 2031 silentium
780 1983 1179 2048 corruptionem
1213 1981 1426 2035 vocavit
1458 1983 1838 2035 lentationnm.

553 2067 714 2123 Vsus.
761 2069 848 2123 40.
901 2070 969 2123 Et
1022 2089 1201 2126 errare
1233 2073 1354 2140 fecit
1386 2089 1471 2126 eos
1499 2075 1552 2126 in
1596 2073 1762 2135 invio,
1786 2081 1831 2126 et
1866 2087 1968 2124 non
2000 2072 2052 2124 in

479 2159 579 2223 ria,
611 2169 714 2213 etc.
745 2161 1040 2229 Ucreliqnit
1063 2177 1157 2216 eos
1179 2175 1444 2229 errantes,
1487 2174 1539 2218 et
1567 2179 1672 2217 non
1697 2163 1935 2232 suscepit
1958 2175 2054 2215 eos

479 2262 697 2321 propter
719 2269 906 2308 eorum
935 2253 1222 2310 malitiam.

915 2486 1079 2556 736
1111 2484 1432 2544 PSALMUS
1471 2487 1625 2544 (Νη.

555 2573 711 2626 Vens.
743 2572 800 2625 2.
857 2573 1118 2629 Paratum
1146 2593 1236 2630 cor
1286 2594 1476 2638 meatu,
1519 2586 1624 2632 etc.
1687 2579 1790 2644 Qui
1829 2576 2058 2632 alfectus

480 2665 749 2733 deposuit,
787 2667 878 2720 Ilic
909 2682 1002 2718 eor
1027 2669 1239 2734 paravit
1269 2669 1398 2722 Deo.
1773 2709 1778 2716 .

555 2758 713 2812 Vens.
770 2761 857 2812 10.
917 2759 1070 2812 Moab
1109 2761 1244 2813 lebes
1302 2760 1411 2828 spei
1439 2777 1586 2828 metu,
1635 2770 1739 2816 etc.
1774 2759 1946 2815 Lebes
1973 2772 2057 2815 cst

479 2851 566 2917 qui
600 2852 790 2918 spiritu
847 2852 1016 2906 fervet
1066 2861 1118 2905 et
1150 2862 1332 2921 sperat
1379 2855 1431 2906 in
1467 2853 1695 2908 Domino
1723 2870 1742 2908 :
1782 2869 1894 2925 qua
1931 2869 2055 2912 sues

479 2951 788 3009 sperantem
823 2959 930 2996 non
955 2943 1259 2998 confundit.

551 3033 683 3087 lato.
713 3032 778 3088 In
802 3033 1094 3088 Idumteam
1119 3037 1397 3091 extendam
1424 3037 1832 3094 calceamentum
1859 3053 2049 3100 unum,

478 3134 586 3178 etc.
621 3124 1056 3182 Calceamentum
1088 3129 1288 3185 Christi
1337 3146 1466 3185 caro
1496 3141 1600 3197 est,
1641 3147 1744 3200 qua
1793 3147 1922 3186 usus
1951 3133 2054 3186 Do-

479 3215 658 3276 minus
694 3216 746 3270 in
781 3218 881 3274 hac
917 3218 1196 3275 hominum
1229 3221 1336 3276 vita
1359 3234 1717 3278 conuersatus
1741 3231 1844 3277 est.

993 3536 1317 3594 PSALMUS
1356 3537 1535 3596 CVIII.

551 3631 715 3686 Visus.
746 3631 795 3685 6.
831 3629 898 3684 Et
933 3632 1174 3685 diabolus
1205 3641 1299 3684 stet
1325 3649 1355 3683 a
1387 3633 1586 3684 dextris
1620 3631 1755 3700 ejus,
1783 3639 1889 3684 clc.
1910 3629 2056 3697 Quo-

483 3737 603 3774 rum
654 3736 816 3790 opera
875 3723 1062 3774 dextra
1122 3719 1392 3774 exsciudit
1441 3721 1712 3783 Satanas,
1781 3736 1968 3776 eorum
2027 3737 2056 3775 ιι

480 3813 689 3865 dextris
733 3819 859 3865 stat.
917 3811 973 3864 In
1033 3811 1300 3865 Zacharia
1352 3820 1530 3865 autem
1587 3813 1788 3867 dicit“
1849 3832 1862 3868 :
1921 3834 1938 3866 ι
1993 3813 2058 3867 Ει

480 3903 717 3956 ostendit
746 3903 872 3956 tnihi
916 3903 1178 3956 Dominus
1217 3901 1398 3956 .Iesum
1433 3906 1768 3958 sacerdotem
1801 3921 2056 3976 magnum

480 4005 712 4048 stantem
748 4011 930 4048 coram
964 3995 1154 4065 angelo
1181 3996 1417 4061 Domini,
1459 4006 1513 4051 et
1539 3998 1790 4053 diabolus
1816 4000 1996 4052 stabat
2025 4016 2054 4052 a

481 4089 687 4143 dextris
713 4089 850 4158 ejus,
885 4107 900 4140 ι
937 4105 1042 4143 ιιοιι
1073 4089 1410 4157 simpliciter,
1461 4090 1555 4144 sed
1596 4109 1614 4140 ι
1653 4099 1712 4144 ιιι
1739 4091 2058 4146 adversare-

481 4189 568 4233 tur
602 4181 672 4236 ei.
709 4199 728 4232 ι
762 4179 880 4236 Νοιι
913 4185 1233 4236 adversatur
1263 4193 1441 4237 autem
1477 4181 1649 4246 Indae.

553 4361 714 4414 Vens.
743 4359 797 4414 9.
825 4357 986 4413 Fiant
1015 4360 1117 4426 lilii
1158 4361 1270 4428 ejus
1304 4362 1529 4429 orplmni
1573 4371 1621 4415 et
1654 4378 1788 4414 uxor
1832 4362 1946 4430 ejus
1983 4363 2060 4414 vi-

479 4453 605 4516 dua,
633 4461 740 4508 etc.
769 4451 883 4506 Non
913 4453 1042 4506 diris
1075 4451 1362 4520 devovere,
1393 4453 1487 4507 sed
1518 4455 1726 4520 precari
1759 4455 1886 4507 mihi
1919 4455 2060 4508 vide-

483 4543 793 4613 turjustus.
828 4561 846 4594 ι
877 4541 1189 4598 Benedieile
1222 4546 1362 4600 enim
1414 4545 1664 4600 inimicos
1705 4557 1938 4607 vestros,
1979 4547 2059 4598 in—

481 4635 598 4703 quit
625 4636 914 4704 Apostolus
938 4637 1005 4702 ”,
1044 4636 1348 4692 benedicite
1379 4647 1432 4691 ct
1459 4637 1626 4691 nolite
1653 4637 2000 4690 tnaiedicere.
2032 4657 2053 4690 ι

482 4725 643 4780 Orba}
667 4735 792 4780 sunt
819 4728 1176 4796 cogitationes
1209 4729 1360 4782 make
1399 4745 1516 4798 qua:
1545 4738 1752 4798 patrem
1783 4745 1937 4780 suum
1967 4729 2057 4781 Sa-

486 4831 665 4873 tanam
701 4819 1002 4888 sepeliant;
1039 4821 1202 4874 vidua
1232 4833 1412 4875 autem
1442 4823 1644 4886 anima,
1701 4837 1822 4889 qua:
1849 4822 2054 4876 sentina

2161 604 2324 656 πάλιν
2350 603 2425 666 ὡς
2454 601 2676 662 δυνατὸς
2698 599 3017 670 διαῤῥὴσσει
3046 596 3298 666 δεσμούς.

2231 693 2360 748 Πάν
2382 690 2594 760 ,ϐρῶμα
2622 689 2984 754 ἐϐδελύξατο
3019 691 3056 756 ἡ
3087 687 3257 758 ψυχὴ
3285 683 3503 750 αὐτῶν,
3533 702 3587 738 κ.
3625 699 3675 735 τ.
3701 681 3752 735 ἑ.

2164 784 2373 854 ’Ὠσπερ
2403 784 2452 835 οἱ
2485 781 2765 844 νοσοῦντες
2811 782 2918 833 πᾶν
2969 778 3163 850 βρῶμα
3197 777 3575 848 βδελύσσονται
3597 813 3611 838 ,
3655 771 3754 828 οῦ-

2160 891 2266 938 τως
2295 875 2344 927 οἱ
2375 872 2676 944 ἀκάθαρτοι
2711 872 2892 925 πᾶσαν
2915 869 3118 938 γνῶσιν
3146 867 3514 922 ἀπωθοῦνται.

2228 1073 2406 1127 Αὐτοὶ
2437 1067 2600 1128 εἶδον
2633 1071 2704 1126 τὰ
2740 1071 2883 1142 ἔργα
2919 1074 3140 1140 Kvpt'ov
3189 1073 3286 1126 καὶ
3326 1071 3398 1126 τὰ
3445 1068 3756 1140 θαυμάσια

2159 1162 2343 1216 αὐτοῦ
2371 1162 2440 1214 ἐν
2463 1160 2542 1225 τῷ
2565 1161 2756 1226 βυθῷ,
2781 1180 2837 1215 κ.
2861 1180 2910 1216 τ.
2943 1165 2990 1216 ὲ.
3008 1161 3161 1216 Ὅσοι
3188 1163 3591 1233 περισπασμοίς
3621 1160 3756 1212 πολ-

2158 1253 2268 1316 λοῖς
2295 1254 2389 1306 καὶ
2418 1253 2678 1317 ποικίλοις
2701 1254 2789 1307 διὰ
2820 1255 2918 1326 τὴν
2944 1255 3043 1326 τῆς
3073 1254 3273 1327 ἀρετῆς
3303 1252 3565 1324 ἐργασίαν
3592 1269 3756 1322 περι-

2159 1343 2468 1406 πίπτουσιν,
2517 1337 2663 1396 οῦτοι
2717 1343 2886 1414 ὁρῶσι
2928 1345 2994 1398 τὰ
3042 1345 3178 1415 ἔργα
3231 1343 3458 1414 Κυρίου,
3500 1341 3756 1395 τουτέστι

2157 1434 2281 1496 τοὺς
2310 1433 2500 1502 λόγους
2527 1433 2635 1487 τῶν
2668 1433 2972 1502 γεγονότων
3007 1434 3098 1488 καὶ
3125 1432 3442 1504 γινομένων.

2225 1609 2335 1664 Kal
2370 1607 2537 1662 πᾶσα
2581 1610 2619 1676 ἡ
2652 1609 2839 1677 σοφία
2887 1609 3084 1662 αὐτῶν
3133 1610 3451 1676 κατεπόθη.
3501 1625 3558 1662 κ.
3597 1626 3652 1662 τ.
3700 1609 3752 1665 ἐ.

2155 1701 2356 1769 Σοφίαν
2381 1699 2516 1754 Θεοῦ
2552 1699 2838 1760 καταπίνει
2871 1699 3038 1754 κακία
3058 1717 3072 1730 ·
3107 1699 3422 1771 δικαιοσύνη
3450 1699 3508 1753 δὲ
3541 1701 3754 1772 Κυρίου

2156 1791 2460 1864 διαφθείρει
2493 1794 2712 1847 κακίαν.

2225 1886 2334 1940 Kal
2383 1886 2634 1955 ἐσίγησε
2677 1886 2750 1941 τὰ
2793 1888 3024 1956 κύματα
3065 1886 3275 1956 αὐτῆς,
3319 1905 3374 1940 κ.
3416 1903 3466 1940 τ.
3502 1887 3550 1942 ἐ.
3583 1888 3756 1960 Σιγὴ-δ

2161 1978 2267 2031 τῶν
2297 1979 2555 2047 κυμάτων
2593 1979 2694 2049 τὴν
2739 1979 2942 2050 φθορὰν
2967 1979 3216 2049 ὠνόμασε
3248 1979 3356 2032 τῶν
3403 1980 3752 2050 πειρασμῶν.

2231 2069 2342 2122 Καὶ
2367 2069 2716 2138 ἐπλάνησεν
2736 2071 2958 2136 αὐτοὺς
2985 2071 3055 2124 ἐν
3083 2070 3300 2136 ἀϐάτῳ,
3334 2073 3430 2126 καὶ
3465 2075 3578 2142 οὐχ
3609 2073 3753 2140 ὀδῷ,

2161 2177 2214 2214 κ.
2246 2179 2296 2214 τ.
2330 2162 2377 2214 ἑ.
2417 2161 2804 2228 Ἐγκατέλιπεν
2849 2164 3045 2226 αὐτοὺς
3080 2163 3486 2234 πλανωμένους,
3517 2165 3610 2220 καὶ
3650 2167 3756 2220 οὐκ

2161 2253 2484 2307 ἀντελάϐετο
2513 2253 2691 2308 αὐτῶν
2720 2254 2808 2309 διά
2831 2253 2928 2326 τὴν
2954 2253 3150 2309 κακίαν
3174 2253 3374 2308 αὐτῶν.

2734 2482 3028 2536 ΨΑΛΜΟΣ
3059 2483 3178 2536 PZ'.

2242 2578 2478 2648 Ἐτοίμη
2500 2577 2540 2646 ἡ
2561 2575 2774 2644 καρδία
2803 2592 2944 2644 μου,
2971 2591 3024 2627 κ.
3053 2592 3105 2627 τ.
3141 2576 3189 2628 ὲ.
3231 2573 3288 2627 Ὀ
3313 2573 3648 2645 ἀποθέμενος
3681 2573 3754 2627 τὰ

2161 2669 2330 2740 πάθη,
2363 2664 2518 2732 οὗτος
2543 2668 2806 2740 ἡτοίμασε
2837 2667 2934 2736 τὴν
2969 2667 3196 2738 καρδίαν
3227 2665 3306 2738 τῷ
3337 2665 3474 2737 Θεῷ.

2233 2761 2415 2814 Μωὰϐ
2441 2759 2624 2827 λέϐης
2658 2758 2766 2828 τῆς
2793 2758 3040 2824 ἐλπίδος
3078 2777 3218 2828 μου,
3272 2776 3326 2812 κ.
3373 2776 3424 2812 τ.
3467 2759 3514 2812 έ.
3569 2757 3754 2828 Λέϐης

2164 2851 2311 2905 ἐστὶν
2343 2853 2371 2904 ὁ
2400 2850 2476 2922 τῷ
2507 2850 2775 2921 πνεύματι
2809 2849 2966 2914 ζέων,
2997 2851 3091 2904 καὶ
3123 2849 3357 2912 ἐλπίζων
3381 2850 3472 2901 ἐπὶ
3517 2849 3606 2902 τὸν
3637 2849 3754 2902 Κύ-

2165 2957 2307 3012 ριον’
2337 2941 2458 3011 ἥτις
2491 2943 2645 3006 ἐλπὶς
2683 2943 2743 2995 οὑ
2775 2941 3122 3012 καταισχύνει
3154 2941 3245 2994 τὸν
3279 2939 3589 3004 ἐλπίζοντα.

2245 3033 2374 3088 Ἐπὶ
2405 3033 2520 3102 τὴν
2550 3034 2881 3104 Ἰδουμαίαν·
2912 3033 3172 3088 ἐπιϐαλῶ
3213 3033 3282 3086 τὸ
3305 3033 3585 3103 ὑπόδημὰ
3601 3051 3752 3102 μου,

2164 3143 2218 3179 κ.
2267 3144 2316 3179 τ.
2359 3128 2407 3180 ὲ.
2448 3127 2510 3181 Ἡ
2560 3127 2704 3199 σάρξ
2757 3131 2874 3182 ἐστι
2907 3129 2968 3182 τὸ
3005 3129 3256 3198 ὑπόδημα
3294 3127 3388 3180 τοῦ
3429 3121 3752 3200 Χριστοῦ,ᾗ

2160 3219 2502 3288 χρησάμενος
2553 3222 2582 3273 ὁ
2627 3219 2831 3292 Κύριος
2869 3220 3182 3292 ἐπεδήμησε
3225 3219 3302 3289 τῷ
3352 3218 3451 3290 βίῳ
3492 3219 3598 3274 τῶν
3650 3221 3752 3273 ἀν-

2169 3307 2424 3382 ορὼπων.

2729 3539 3022 3593 ΨΛΛΜΟΣ
3064 3541 3190 3593 PH'.

2233 3629 2342 3682 Kal
2372 3626 2648 3692 διάϐολος
2690 3627 2889 3694 στήτω
2932 3629 3000 3683 ἐκ
3043 3629 3255 3695 δεξιῶν
3282 3631 3489 3698 αὐτοῦ,
3522 3651 3576 3687 κ.
3613 3651 3664 3688 τ.
3701 3637 3750 3691 ὲ.

2165 3710 2263 3772 Ὦν
2298 3719 2552 3772 ἐκκόπτει
2583 3722 2610 3772 6
2640 3719 2882 3782 Σατανᾶς
2935 3719 3003 3773 τὰ
3043 3719 3180 3792 ἔργα
3224 3721 3290 3775 τὰ
3329 3723 3498 3788 δεξιὰ,
3543 3725 3752 3781 τούτων

2160 3805 2392 3878 ἕστηκεν
2427 3811 2490 3861 ἐκ
2525 3807 2732 3874 δεξιῶν.
2773 3810 2858 3862 Ἐν
2895 3811 2953 3863 δὲ
2991 3810 3068 3882 τῷ
3106 3813 3346 3885 Ζαχαρία
3385 3815 3546 3884 φησί·
3587 3835 3604 3866 ι
3639 3817 3749 3870 Καὶ

2166 3898 2330 3963 ἔδειξέ
2389 3916 2476 3968 μοι
2534 3899 2738 3971 Κύριος
2795 3901 2998 3972 Ἰησοῦν
3060 3903 3150 3956 τὸν
3217 3904 3367 3975 ἱερέα
3416 3906 3507 3959 τὸν
3573 3907 3754 3978 μέγαν

2166 3990 2374 4042 ἑστῶτα
2405 3991 2510 4060 πρὸ
2544 3989 2834 4062 προσώπου
2859 3992 3087 4061 ἀγγέλου
3121 3995 3346 4066 Κυρίου,
3373 3997 3468 4050 καὶ
3507 4000 3533 4050 6
3569 3997 3758 4051 διάϐο-

2165 4080 2254 4143 λος
2283 4081 2521 4151 εἱστήκει
2553 4083 2615 4133 ὲκ
2639 4081 2827 4146 δεξιῶν
2861 4083 3024 4137 αὑτοῦ
3045 4102 3058 4114 ’
3099 4105 3117 4137 ι
3149 4087 3246 4157 οὐχ
3289 4087 3474 4152 ἁπλῶς
3507 4088 3584 4154 δὲ,
3613 4089 3754 4144 ἀλλὰ

2171 4189 2190 4222 ι
2254 4171 2331 4242 τῷ
2387 4173 2722 4227 ἀντικεῖσθαι
2778 4175 2951 4246 αὐτῷ·
3003 4195 3020 4229 ι
3059 4177 3161 4231 οὐκ
3211 4179 3511 4233 ἀντίκειται
3562 4181 3621 4234 δὲ
3672 4181 3755 4253 τῷ

2178 4263 2374 4334 Ἰούδᾳ.

2235 4357 2675 4426 Γενηθήτωσαν
2711 4361 2826 4414 υἱοί
2861 4361 3046 4414 αὐτοῦ
3083 4362 3350 4430 ὀρφανοὶ,
3381 4365 3480 4418 καὶ
3520 4366 3558 4434 ἡ
3595 4366 3754 4436 γυνὴ

2165 4450 2351 4503 αὐτοῦ
2378 4450 2553 4520 χήρα,
2581 4469 2635 4505 κ.
2661 4469 2712 4505 τ.
2748 4453 2793 4505 ὲ.
2831 4453 2945 4506 Οὐκ
2977 4455 3280 4524 ἐπαρᾶσθαι
3312 4457 3339 4506 6
3371 4455 3594 4522 δίκαιος,
3616 4458 3756 4512 ἀλλὰ

2166 4539 2560 4611 προσεύχεσθαί
2585 4559 2672 4612 μοι
2703 4543 2865 4596 δοκεῖ.
2893 4561 2910 4593 ι
2935 4543 3218 4612 Εὑλογείτε
3247 4544 3355 4618 γὰρ
3378 4546 3504 4610 τοὺς
3525 4547 3754 4617 ἐχθροὺς

2166 4631 2338 4702 ὑμῶν,
2407 4631 2572 4704 φησὶν
2608 4637 2636 4688 6
2687 4635 3040 4700 ’Λπόστολος,
3089 4635 3356 4703 εὐλογεῖτε
3385 4639 3478 4690 καὶ
3508 4637 3581 4708 μὴ
3615 4655 3750 4692 κατ-

2164 4725 2387 4797 αρᾶσθε.
2427 4746 2444 4778 ι
2488 4727 2742 4798 Ὀρφανοὶ
2777 4727 2954 4780 τοίνυν
2998 4727 3104 4780 εἰσὶ
3130 4727 3378 4798 λογισμοὶ
3413 4731 3638 4801 πονηροὶ
3663 4731 3756 4783 τὸν

2165 4817 2371 4892 ἑαυτῶν
2397 4817 2665 4887 θάψαντες
2694 4818 2905 4890 πατέρα
2928 4817 3018 4870 τὸν
3045 4819 3286 4872 Σατανᾶν
3305 4837 3318 4850 ο
3355 4822 3498 4892 χήρα
3523 4821 3578 4874 δὲ
3605 4821 3752 4893 ψυχὴ

486 4927 514 4964 a
549 4910 759 4964 diabolo
805 4929 910 4966 non
961 4915 1216 4984 suscepit.
1276 4914 1421 4968 Bene
1462 4925 1642 4968 autem
1667 4915 1835 4968 series
1871 4915 2052 4968 habet.

2165 4911 2196 4981 ἡ
2229 4910 2302 4982 μὴ
2342 4910 2676 4964 ἐπιλαϐοῦσα
2719 4910 3008 4981 σπέρματα
3057 4912 3208 4984 παρὰ
3245 4913 3338 4966 τοῦ
3381 4912 3649 4966 διαϐόλου,
3677 4909 3752 4967 Εὖ

485 5003 644 5057 Prius
671 5005 813 5058 enim
873 5016 1090 5072 peccata
1123 5006 1261 5061 tollit
1319 5021 1438 5076 qtae
1474 5021 1640 5074 Opere
1673 5021 2057 5062 consummau-

487 5107 598 5162 tnr,
630 5098 828 5153 deinde
859 5100 1073 5154 illorqu
1109 5101 1279 5154 Iunias
1305 5101 1683 5170 cogitationes.

559 5275 721 5331 Vsus.
755 5277 838 5332 19.
866 5275 992 5329 Fiat
1031 5277 1078 5329 ei
1107 5279 1242 5329 sicut
1277 5277 1636 5330 vestimentum
1677 5291 1779 5345 quo
1802 5274 2059 5343 operitur,

484 5381 534 5422 et
565 5371 696 5422 sicut
732 5387 864 5425 zona
896 5387 1001 5439 qua
1025 5384 1225 5437 semper
1243 5369 1609 5438 pra'cingitur,
1635 5377 1743 5422 etc.
1777 5365 1899 5422 Haec
1927 5383 2062 5423 zona

487 5469 758 5536 signiﬁcat
787 5465 1248 5534 concupisoontiae
1283 5461 1714 5518 irrationabilem
1771 5461 2064 5514 inﬂamma-

490 5566 710 5616 tionem.
1477 5565 1484 5572 ‘

564 5651 839 5706 V’tztts.2-i.
872 5649 1054 5705 Genua
1100 5664 1212 5701 mea
1264 5647 1534 5716 inﬁrmata
1581 5657 1698 5701 sunt
1753 5663 1781 5700 a
1808 5645 2016 5716 jejunio
2051 5688 2062 5712 ,

565 5823 602 5852 ’“
662 5821 886 5876 Zachar.
919 5837 998 5885 ιιι,
1031 5823 1074 5874 ι.
1150 5821 1192 5852 ⁸³
1220 5820 1375 5876 Rom.
1417 5835 1512 5886 xu,
1553 5819 1632 5873 Η.

2159 5001 2217 5054 δὲ
2239 5003 2332 5054 καὶ
2361 5004 2392 5073 ἡ
2424 5001 2575 5065 τάξις
2605 5002 2737 5071 ἔχει.
2772 5002 3043 5073 Πρότερον
3073 5003 3171 5073 μὲν
3207 5003 3314 5076 γὰρ
3347 5006 3622 5074 περιαιρεῖ
3653 5003 3754 5068 τὰς

2163 5096 2280 5147 κατ’
2327 5095 2610 5166 ἐνέργειαν
2657 5095 2950 5166 ἁμαρτίας,
2985 5095 3174 5148 ἔπειτα
3213 5095 3268 5148 δὲ
3319 5097 3412 5150 καὶ
3449 5097 3516 5151 τὰ
3551 5095 3755 5150 τούτων

2165 5185 2343 5254 φαῦλα
2385 5188 2653 5258 νοήματα.

2238 5280 2560 5348 Γενηθήτω
2611 5279 2772 5344 αὐτῷ
2814 5280 2895 5346 ὡς
2951 5280 3185 5349 ἱμάτιον
3231 5281 3263 5335 ὃ
3313 5280 3756 5350 περιϐάλλεται,

2167 5373 2264 5426 καὶ
2293 5371 2435 5425 ὡσεὶ
2467 5369 2614 5439 eam
2651 5370 2731 5438 ἣν
2762 5371 2860 5426 διὰ
2897 5372 3124 5438 παντὸς
3152 5373 3588 5440 περιζώννυται,
3613 5391 3666 5427 κ.
3701 5391 3756 5428 τ.

2167 5467 2214 5517 ὲ.
2239 5464 2386 5536 Αὕτη
2422 5467 2454 5536 ἡ
2491 5463 2633 5536 ζώνη
2665 5463 2918 5535 σημαίνει
2945 5465 3044 5536 τὴν
3081 5465 3174 5519 τοῦ
3207 5465 3605 5537 ἐπιθυμητικοῦ
3631 5465 3760 5521 ἄλο·-

2169 5574 2262 5625 γον
2297 5559 2563 5629 πύρωσιν.

2248 5651 2319 5704 Τὰ
2355 5651 2572 5718 Torani
2601 5670 2717 5722 μου
2753 5650 3100 5720 ἠσθένησαν
3131 5651 3250 5709 ἀπὸ
3279 5651 3582 5720 νηστείας,
3616 5667 3670 5705 κ.
3702 5667 3757 5706 τ.
