4106 6438
358 427 388 482 'l
400 425 502 481 569

1359 423 1670 480 SELECTA
1707 423 1768 478 IN
1807 425 2145 481 PSAMIOS.
2188 459 2253 468 --
2292 429 2486 484 PSAL.
2526 429 2662 486 CXI.

3496 434 3629 487 1570

343 551 401 601 ἑ.
431 546 708 618 Χρηστέον
741 546 816 618 τῷ
851 547 997 618 ῥητῷ
1029 547 1161 619 πρὸς
1188 547 1311 611 τοὺς
1344 549 1814 619 καταφρονοῦντας
1848 549 1925 618 τῆ.

2051 559 2154 605 etc.
2190 550 2301 605 Iloc
2337 553 2456 607 loco
2488 555 2744 609 utendum
2777 554 3038 609 adversus
3067 569 3160 608 eos
3209 554 3297 622 qui
3347 554 3617 608 abstinen-

349 641 454 709 ἑγκ
463 640 702 708 ρατείας.

425 730 871 797 Καταράσονται
894 731 1084 793 αὐτοὶ,
1108 729 1205 783 καὶ
1233 731 1312 784 σὺ
1337 730 1712 800 εὐλογήσεις,
1736 750 1788 785 κ.
1814 750 1862 785 τ.
1889 733 1934 784 ἐ.

349 819 553 877 Τοῦτον
578 822 792 892 εὐλογεῖ
822 823 1046 893 Κύριος,
1078 824 1138 877 ὃν
1168 825 1530 894 ἀντικείμενοι
1571 825 1934 895 καταρῶνται.

921 1009 1218 1062 ΨΑΛΜΟΣ
1249 1010 1370 1064 ΡΘ¹.

421 1097 583 1152 Μετὰ
613 1096 728 1151 σοῦ
760 1099 798 1167 ἠ
831 1097 986 1167 ἁρχὴ
1019 1100 1090 1152 ἐν
1126 1101 1315 1170 ἡμέρῃ
1343 1101 1453 1170 τῆς
1483 1103 1787 1174 δυνάμεώς
1818 1123 1934 1162 σου

345 1185 420 1239 ἐν
451 1185 578 1251 ταῖς
612 1189 989 1255 λαμπρότησι
1023 1189 1140 1243 τῶν
1173 1192 1374 1262 ἁγίων,
1413 1211 1465 1245 κ.
1503 1211 1552 1246 τ.
1602 1195 1648 1246 ὲ.
1689 1196 1749 1247 Et
1788 1197 1931 1267 ἀρχὴ

351 1276 448 1329 τοῦ
486 1277 614 1330 Υίοῦ
640 1279 669 1330 ὁ
699 1279 904 1350 Πατὴρ,
937 1281 1048 1351 ἡδὲ
1073 1281 1222 1352 ἀρχὴ
1261 1278 1328 1353 ἦν
1362 1284 1498 1353 μετὰ
1534 1285 1628 1337 τοῦ
1673 1287 1930 1357 Χριστοῦ,

347 1370 529 1433 καλῶς
565 1371 711 1441 λέγει
741 1374 798 1426 ἐν
830 1377 942 1437 τοῖς
976 1376 1328 1445 Εὑαγγελίοις
1359 1378 1447 1430 τόο
1487 1399 1504 1428 ι
1536 1379 1648 1432 Οὐκ
1687 1381 1801 1450 εἰμὶ
1835 1381 1931 1450 μό-

344 1480 458 1526 νος,
506 1463 620 1516 ἀλλ’
660 1463 771 1532 ἐγὼ
804 1466 900 1518 καὶ
927 1465 955 1517 ὁ
982 1467 1202 1536 πέμψας
1253 1486 1319 1538 με
1377 1470 1584 1540 Πατήρ.
1621 1489 1640 1521 ι
1691 1471 1932 1542 Ἦμέραν

345 1554 406 1606 δὲ
456 1555 736 1624 δυνάμεως
780 1552 899 1609 εἷπε
945 1559 1043 1630 τὴν
1088 1558 1299 1630 ἡμέραν
1339 1559 1432 1612 τοῦ
1485 1561 1736 1631 σταυροῦ,
1769 1562 1799 1632 ἢ
1833 1562 1933 1632 τῆς

345 1647 504 1700 Eva.th
513 1651 667 1721 ρωπή
680 1666 836 1711 σεως.

2051 643 2183 696 tiam
2214 655 2589 697 contemnunt.

2120 733 2284 789 Vens.
2315 737 2407 791 ‘28.
2435 736 2482 788 Μ
2495 738 2749 791 aledicent
2773 737 2870 802 illi,
2894 748 2939 791 et
2964 748 3018 791 tu
3045 741 3332 805 benedires,
3356 748 3465 794 clc.
3483 737 3619 794 Huic

2049 827 2320 882 henedicit
2365 828 2653 888 Dominus.
2677 829 2763 882 cui
2793 830 3087 884 adversarii
3123 831 3471 885 maledicunt.

2584 1011 2904 1068 PSALMUS
2941 1011 3076 1068 CIX.

2117 1106 2281 1160 Vens.
2312 1105 2366 1158 5.
2401 1101 2591 1156 Tecum
2634 1104 2948 1171 principium
2971 1104 3025 1156 in
3061 1105 3146 1158 die
3187 1105 3399 1159 vittatis
3424 1114 3528 1159 tum
3563 1107 3618 1160 in

2043 1197 2407 1265 Splendor-ibus
2459 1204 2780 1259 sanctorum,
2841 1205 2946 1250 etc.
3000 1195 3055 1249 Si
3119 1197 3441 1266 principium
3497 1199 3616 1252 Filii

2046 1288 2204 1342 Pater
2227 1298 2326 1349 est,
2361 1286 2683 1355 principium
2718 1295 2897 1338 autem
2925 1295 3044 1340 erat
3072 1302 3194 1340 cum
3223 1289 3464 1350 Christo,
3501 1295 3617 1356 pul-

2039 1379 2170 1433 chre
2204 1379 2335 1432 dicit
2367 1379 2420 1431 in
2452 1377 2760 1446 Evangeliis
2782 1376 2867 1428 3':
2901 1395 2918 1428 ι
2956 1375 3070 1430 Non
3103 1395 3219 1431 sum
3256 1380 3419 1448 787
3446 1380 3612 1442 solus,

2037 1473 2129 1525 sed
2161 1487 2260 1539 ego
2285 1481 2336 1523 et
2361 1471 2448 1539 qui
2481 1471 2627 1523 misit
2657 1485 2740 1524 me
2781 1470 2958 1524 Pater.
3001 1489 3018 1521 ι
3055 1471 3202 1523 Diem
3233 1483 3410 1525 autem
3442 1473 3615 1524 virtu-

2040 1562 2106 1616 tis
2134 1563 2268 1616 dixit
2294 1562 2435 1616 diem
2464 1564 2664 1629 crucis,
2695 1563 2776 1616 vel
2817 1563 3230 1616 lncarnatioais.

433 1741 526 1794 Ἐκ
580 1743 838 1810 γαστρὸς
898 1743 1010 1810 πρὸ
1060 1744 1404 1814 Ἑωσφόρου
1465 1743 1767 1814 ἐγέννησά
1827 1758 1922 1803 σε,

2099 1737 2264 1795 VERs.
2309 1741 2362 1794 5.
2414 1739 2496 1793 Ea:
2535 1750 2682 1794 utero
2715 1751 2838 1793 ante
2866 1740 3172 1810 Luciferam
3218 1744 3374 1810 genui
3403 1752 3474 1807 te,
3507 1752 3612 1796 etc.

345 1847 404 1884 κ.
438 1848 485 1884 τ.
519 1833 566 1886 ὲ.
615 1833 758 1886 Ἀντὶ
789 1834 904 1897 τοῦ,
929 1834 1044 1907 Πρὸ
1076 1834 1258 1906 πάσης
1291 1835 1512 1905 λογικῆς
1544 1835 1758 1903 φύσεως
1779 1835 1929 1902 ἐγέν-

346 1921 487 1990 νησά
510 1938 590 1974 σε.
621 1923 693 1974 Τὸ
725 1923 832 1994 γὰρ
877 1924 1171 1995 βαθύτερον
1201 1924 1660 1997 περιεργάζεσθαι
1708 1926 1807 1994 τὴν
1839 1924 1930 1992 γέ-

345 2029 492 2067 νεσιν
515 2013 606 2067 τοῦ
639 2016 874 2081 Χριστοῦ
909 2018 1118 2071 καὶτοῦ
1153 2018 1480 2091 Ἑωσφόρου,
1518 2020 1579 2071 οὐ
1605 2017 1703 2086 τῆς
1731 2019 1934 2086 ἡμετέ-

347 2125 448 2178 ρας
475 2108 589 2160 ἐστὶ
616 2109 916 2179 δυνάμεως.
948 2109 1122 2172 Πολὺς
1149 2111 1257 2182 γὰρ
1298 2113 1326 2163 ὁ
1359 2111 1487 2172 περὶ
1532 2107 1722 2161 τούτου
1767 2107 1922 2168 λόνος

344 2199 440 2251 καὶ
468 2198 861 2272 δυσθεώρητος.

416 2291 618 2360 Κρινεῖ
680 2293 750 2344 ἐν
791 2293 915 2359 τοῖς
969 2293 1190 2358 ἔθνεσι,
1251 2294 1557 2362 πληρώσει
1615 2293 1914 2361 πτώματα,

345 2397 402 2433 κ.
458 2397 510 2434 τ.
556 2382 602 2434 ἑ.
654 2382 858 2453 Πληροῖ
901 2381 1170 2453 πτώματα
1215 2384 1309 2436 τοῦ
1355 2381 1587 2436 παλαιοῦ
1638 2381 1928 2452 ἀνθρώπου

340 2470 442 2524 τοῦ
475 2471 827 2544 φθειρομένου
855 2473 993 2527 κατά
1018 2473 1117 2537 τὰς
1143 2475 1436 2546 ἐπιθυμίας
1456 2476 1554 2544 τῆς
1581 2474 1817 2543 ἀπάτης.

912 2657 1206 2710 ΨΑΑΜΟΣ
1260 2657 1362 2709 PI'.

433 2769 528 2820 Ἐν
566 2768 771 2836 ,βουλῇ
811 2769 1033 2823 εὺθέων
1077 2768 1173 2822 καὶ
1215 2765 1542 2837 συναγωγῇ
1580 2763 1814 2835 μεγάλα
1860 2765 1930 2817 τὰ

343 2859 491 2931 ἔργα
522 2861 763 2928 Kvplov,
825 2879 878 2914 κ.
936 2879 987 2915 τ.
1039 2862 1086 2915 ὲ.
1137 2861 1363 2928 Μεγάλα
1409 2859 1479 2912 τὰ
1532 2859 1672 2929 ἔργα
1722 2857 1928 2930 Κυρίου

342 2949 436 3002 διὰ
467 2949 565 3020 τὴν
590 2950 958 3019 ἀποκειμένην
982 2951 1039 3000 ὲν
1071 2950 1257 3012 αὐτοῖς
1292 2947 1486 3016 σοφίαν
1517 2947 1790 3015 ὠνόμασε.

425 3040 659 3109 Τροφὴν
686 3040 869 3094 ἔδωκε
890 3040 1014 3106 τοῖς
1045 3038 1437 3108 φοϐουμένοις
1482 3037 1689 3100 αὑτὸν,
1721 3055 1774 3090 κ.
1797 3053 1846 3088 τ.
1877 3036 1923 3088 ὲ.

355 3133 421 3184 Ἥ
454 3133 626 3204 τροφὴ
663 3132 770 3185 τῶν
794 3131 1141 3201 φοϐουμένων
1164 3130 1254 3182 τὸν
1285 3129 1486 3197 Κύριον
1520 3130 1552 3198 ὴ
1602 3127 1766 3196 σοφία
1804 3125 1920 3178 ἐστὶ

343 3224 442 3277 τοῦ
467 3225 631 3277 Θεοῦ·
670 3243 688 3275 ι
733 3223 899 3294 Ἀρχὴ
925 3221 1034 3292 γὰρ
1068 3221 1260 3290 σοφίας
1285 3219 1446 3289 φόϐος
1477 3219 1703 3290 Κυρίου.
1739 3238 1756 3268 ι

429 3313 628 3384 Ἰσχὺν
666 3313 854 3382 ἔργων
886 3311 1070 3365 αὑτοῦ
1104 3310 1420 3379 ἀνήγγειλε
1448 3308 1528 3374 τῷ
1557 3308 1686 3374 λαῴ
1717 3305 1925 3373 αὐτοῦ,

340 3421 402 3458 κ.
433 3420 484 3456 τ.
519 3405 564 3456 ὲ.
603 3403 712 3471 Τὴν
758 3402 990 3471 Θεωρίαν
1041 3400 1150 3455 τῶν
1204 3400 1508 3469 γεγονότων
1560 3402 1712 3469 ἰσχὺν
1749 3399 1926 3470 ἔργων

338 3492 510 3548 αὑτοῦ
538 3492 790 3563 ὀνομάζει
813 3509 827 3524 ’
879 3493 1032 3563 ἰσχὺς
1059 3492 1116 3544 δὲ
1148 3491 1361 3562 εἴρηται
1396 3493 1428 3562 ἡ
1471 3491 1693 3560 γνῶσις,
1733 3490 1820 3544 διὰ
1867 3489 1928 3544 τὸ

342 3587 506 3657 ἰσχὺν
533 3585 797 3638 ἐντιθέναι
831 3585 897 3654 τῇ
928 3582 1088 3652 φύσει
1119 3585 1185 3653 τῇ
1217 3586 1428 3653 λογικῇ.

363 3691 397 3731 \

424 3765 613 3834 Ἔργα
639 3763 1051 3832 χειρῶναὺτοῦ
1075 3763 1328 3829 ἀλήθεια
1358 3764 1456 3817 καὶ
1482 3763 1700 3832 κρίσις,
1729 3781 1784 3815 κ.
1809 3781 1857 3816 τ.
1878 3764 1923 3815 ὲ.

351 3855 422 3909 Ἦ
447 3856 546 3926 μὲν
575 3855 802 3927 ἀλήθεια
831 3857 886 3908 ὲν
909 3858 1019 3918 τοῖς
1051 3855 1230 3925 ὀρθοῖς
1268 3855 1500 3924 δόγμασι
1548 3855 1849 3926 θεωρεῖται,
1893 3857 1925 3926 ἡ

339 3945 400 3998 δὲ
445 3946 627 4016 κρίσις
654 3947 710 3998 ὲν
747 3947 813 4016 τῇ
848 3947 1142 4016 πρακτικῇ.
1185 3963 1202 3995 ι
1241 3945 1436 3997 Πισταὶ
1478 3946 1647 3997 πᾶσαι
1682 3946 1736 3996 αἱ
1772 3947 1921 3996 ἐντο-

341 4039 436 4090 λαὶ
469 4036 655 4101 αὐτοῦ,
682 4035 1069 4108 ἐστηριγμέναι
1094 4039 1172 4100 εἰς
1206 4035 1296 4088 τὸν
1330 4035 1499 4088 αἰῶνα
1529 4036 1623 4088 τοῦ
1659 4036 1873 4099 αἰῶνος.
1901 4055 1919 4085 ι

344 4135 552 4198 Πιστάς
581 4130 700 4187 εἷπε
725 4132 820 4196 τὰς
851 4129 1088 4194 ἐντολὰς,
1115 4129 1235 4182 ἀντί
1266 4128 1358 4182 τοῦ
1392 4128 1627 4190 πίστεως
1664 4127 1819 4193 ἀξίας
1841 4143 1854 4156 ·
1897 4124 1925 4179 ὃ

344 4228 456 4299 γάρ
487 4224 893 4296 ὑπισχνοῦνται,
924 4221 1081 4275 τοῦτο
1110 4221 1204 4274 καὶ
1231 4219 1473 4273 ποιοῦσιν
1493 4237 1507 4250 ο
1539 4219 1924 4290 ὑπισχνοῦνται

344 4321 404 4374 δὲ
435 4321 701 4392 κάθαρσιν
722 4316 901 4388 ψυχῆς
922 4315 1146 4384 λογικῆς
1173 4316 1283 4376 τοῖς
1311 4312 1546 4384 γνησίως
1569 4313 1924 4382 φυλάττουσιν

347 4413 535 4476 αὐτάς.

888 4585 1180 4640 ΨΑΛΜΟΣ
1227 4587 1375 4638 PlA'.

427 4700 529 4755 Ἔν
567 4697 696 4763 ταῖς
761 4694 1037 4760 ἐντολαῖς
1096 4692 1288 4748 αὐτοῦ
1350 4692 1592 4759 θελήσει
1646 4693 1914 4762 σφόδρα,

342 4811 398 4850 κ.
432 4811 485 4848 τ.
510 4793 556 4846 ἐ.
599 4785 767 4854 Οὗτος
797 4789 939 4842 θέλει
983 4791 1039 4842 ὲν
1072 4791 1190 4851 ταῖς
1224 4787 1464 4850 ἐντολαῖς
1516 4786 1682 4840 αὑτοῦ
1713 4787 1918 4859 σφόδρα.

343 4886 372 4940 ὁ
405 4884 542 4951 μετὰ
570 4885 749 4954 πάσης
782 4882 1068 4954 ἀκριϐείας
1097 4881 1384 4950 φυλάσσων
1410 4879 1596 4942 αὐτάς.

415 4977 569 5041 Δόξα
602 4975 698 5029 καὶ
733 4973 996 5038 πλοῦτος
1043 4973 1112 5025 ἐν
1161 4970 1241 5036 τῷ
1286 4971 1429 5038 οἴκῳ
1471 4971 1678 5034 αὑτοῦ,
1707 4988 1759 5024 κ.
1787 4988 1838 5023 τ.
1869 4971 1916 5025 ὲ.

354 5068 418 5121 Ἦ
455 5067 615 5137 σοφία
641 5066 734 5119 τοῦ
768 5062 922 5129 Θεοῦ,
953 5062 1087 5116 καθὸ
1123 5064 1220 5132 μὲν
1247 5061 1505 5123 ἀφθονίαν
1528 5062 1754 5134 παρέχει
1789 5062 1921 5116 θεω-

345 5159 624 5230 ρημάτων,
663 5157 886 5218 πλοῦτος
922 5152 1186 5214 καλεῖται,
1237 5153 1371 5206 καθὸ
1406 5151 1461 5205 δὲ
1513 5151 1923 5223 παρασκευάζει

341 5251 467 5314 τοὺς
499 5247 815 5320 ἀνθρώπους
844 5245 1083 5310 δοξάζειν
1102 5243 1190 5296 τὸν
1222 5243 1561 5314 κεκτημένον
1586 5245 1775 5314 αὐτὴν,
1802 5243 1921 5295 ὀνο-

346 5339 579 5411 μάζεται
607 5338 753 5403 δόξα.

425 5430 834 5498 Ἑξανέτειλεν
894 5427 964 5480 ἐν
1010 5427 1214 5480 σκότει
1284 5423 1411 5493 φῶς
1471 5423 1596 5489 τοῖς
1653 5423 1917 5486 εὺθέσιν,

341 5543 394 5580 κ.
434 5543 486 5580 τ.
524 5525 570 5576 ὲ.
621 5523 677 5575 Ὀ
718 5519 906 5591 Σωτὴρ
945 5519 1000 5571 ὲν
1032 5520 1143 5580 τοῖς
1190 5516 1540 5584 Εὑαγγελίοις
1599 5517 1731 5586 φησὶ
1780 5515 1916 5586 πρὸς

339 5617 464 5678 τοὺς
505 5611 779 5684 μαθητάς·
818 5629 835 5658 ι
875 5609 939 5660 Ὃ
984 5606 1252 5676 ἠκούσατε
1284 5607 1341 5658 ὲν
1371 5608 1436 5676 τῇ
1474 5605 1686 5675 σκοτίᾳ,
1731 5607 1912 5658 εἵπετε

343 5708 398 5760 ὲν
431 5707 505 5776 τῷ
536 5704 692 5774 φωτί.
736 5722 754 5752 ι

414 5849 454 5878 ⁸³
487 5856 637 5901 toan.
678 5861 784 5911 XVI,
813 5845 897 5899 5?.-

981 5844 1025 5874 νι
1059 5842 1176 5898 [ιδιιι
1234 5857 1318 5905 εκ,
1357 5845 1442 5898 Nl,
1511 5841 1553 5870 ⁸⁵
1593 5839 1774 5894 Matth.
1813 5857 1864 5904 κ,
1896 5840 1984 5896 27.

2035 1833 2114 1888 Ac
2161 1836 2204 1887 si
2265 1835 2412 1888 dicat
2454 1853 2467 1888 :
2516 1831 2650 1886 Ante
2685 1849 2899 1886 OIIIIICIII
2940 1835 3316 1888 rationabilem
3360 1845 3612 1887 naturam

2035 1925 2192 1992 genui
2245 1935 2314 1978 te.
2360 1924 2536 1979 Altius
2589 1926 2998 1993 generationem
3049 1925 3250 1979 Christi
3282 1935 3335 1978 et
3376 1924 3610 1979 Luciferi

2035 2015 2291 2076 scrutari,
2322 2031 2484 2082 supra
2529 2016 2679 2068 vires
2716 2025 2930 2069 nostras
2978 2023 3080 2067 est.
3138 2013 3336 2067 Multus
3367 2014 3508 2066 enim
3547 2027 3612 2065 ea

2031 2106 2098 2161 de
2134 2122 2191 2161 re
2217 2122 2394 2161 sermo
2426 2116 2509 2160 est
2536 2117 2588 2160 et
2617 2106 2980 2176 contemplatu
3014 2106 3264 2160 ditlicilis.

2105 2289 2268 2342 Vens.
2297 2287 2349 2342 6.
2378 2287 2654 2343 Judicabit
2681 2289 2736 2342 in
2766 2289 3066 2341 nationibus
3093 2327 3107 2349 ,
3135 2287 3369 2356 implebit
3403 2290 3608 2354 ruinas,

2028 2387 2138 2435 etc.
2172 2381 2358 2448 Implet
2389 2381 2573 2434 ruinas
2601 2381 2802 2433 veteris
2839 2380 3077 2434 hominis
3117 2380 3208 2448 qui
3242 2381 3612 2450 corrumpitur

2035 2473 2332 2527 secundum
2359 2473 2560 2527 erroris
2585 2471 2874 2526 desideria.

2584 2643 2908 2700 l‘SALMliS
2950 2644 3063 2700 CX.

2104 2761 2267 2814 Vens.
2297 2759 2348 2825 1,
2389 2758 2443 2812 2.
2484 2757 2550 2810 In
2582 2757 2804 2812 consilio
2826 2758 3100 2827 justorum
3132 2770 3178 2813 et
3213 2763 3614 2832 congregatione

2032 2868 2223 2920 magna
2254 2867 2408 2915 opera
2441 2849 2679 2913 Domini,
2743 2861 2850 2906 etc.
2899 2850 3088 2920 Magna
3125 2852 3260 2906 dixit
3307 2869 3470 2922 Opera
3507 2855 3610 2907 Do-

1955 2969 1998 3025 C
2033 2944 2162 2995 mini
2195 2952 2413 3009 propter
2446 2942 2780 2994 reconditam
2809 2941 2860 2992 in
2889 2941 2996 2996 illis
3025 2943 3372 3010 sapientiam.

2110 3032 2269 3086 \‘t-zns.
2317 3031 2368 3084 5.
2422 3031 2608 3084 It‘sram
2657 3032 2798 3084 dedit
2852 3032 3157 3086 (iurantibus
3203 3050 3280 3098 se,
3321 3044 3427 3088 etc.
3472 3035 3610 3092 Esca

2031 3123 2331 3176 timentium
2361 3120 2654 3174 Dominum
2692 3123 2956 3192 sapientia
2988 3135 3073 3178 est
3111 3123 3206 3179 Dei
3243 3143 3256 3179 :
3290 3142 3414 3180 naut
3449 3145 3467 3178 ι
3502 3127 3606 3181 iui-

2029 3216 2158 3268 tium
2185 3214 2464 3281 sapientia:
2494 3213 2655 3266 timor
2687 3215 2895 3267 Domini
2947 3214 3016 3267 ⁸⁸.
3055 3234 3074 3266 ι

2098 3307 2263 3360 Vens.
2325 3307 2379 3360 6.
2445 3305 2701 3359 Virtutem
2744 3323 2960 3375 Operam
3010 3324 3228 3362 suorum
3273 3311 3606 3364 annuntiavit

2024 3401 2216 3465 papula
2255 3415 2370 3461 suo,
2415 3407 2522 3451 etc.
2571 3398 2770 3451 Eorum
2823 3415 2944 3467 quae
2983 3401 3329 3470 contigerunt
3363 3411 3610 3455 contem-

2025 3487 2318 3557 platiOuem
2381 3491 2635 3544 virtutem
2691 3506 2914 3559 operum
2981 3492 3100 3561 ejus
3175 3503 3350 3545 vocat.
3413 3490 3602 3546 Virtus

2028 3590 2204 3635 autem
2239 3581 2384 3636 dicta
2437 3591 2520 3636 est
2571 3583 2823 3645 scientia,
2877 3583 3001 3650 quia
3049 3583 3358 3637 rationabili
3396 3593 3606 3638 natura:

2026 3675 2278 3728 virtutem
2310 3676 2519 3730 inserit.

2100 3765 2265 3821 Vens.
2298 3768 2349 3821 7.
2399 3766 2573 3836 Opera
2607 3783 2858 3821 manuum
2886 3770 2999 3838 ejus
3032 3771 3224 3823 veritas
3250 3769 3608 3838 etjutlicium,

2026 3869 2136 3913 etc.
2175 3859 2388 3912 Veritas
2429 3860 2481 3912 in
2520 3861 2689 3914 rectis
2721 3861 2996 3927 decretis,
3024 3862 3288 3931 judicium
3330 3863 3381 3914 in
3416 3864 3607 3931 agendi

2026 3948 2238 4000 ratione
2281 3949 2634 4016 conspicitur.
2675 3966 2696 3999 α
2727 3948 2926 4002 Fidelia
2960 3952 3143 4004 omnia
3180 3953 3434 4004 mandata
3465 3952 3604 4019 ejus,

2023 4039 2340 4092 conﬁrmata
2374 4041 2425 4092 in
2463 4039 2718 4094 saeculum
2751 4041 2954 4094 sa:culi.
2986 4060 3005 4092 ι
3046 4042 3250 4096 Fidelia
3279 4044 3419 4096 dixit
3455 4060 3607 4097 tuan-

2024 4126 2146 4178 data
2180 4125 2318 4193 ejus,
2366 4143 2429 4182 ac
2477 4129 2520 4181 si
2569 4130 2798 4184 dixisset
2851 4131 2955 4183 lide
3005 4130 3189 4200 digna.
3249 4131 3404 4197 Quod
3459 4133 3604 4186 enim

2024 4217 2361 4284 pollicentur,
2415 4221 2516 4274 hoc
2557 4230 2611 4275 et
2659 4231 2948 4290 prtestant.
3009 4223 3373 4277 Rationabilis
3423 4236 3602 4279 autem

2024 4312 2220 4365 animae
2264 4313 2557 4383 puritatem
2609 4314 2935 4384 poilicentur
2983 4317 3050 4372 iis
3093 4317 3185 4386 qui
3242 4318 3455 4373 sincere
3513 4319 3602 4373 illa

2026 4415 2262 4460 servant.

2557 4589 2886 4648 PSALMUS
2939 4592 3071 4648 CXI.

2096 4706 2264 4763 Vens.
2308 4708 2360 4762 1.
2422 4701 2490 4763 In
2523 4709 2792 4762 mandatis
2841 4726 2954 4778 ejus
2999 4710 3129 4764 volet
3157 4711 3334 4776 nimis,
3390 4722 3496 4766 etc.
3546 4713 3600 4768 in

2024 4800 2293 4854 mandatis
2322 4799 2438 4869 ejus
2466 4801 2578 4854 vult
2606 4803 2765 4856 nimis
2806 4802 2852 4857 is
2884 4802 2974 4872 qui
3017 4819 3080 4857 ea
3134 4819 3255 4858 cum
3304 4805 3449 4861 omni
3483 4805 3605 4860 dili-

2023 4892 2202 4960 gentia
2234 4891 2492 4946 custodit.

2098 4984 2259 5038 Vens.
2297 4982 2352 5037 5.
2390 4980 2574 5036 Gloria
2616 4997 2664 5036 et
2692 4985 2894 5038 dicitur
2935 4984 2990 5036 in
3020 4989 3174 5037 domo
3196 4986 3334 5054 ejus,
3360 4995 3467 5040 etc.
3496 4986 3602 5041 Sa-

2025 5077 2227 5145 pientia
2272 5075 2386 5140 Dei,
2421 5085 2692 5144 quatenus
2738 5075 3127 5130 abundantizun
3185 5079 3598 5148 contemplatio-

2023 5186 2152 5222 num
2221 5169 2446 5238 pra-lat,
2499 5180 2724 5224 vocatur
2789 5171 3032 5235 divitiae;
3086 5182 3354 5240 quatenus
3416 5181 3598 5226 autem

2025 5261 2274 5316 homines
2307 5273 2573 5332 praeparat
2610 5264 2676 5316 ad
2719 5263 3136 5332 glorificandum
3184 5279 3304 5317 eum
3356 5262 3448 5331 qui
3478 5277 3597 5316 eam

2023 5364 2303 5408 assecutus
2327 5364 2427 5417 est,
2463 5355 2763 5423 appellatur
2790 5356 2996 5425 gloria.

2095 5445 2252 5502 Vnus.
2288 5447 2342 5500 4.
2399 5447 2660 5502 Exortum
2711 5459 2783 5501 est
2829 5449 2882 5502 in
2940 5449 3167 5500 tenebris
3194 5448 3367 5501 lumen
3421 5447 3597 5512 rectis,

2022 5550 2126 5592 etc.
2170 5541 2420 5593 Salvator
2453 5540 2504 5592 in
2540 5540 2844 5609 Evangeliis
2875 5539 2952 5593 ait
2983 5539 3263 5608 discipulis
3291 5540 3370 5592 ⁸³ς
3397 5559 3414 5591 ι
3443 5538 3595 5609 Quod

2023 5627 2247 5684 audistis
2273 5628 2324 5682 in
2363 5630 2620 5696 tenebris,
2654 5629 2815 5683 dicite
2850 5629 2901 5683 in
2939 5629 3160 5684 lumine.
3197 5648 3215 5681 ι
