4106 6404
555 386 685 442 1571

1973 384 2064 442 EX
2098 384 2403 442 ORIGENE

3688 399 3836 454 1572

619 509 786 564 Vsus.
827 507 881 562 5.
921 508 1165 575 Disponet
1206 521 1473 560 sermones
1504 521 1628 560 suos
1666 508 1718 561 in
1760 506 1991 576 Judicio,
2023 516 2108 562 etc

2312 502 2908 579 Oixoroyrjoecroi'c
2964 515 3187 583 λόγους
3242 517 3432 571 αὐτοῦ
3494 520 3566 572 ἐν
3605 521 3833 587 κρίσει,

545 604 640 659 llis
672 606 928 660 utendum
963 604 1144 658 verbis
1175 613 1362 656 contra
1392 616 1485 655 eos
1514 601 1604 670 qui
1641 601 2041 655 inconsiderate
2075 609 2130 654 et

544 705 750 752 temere
782 697 978 751 divina:
1017 696 1315 764 Scriptura}
1364 695 1628 763 mysteria
1683 692 1968 761 proferunt
2001 714 2011 746 :
2046 703 2128 744 et-

542 790 684 843 enim
712 787 910 843 Paulus
939 790 1016 842 ait
1044 787 1092 819 ⁸⁶
1131 806 1144 841 :
1182 787 1304 842 (Sic
1340 801 1442 841 nos
1472 786 1745 840 existimet
1782 785 1951 855 788
1968 788 2129 838 homo

541 890 598 935 ut
627 881 903 936 ministros
934 881 1139 936 Christi
1185 890 1241 934 et
1282 879 1690 949 dispensatores
1741 878 2127 947 mysteriorum

541 973 655 1027 Dei.
696 991 715 1025 ι

610 1066 777 1122 Vnus.
822 1067 876 1121 7.
920 1066 998 1120 Ab
1023 1068 1296 1122 auditione
1322 1064 1466 1119 mala
1493 1080 1596 1118 non
1620 1064 1843 1128 timebit,
1877 1072 1983 1118 etc.
2018 1063 2127 1116 Au-

537 1160 768 1221 ditione,
806 1159 856 1211 id
893 1170 977 1213 est
1009 1160 1175 1225 fama,
1197 1159 1659 1230 quemadmodum
1685 1156 1851 1209 etiam
1883 1154 1934 1206 in
1955 1152 2126 1207 Evan-

535 1250 679 1320 gelio
710 1250 973 1317 scriptum
1009 1258 1096 1303 est
1137 1250 1181 1280 ⁸⁷
1220 1266 1232 1303 :
1271 1268 1289 1300 ι
1319 1247 1465 1302 Exiit
1513 1244 1719 1301 auditio
1762 1242 1878 1308 ejus
1917 1243 1968 1295 in
2004 1240 2124 1294 uui-

536 1358 751 1396 versam
805 1340 1042 1413 Syriam.
1074 1362 1091 1393 I
1142 1342 1209 1396 Et
1268 1357 1460 1396 rursus
1490 1340 1583 1395 ⁸⁸3
1632 1356 1651 1389 ι
1681 1334 1932 1391 Audituri
1992 1334 2125 1387 estis

539 1435 723 1505 prmlia
753 1446 809 1489 et
849 1436 1160 1489 auditiones
1196 1436 1528 1505 praeliorum.
1557 1450 1575 1483 ι

609 1526 772 1580 Vens.
817 1528 869 1581 9.
909 1526 1085 1580 Cornu
1126 1526 1241 1595 ejus
1294 1525 1613 1579 exoltabitur
1658 1522 1711 1574 in
1760 1518 1967 1590 gloria,
2009 1525 2119 1570 etc.

537 1618 679 1673 Nihil
715 1634 867 1687 aeque
911 1620 1167 1673 formidat
1201 1619 1433 1672 Satanas
1460 1633 1522 1671 ac
1542 1627 1775 1669 mentem
1802 1614 1853 1665 iu
1886 1611 2117 1666 scientia

534 1710 631 1764 Dei
665 1711 989 1764 mutilatum.

605 1804 772 1859 Vens.
814 1804 904 1858 Ιθ.
949 1802 1280 1857 Desiderium
1325 1801 1620 1872 peccatoris
1662 1797 1874 1868 peribit,
1911 1806 2017 1851 etc.
2059 1793 2115 1849 Si

2236 620 2292 656 κ.
2320 620 2371 655 τ.
2403 603 2448 654 ὲ.
2486 603 2770 674 Χρηστέον
2793 603 2871 675 τῷ
2906 605 3055 676 ῥητῷ
3080 607 3217 678 πρὸς
3251 609 3377 673 τοὺς
3401 610 3835 683 ἀπερισκέπτως

2232 695 2566 765 ἐκφέροντας
2586 694 2654 748 τὰ
2670 694 2790 748 θεῖα
2825 698 3102 768 μυστήρια
3142 699 3241 770 τῆς
3267 700 3417 766 θείας
3448 703 3693 775 Γραφῆς,
3732 707 3833 760 καὶ

2232 786 2562 858 ἀδιακρίτως
2585 804 2598 817 ·
2631 788 2727 841 καὶ
2753 788 2863 859 γὰρ
2893 790 2921 841 6
2950 789 3162 854 Παῦλὸς
3185 810 3378 863 φησιν·
3417 813 3435 846 ι
3466 795 3653 861 Οὕτως
3678 801 3835 869 ἡμᾶς

2231 877 2530 947 λογιζέσθω
2556 878 2844 948 ἄνθρωπος
2868 880 2944 943 ὡς
2970 881 3253 953 ὑπηρέτας
3283 886 3522 955 Χριστοῦ
3550 890 3647 942 καὶ
3674 892 3833 945 οἰκος

2231 973 2431 1043 νόμους
2464 973 2573 1026 τῶν
2610 974 2928 1045 μυστηρίων
2961 974 3118 1030 Θεοῦ.
3157 998 3176 1029 ›

2315 1063 2449 1117 Ἀπὸ
2472 1063 2664 1132 ἀκοῆς
2695 1066 2965 1133 πονηρᾶς
2996 1070 3068 1122 οὐ
3106 1070 3537 1138 φοϐηθήσεται,
3585 1090 3641 1127 κ.
3676 1092 3729 1129 τ.
3770 1075 3826 1131 ἑ.

2240 1155 2432 1227 Ἀκοῆς
2478 1156 2598 1210 ἀντὶ
2643 1156 2763 1221 τοῦ,
2799 1160 3009 1228 φήμης,
3041 1159 3117 1223 ὡς
3150 1161 3246 1215 καὶ
3288 1163 3347 1214 ὲν
3375 1163 3455 1234 τῷ
3496 1166 3826 1239 Εὑαγγελίῳ

2226 1247 2571 1318 γέγραπταν
2615 1267 2634 1299 ‹
2672 1245 2924 1319 Ἐξῆλθεν
2970 1251 3003 1320 ή
3039 1251 3177 1322 ἀκοὴ
3208 1252 3372 1306 αὑτοῦ
3418 1257 3499 1317 εἰς
3550 1255 3679 1326 ὃλην
3717 1258 3825 1329 τὴν

2226 1338 2456 1411 Συρίαν⁶
2498 1358 2518 1390 ›
2575 1339 2671 1393 καὶ
2704 1340 2900 1395 πάλιν·
2934 1359 2953 1393 t
2992 1341 3231 1397 Μέλλετε
3273 1345 3495 1399 ἀκούειν
3540 1347 3823 1420 πολέμους

2222 1430 2318 1483 καὶ
2343 1430 2513 1494 ἀκοὰς
2539 1430 2808 1501 πολέμων.
2856 1450 2877 1483 ι

2300 1523 2368 1576 Τὸ
2408 1523 2585 1590 κέρας
2625 1522 2813 1577 αὐτοῦ
2855 1524 3238 1592 ὑψωθήσεται
3278 1526 3350 1580 ἐν
3374 1526 3547 1597 δόξῃ,
3584 1548 3640 1584 κ.
3678 1550 3734 1586 τ.
3765 1532 3821 1591 ὲ.

2223 1611 2389 1665 Οὐδὲν
2424 1611 2569 1665 οὕτω
2609 1612 2857 1681 φοϐεῖται
2890 1615 2919 1668 6
2944 1616 3207 1678 Σατανᾶς,
3260 1616 3337 1679 ὡς
3368 1616 3491 1670 νοῦν
3526 1619 3823 1690 ὐψθέντα

2220 1705 2281 1757 ὲν
2317 1703 2517 1772 γνώσει
2551 1704 2707 1759 Θεοῦ.

2307 1796 2626 1866 Ἐπιθυμία
2665 1796 3024 1866 ἀμαρτωλοῦ
3065 1798 3397 1865 ἀπολεῖται,
3431 1820 3486 1856 κ.
3514 1821 3563 1856 τ.
3599 1805 3647 1858 ὲ.
3682 1806 3748 1859 Ei
3773 1808 3811 1879 ἠ

532 1896 858 1951 desiderium
920 1896 1231 1967 peccatoris
1283 1895 1506 1964 peribit.
1572 1890 1878 1961 peccatoris
1931 1898 2108 1941 autem

2220 1885 2487 1957 ἐπιθυμία
2509 1860 2837 1958 ἀμαρτωλοῦ
2864 1888 3169 1953 ἀπολεῖται,
3188 1893 3222 1963 ἡ
3250 1892 3304 1944 δὲ
3334 1860 3658 1964 ἁμαρτωλοῦ
3688 1860 3819 1952 tm:-

529 1988 857 2044 desideriutn
889 1999 972 2045 est
1011 1988 1215 2043 malitia
1244 2029 1259 2051 ,
1294 1990 1478 2055 utique
1520 1993 1869 2053 jeccatorutn
1904 1978 2110 2035 malitia

529 2081 749 2147 peribit.

1065 2258 1411 2315 PSALMUS'
1446 2258 1605 2315 CXII.

600 2357 766 2412 Vnus.
800 2357 855 2411 '5.
890 2357 929 2409 Α
962 2354 1091 2409 solis
1119 2364 1237 2407 ortu
1278 2369 1440 2423 usque
1466 2356 1535 2404 ad
1564 2367 1807 2405 occasum
1841 2349 2116 2405 laudabile

526 2466 714 2504 nomen
744 2449 952 2503 Domini
976 2489 992 2512 ,
1018 2458 1124 2502 etc.
1156 2446 1321 2501 Ortus
1348 2454 1473 2499 sunt
1506 2453 1715 2497 naturae
1746 2443 2097 2496 intellectua-

525 2542 606 2597 les
635 2541 689 2595 in
725 2540 922 2610 quibus
965 2538 1045 2594 sol
1087 2538 1319 2607 justitia:
1363 2539 1573 2601 oritur;
1623 2535 1885 2589 occidens
1920 2542 2104 2586 autem

524 2644 655 2689 sunt
681 2635 846 2686 etiam
888 2632 1166 2685 hominum
1203 2630 1424 2691 animae,
1473 2628 1530 2681 in
1561 2627 1762 2696 quibus
1814 2622 2108 2692 aliquando

523 2721 723 2778 occidit
751 2720 1010 2789 spiritalis
1035 2729 1095 2773 et
1116 2717 1357 2772 cwiestis
1384 2718 1485 2772 sol.

596 2813 763 2870 Vnus.
793 2813 851 2877 5,
902 2811 957 2867 6.
989 2813 1096 2878 Qui
1119 2813 1172 2867 in
1194 2812 1315 2866 altis
1337 2810 1539 2864 habitat
1569 2817 1616 2863 et
1642 2806 1868 2860 humilia
1900 2802 2106 2873 respicit

523 2908 727 2962 ἔπειτιο
756 2916 805 2962 et
838 2907 895 2961 in
945 2916 1110 2970 terra,
1164 2912 1275 2959 etc.
1333 2902 1555 2958 Habitat
1608 2900 1749 2953 Deus
1810 2898 1863 2949 in
1901 2894 2106 2950 sanctis

522 3000 882 3071 potestatibus
912 3017 926 3053 :
952 2996 1199 3067 providet
1231 3005 1412 3049 autem
1442 2990 1736 3048 lmmilibus
1770 2986 2104 3053 hominibus,

522 3100 579 3147 ut
604 3093 697 3147 fiat
717 3091 964 3148 voluntas
1005 3088 1124 3158 ejus
1148 3088 1295 3144 sicut
1330 3087 1382 3142 iu
1420 3084 1561 3141 ctelo
1591 3092 1648 3139 et
1672 3083 1725 3137 iu
1756 3090 1923 3137 terra.

590 3272 754 3328 Vens.
780 3272 837 3330 Ἰ.
878 3270 1159 3328 Suscittms
1183 3269 1249 3325 de
1278 3278 1420 3323 terra
1451 3266 1679 3334 inopem,
1709 3272 1755 3316 et
1788 3262 1852 3316 tle
1878 3270 2106 3316 stercore

518 3366 723 3436 erigens
753 3380 1059 3435 pauperem,
1089 3371 1197 3418 etc.
1248 3359 1502 3416 Animam
1538 3358 1759 3428 quidem
1812 3370 1843 3411 a
1894 3352 2102 3409 malitia

518 3459 586 3512 ad
618 3458 871 3512 virtutem
902 3456 1130 3511 suscitat
1163 3454 1326 3518 Deus,
1359 3459 1599 3507 mentem
1650 3462 1779 3502 vero
1835 3445 1902 3501 ab
1953 3445 2104 3510 ignoo

520 3549 695 3603 rantia
728 3548 794 3601 ad
829 3547 1117 3603 scientiam
1147 3552 1432 3613 provocat.

590 3640 752 3694 νεεδ.
777 3643 834 3694 9.
866 3639 972 3703 Qui
1000 3638 1240 3691 habitare
1272 3635 1399 3704 facit
1427 3632 1659 3687 sterilem
1690 3631 1745 3684 in
1782 3630 1959 3694 domo,
1997 3643 2108 3680 ma-

517 3742 651 3786 trem
681 3737 744 3785 de
778 3731 909 3799 ﬁliis
951 3730 1241 3792 ltetantem,
1268 3739 1374 3782 etc.
1399 3745 1418 3778 ι
1444 3726 1675 3788 Laatare,
1728 3722 1951 3789 sterilis,
1986 3735 2107 3799 qua:

517 3839 626 3879 non
659 3824 826 3893 paris,
871 3836 1060 3892 rumpe
1088 3832 1144 3876 et
1173 3821 1367 3886 clama,
1393 3834 1513 3888 quae
1554 3831 1658 3871 non
1688 3812 1945 3883 parturis,
1975 3798 2103 3880 quia

517 3915 670 3970 multi
724 3914 817 3968 ﬁlii
867 3912 1099 3968 deserta:
1150 3913 1324 3982 magis
1372 3925 1535 3979 quam
1588 3907 1706 3977 ejus
1758 3918 1878 3974 qua:
1938 3903 2103 3957 habet

514 4008 690 4061 virum
723 4007 789 4059 ³⁸.
823 4024 843 4060 ι
900 4006 970 4060 Et
1018 4005 1225 4060 sterilis
1264 4004 1483 4072 quidem
1537 4001 1823 4055 deserente
1874 3996 1985 4050 Dco
2042 3994 2100 4047 lit

512 4099 720 4167 anima,
746 4109 923 4156 mater
950 4112 1082 4153 vero
1109 4098 1450 4166 inoperante.

1031 4266 1158 4323 PSA
1170 4264 1359 4322 LMUS
1411 4261 1603 4320 CXIII.

2221 1977 2391 2125 θυμία
2420 1978 2537 2031 ἐστὶ
2569 1978 2808 2061 κακίαίί]
2840 1980 3009 2034 κακία
3040 1981 3148 2051 ἄρα
3177 1983 3457 2038 ἀπολεῖται
3488 1986 3596 2041 τῶν
3622 1989 3816 2063 ἁμαρ-

2221 2087 2295 2125 τω
2328 2089 2424 2124 ων.

2216 2087 2402 2125 τωΑων
2410 2108 2424 2124 ο

2785 2251 3079 2305 ΨΑΛΜΟΣ
3117 2252 3265 2306 PlB’.

2299 2343 2433 2399 Ἀπὸ
2484 2342 2799 2399 ἀνατολῶν
2844 2344 3025 2413 ἡλίου
3054 2345 3230 2414 μέχρι
3281 2345 3530 2416 δυο-μῶν
3567 2351 3813 2407 αἱνετύν

2218 2436 2278 2489 τὸ
2304 2436 2492 2503 ὄνομα
2513 2435 2757 2503 Κυρίου,
2786 2453 2842 2488 κ.
2869 2451 2924 2489 τ.
2953 2436 3001 2487 ἑ.
3040 2436 3323 2491 Ἀνατολαὶ
3356 2440 3455 2509 μέν
3478 2442 3584 2494 εἰσι
3613 2443 3809 2510 φύσεις

2214 2530 2271 2583 αἱ
2303 2528 2509 2598 νοεραὶ,
2538 2528 2595 2580 ἐν
2627 2520 2716 2591 αἷς
2738 2529 2765 2580 6
2792 2527 2891 2597 τῆς
2918 2527 3268 2601 δικαιοσύνης
3297 2531 3447 2601 ἥλιος
3484 2516 3811 2590 ἀνατέλλειο

2214 2621 2415 2690 δυσμαλ⁵
2450 2619 2506 2671 δὲ
2560 2620 2615 2671 αἱ
2649 2620 2756 2672 τῶν
2782 2618 3085 2688 ἀνθρώπων
3114 2620 3305 2692 ψυχαὶ,
3339 2624 3396 2676 ἐν
3422 2619 3509 2688 αἷς
3533 2626 3621 2678 ἔδυ
3676 2631 3809 2683 ποτὲ

2216 2710 2246 2761 6
2270 2710 2637 2779 πνευματικὸς
2669 2709 2764 2763 καὶ
2789 2711 3111 2782 ἐπουράνιος
3148 2711 3317 2781 ἥλιος.

2298 2798 2352 2851 Ὁ
2378 2799 2447 2852 ἐν
2472 2798 2733 2867 ὑψηλοῖς
2759 2799 3052 2852 κατοικῶν
3068 2802 3167 2853 καὶ
3196 2804 3267 2855 τὰ
3295 2806 3547 2859 ταπεινὰ
3569 2806 3806 2877 ἐφορῶν

2213 2886 2284 2942 ἐν
2308 2886 2389 2952 τῷ
2424 2886 2658 2955 οὐρανῷ
2689 2888 2786 2940 καὶ
2816 2887 2886 2941 ἐν
2917 2886 2991 2957 τῇ
3023 2886 3121 2958 γῇ,
3150 2907 3201 2943 κ.
3246 2909 3295 2944 τ.
3330 2893 3375 2944 ἐ.
3425 2895 3580 2946 υίκεί
3627 2895 3729 2965 μὲν
3775 2899 3804 2950 6

2215 2979 2348 3043 Θεὸς
2377 2979 2436 3033 ἐν
2460 2980 2581 3041 ταῖς
2612 2978 2797 3046 ἁγίαις
2827 2978 3121 3050 δυνάμεσι·
3152 2986 3459 3052 προνοεῖται
3489 2984 3547 3036 δὲ
3572 2985 3683 3037 τῶν
3705 3004 3805 3038 τα-

2137 3090 2179 3148 C
2216 3072 2417 3126 πεινῶν
2451 3073 2777 3145 ἀνθρώπων.
2812 3074 2898 3127 ἵνα
2925 3074 3149 3145 γένηται
3179 3076 3242 3128 τὸ
3277 3075 3488 3148 θέλημα
3521 3078 3687 3132 αὑτοῦ
3724 3081 3802 3144 ὡς

2216 3167 2274 3218 ὲν
2300 3164 2517 3237 οὐρανῷ
2542 3167 2637 3221 καὶ
2664 3167 2758 3219 ἐπὶ
2788 3160 2888 3238 τῆς
2910 3167 3035 3237 γῆς.

2295 3258 2349 3311 '0
2397 3258 2641 3327 ἐγείρων
2664 3260 2782 3311 ἀπὸ
2813 3257 2926 3328 γῆς
2956 3259 3216 3327 πτωχὸν,
3259 3261 3358 3314 καὶ
3391 3263 3510 3316 ἀπὸ
3547 3266 3803 3333 κοπρίας

2212 3348 2469 3417 (ﬁrmi-(Br
2514 3349 2770 3417 πένητα,
2808 3366 2862 3401 κ.
2917 3366 2966 3401 τ.
3006 3349 3051 3401 ὲ.
3088 3349 3279 3421 Ψυχὴν
3312 3350 3412 3421 μὲν
3451 3352 3655 3425 ἐγείρει
3689 3356 3804 3409 ἀπδ

2212 3441 2411 3505 κακίας
2443 3440 2530 3493 ἐπ’
2560 3440 2761 3511 ἀρετὴν
2792 3440 2819 3492 6
2844 3439 2994 3505 Θεὸς,
3020 3441 3145 3495 νοῦν
3178 3441 3233 3495 δὲ
3268 3442 3375 3495 ἀπὸ
3404 3444 3679 3512 ἀγνωσίας
3716 3450 3800 3511 εἰς

2211 3535 2413 3603 γνῶσιν
2442 3533 2833 3604 προτρέπεται.

2294 3624 2345 3677 Ὀ
2376 3622 2717 3683 κατοικίζων
2760 3623 3007 3691 στείραν
3031 3623 3101 3676 ὲν
3125 3623 3286 3689 οἴκῳ,
3315 3627 3545 3694 μητέρα
3574 3628 3673 3681 ἐπὶ
3705 3631 3801 3685 τέ-

2208 3733 2373 3782 tero“;
2391 3713 2886 3784 εὐφραινομένην,
2916 3731 2979 3766 κ.
3001 3730 3053 3768 τ.
3086 3715 3134 3767 ὲ.
3159 3734 3177 3765 ‹
3206 3715 3581 3787 Εὐφράνθητι,
3606 3720 3799 3790 στείρα

2209 3808 2242 3877 ἡ
2271 3807 2331 3858 οὐ
2365 3805 2644 3869 τίκτουσα,
2704 3804 2864 3876 ῥῆξον
2899 3804 2993 3858 καὶ
3027 3804 3242 3875 βόησον,
3291 3808 3323 3876 ἠ
3366 3807 3469 3860 οὐκ
3506 3807 3798 3873 ὠδίνουσα,

2209 3901 2290 3952 ὅτι
2318 3898 2489 3951 πολλὰ
2510 3898 2759 3951 τὰτέκνα
2788 3897 2889 3967 τῆς
2916 3898 3126 3967 ἐρήμου
3154 3897 3353 3968 μᾶλλον
3382 3898 3414 3969 ἢ
3443 3899 3541 3970 τῆς
3564 3901 3799 3971 ἐχούσης

2206 3992 2298 4045 τὸν
2326 3991 2517 4063 ἄνδρα.
2563 4010 2581 4042 ι
2615 3990 2724 4045 Καὶ
2763 3991 2954 4059 στείρα
3006 3990 3105 4061 μὲν
3152 3991 3611 4058 ἐγκαταλιπόντος
3653 3994 3796 4047 Θεοῦ

2207 4084 2417 4153 γίνεται
2450 4082 2618 4152 ψυχὴ,
2651 4083 2833 4154 μήτηρ
2862 4081 2920 4134 δὲ
2953 4080 3325 4153 ἐνεργοῦντος.

2763 4258 3055 4312 ΨΑΛΜΟΣ
3092 4257 3235 4311 PII".

582 4362 750 4419 Vens.
789 4362 844 4426 l,
879 4359 935 4415 2.
991 4358 1061 4413 In
1107 4359 1251 4414 exitu
1276 4356 1451 4411 Israel
1496 4358 1561 4410 de
1606 4354 1862 4426 ZEgypto,
1908 4354 2097 4409 domus

2286 4354 2381 4405 Ἐν
2401 4350 2592 4415 ἐξόδῳ
2642 4349 2883 4419 Ἰσραὴλ
2924 4348 2994 4414 ἐξ
3013 4350 3341 4420 Αἰγύπτου,
3377 4350 3551 4405 οἴκου
3594 4352 3799 4408 Ἰακὼϐ

509 4455 677 4510 Jacob
713 4455 778 4509 de
806 4452 1000 4524 populo
1041 4451 1291 4515 barbaro,
1326 4450 1473 4519 facta
1508 4456 1587 4503 est
1625 4448 1817 4502 Judaza
1850 4446 2096 4514 sanctiﬁ-

510 4549 650 4602 catio
684 4547 823 4616 ejus,
855 4553 965 4601 etc.
990 4542 1049 4598 Si
1082 4541 1445 4598 sanctiﬁcatio
1489 4540 1586 4598 Dei
1626 4537 1814 4595 iudica
1845 4547 1952 4602 est,
2001 4536 2099 4590 Ju-

512 4636 626 4689 dzea
682 4648 816 4689 vero
873 4633 1266 4703 interpretatur
1298 4629 1576 4698 conﬁtens,
1622 4628 1801 4685 omnis
1830 4625 2099 4683 conﬁtens

512 4726 690 4780 anima
716 4724 1078 4780 sanctiﬁcatio
1102 4722 1198 4778 Dei
1232 4732 1339 4779 est.

585 4818 745 4873 Vens.
784 4818 841 4872 4.
868 4816 1078 4871 Montes
1108 4814 1505 4870 exsultaverunt
1533 4823 1594 4868 ut
1625 4812 1841 4879 arietes,
1860 4824 1916 4868 et
1939 4808 2097 4866 colles

513 4909 647 4964 sicut
675 4910 799 4980 agni
828 4909 1035 4974 ovium,
1068 4915 1177 4963 etc.
1210 4906 1424 4963 Montes
1460 4915 1516 4960 et
1556 4904 1725 4961 colles
1768 4911 1898 4959 sunt
1936 4902 2099 4973 spiri-

512 5002 648 5057 tales
676 5010 883 5056 natura:
906 5015 1025 5071 qua:
1054 5001 1120 5056 de
1145 5000 1323 5055 salute
1354 4997 1527 5053 Israel
1557 4997 1834 5051 laetantur.
1862 4994 1921 5049 Si
1950 4994 2097 5050 enim

508 5096 601 5163 qui
631 5094 685 5148 in
719 5093 877 5149 caelis
919 5101 1048 5149 sunt
1098 5092 1335 5165 gaudent
1370 5106 1535 5161 super
1570 5104 1678 5145 uno
1707 5087 1875 5160 789
1922 5088 2095 5156 pinni-

510 5190 733 5245 tentiam
789 5201 1006 5258 aacnte,
1059 5199 1265 5259 quanto
1314 5187 1488 5257 magis
1533 5200 1700 5256 super
1736 5194 1819 5240 tot
1862 5183 2098 5238 millibus

509 5282 789 5336 hominum
824 5281 918 5350 qui
953 5295 982 5333 a
1012 5279 1145 5334 vitio
1172 5277 1239 5331 ad
1272 5278 1555 5339 virtutem,
1586 5284 1641 5329 et
1675 5274 1745 5330 ab
1786 5272 2095 5343 ignorantia

508 5374 577 5427 ad
604 5371 892 5426 scientiam
922 5370 1015 5426 Dei
1051 5367 1415 5442 gradiuntur!

579 5459 749 5518 Vsus.
776 5461 832 5517 8.
865 5462 971 5529 Qui
1003 5462 1251 5517 convertit
1285 5469 1488 5531 petram
1517 5460 1571 5514 in
1593 5472 1782 5531 stagna
1812 5472 2092 5528 aquarum,

506 5560 556 5605 et
588 5570 763 5623 rupem
789 5554 841 5607 in
874 5554 1044 5623 fontes
1076 5570 1361 5623 aquarum,
1391 5562 1501 5608 etc.
1528 5553 1802 5619 Quantum
1828 5550 1892 5605 ad
1927 5549 2097 5605 histo-

510 5642 645 5696 riam
679 5644 933 5714 pertinet,
964 5645 1130 5700 semel
1162 5645 1213 5700 in
1250 5646 1468 5701 deserto
1494 5657 1761 5700 conversa
1807 5650 1959 5712 petra
1993 5655 2091 5711 po-

580 5830 625 5861 "
656 5831 672 5884 I
701 5830 827 5888 Cor.
858 5848 929 5897 tv,
957 5835 1006 5887 l.
1083 5836 1125 5866 ⁸⁷
1155 5836 1345 5892 Matth.
1381 5853 1453 5903 Iv,
1484 5836 1579 5893 24.
1653 5836 1702 5869 ⁸⁸
1731 5836 1859 5892 ibid.
1892 5850 2038 5901 xstv,
2076 5835 2128 5889 6.

2201 4446 2270 4498 ἐκ
2322 4443 2478 4497 λαοῦ
2519 4440 2850 4510 βαρϐάρου,
2897 4440 3150 4509 ἐγενήθη
3213 4441 3464 4496 Ἰουδαία
3525 4444 3797 4514 ἀγιάσμα

2201 4533 2412 4598 αὑτοῦ,
2476 4550 2532 4586 κ.
2572 4551 2622 4586 τ.
2686 4533 2731 4586 ὲ.
2797 4532 2860 4585 Εἰ
2889 4531 3134 4603 ἁγίασμα
3156 4532 3251 4585 τοῦ
3281 4533 3415 4586 Θεοῦ
3469 4537 3503 4605 ἡ
3561 4536 3795 4592 Ἰουδαία

2201 4627 2368 4693 ἐστὶν,
2399 4627 2434 4696 ἡ
2459 4625 2516 4679 δὲ
2555 4625 2786 4679 Ἰουδαία
2820 4624 3368 4695 ἐξομολογούμενος
3397 4628 3789 4698 ἑρμηνεύεται,

2202 4718 2352 4770 πᾶσα
2384 4715 2854 4788 ἐξομολογουμένη
2886 4715 3033 4788 ψυχὴ
3056 4716 3306 4788 ἁγίασμα
3324 4717 3419 4771 τοῦ
3450 4719 3585 4772 Θεοῦ
3610 4721 3752 4775 ἐστι.

2276 4810 2355 4864 Τὰ
2386 4809 2492 4877 ὅρη
2524 4810 2899 4877 ἐσκίρτησαν
2934 4809 3079 4862 ὡσεὶ
3107 4811 3282 4877 κριοὶ,
3328 4812 3426 4865 καὶ
3466 4814 3521 4865 οί
3568 4813 3794 4876 βουνοί

2198 4901 2281 4967 ὡς
2310 4901 2493 4969 ἀρνία
2529 4900 2859 4969 προϐάτων,
2889 4919 2942 4955 κ.
2969 4918 3019 4955 τ.
3058 4904 3106 4956 ὲ.
3139 4902 3220 4955 Τὰ
3251 4903 3353 4975 ὅρη
3396 4906 3491 4958 καὶ
3523 4908 3574 4958 οἱ
3609 4906 3793 4976 βουνοὶ

2199 4991 2384 5063 νοεραὶ
2437 4990 2627 5061 φύσεις
2669 4990 2777 5043 εἰσὶ
2826 4990 3230 5061 χαίρουσαιὲπὶ
3279 4995 3346 5064 τῇ
3396 4996 3642 5065 σωτηρίᾳ
3691 4997 3789 5049 τοῦ

2212 5080 2451 5153 Ἰσραήλ.
2470 5079 2534 5134 Ei
2559 5079 2666 5152 γὰρ
2696 5079 2978 5152 χαίρουσιν
3008 5081 3058 5133 oi
3087 5082 3146 5133 ὲν
3167 5084 3277 5145 τοῖς
3304 5082 3554 5154 οὐρανοῖς
3585 5085 3678 5137 ὲπὶ
3708 5086 3793 5139 ἐνὶ

2198 5174 2568 5245 μετανοοῦντι,
2599 5173 2752 5244 πόσῳ
2798 5173 2997 5243 μᾶλλον
3032 5173 3127 5227 ἐπὶ
3172 5174 3464 5239 τοσαύταις
3527 5177 3795 5248 μυριάσιν

2196 5264 2508 5330 ὁδευούσαις
2530 5264 2639 5319 ἀπὸ
2661 5265 2859 5329 κακίας
2875 5265 3010 5337 πρὸς
3028 5264 3247 5337 ἀρετὴν,
3271 5268 3365 5319 καὶ
3387 5267 3496 5321 ἀπὸ
3510 5268 3793 5336 ἀγνωσίας

2198 5359 2291 5412 ἐπὶ
2313 5358 2515 5428 γνῶσιν
2536 5357 2672 5412 Θεοῦ
2699 5361 2712 5412 ι

2275 5450 2385 5506 Τοῦ
2417 5450 2796 5521 στρέψαντος
2828 5450 2944 5519 τὴν
2974 5451 3201 5519 πέτραν
3250 5452 3338 5517 εἰς
3377 5450 3598 5520 λίμνας
3645 5450 3794 5506 ὑδά-

2197 5561 2333 5611 των,
2392 5544 2493 5597 καὶ
2549 5544 2664 5612 τὴν
2719 5544 3058 5615 ἁκρότομον
3113 5545 3202 5610 εἰς
3272 5544 3470 5613 πηγὰς
3523 5542 3788 5609 ὑδάτων,

2198 5655 2253 5692 κ.
2293 5655 2343 5691 τ.
2380 5639 2427 5690 ἐ.
2465 5636 2553 5701 Ὦς
2596 5636 2695 5708 μὲν
2725 5636 2860 5707 πρὸς
2889 5635 2987 5707 τὴν
3021 5634 3262 5707 ἱστορίαν
3290 5633 3439 5699 ἅπαξ
3472 5635 3529 5689 ἐν
3556 5637 3624 5707 τῇ
3657 5636 3789 5706 ἐρή-

2205 5836 2250 5868 ⁸⁹
2279 5833 2395 5890 Gal.
2425 5851 2497 5901 tv,
2524 5833 2613 5889 27.
