4106 6456
427 439 568 494 1573
1380 433 1695 491 SELECTA
1734 433 1800 489 ΙΝ
1841 432 2177 490 PSALMOS.
2217 463 2284 476 -—
2325 435 2519 492 PSAL.
2560 437 2744 493 CXIV.
3552 439 3689 495 15'“

424 576 510 630 μῳ
546 557 781 628 στρέψας
806 555 902 627 τὴν
939 554 1143 625 πέτραν
1168 552 1386 609 ἐπότισε
1422 552 1513 606 τὸν
1562 552 1809 624 Ἰσραήλ·
1844 552 1919 615 ὡς
1944 552 2000 605 δὲ
2032 579 2045 611 Α

2067 585 2077 611 .
2108 554 2239 608 lavit
2266 552 2522 609 lsraelem
2546 572 2561 617 ;
2589 556 2888 610 secundum
2914 564 3095 611 autem
3122 554 3422 626 spiritalem
3448 571 3688 620 sensum,

422 650 558 721 ’πρὸς
610 648 671 701 τὸ
722 648 933 718 πνεῦμα
988 648 1075 700 ἀεὶ
1135 648 1355 717 στρέφει
1423 646 1521 716 τὴν
1579 647 1823 717 πέτραν,
1882 645 2002 713 ἥτις

2106 661 2322 715 semper
2350 649 2620 702 convertit
2652 658 2878 716 petram,
2908 664 3028 719 qua:
3045 648 3302 703 Christus
3325 657 3428 713 est,
3454 659 3510 703 et
3540 661 3688 717 potat

422 742 572 795 ἐστὶν
605 742 634 794 6
690 740 944 812 Χριστὸς,
996 743 1089 795 καὶ
1128 738 1335 802 ποτίζει
1371 738 1463 791 τὸν
1498 736 1865 810 πνευματικὸν
1911 737 2006 788 Ἰσ-

1001 743 1089 795 ttat
1128 738 1335 802 ποτίζει
1371 738 1463 791 τὸν
1498 736 1865 810 πνευματικὸν
1911 737 2006 788 Ἰσ-
2105 738 2405 807 spiritalem
2443 738 2622 795 Israel.

423 833 583 904 ραήλο

484 922 802 991 Εὐλόγησε
835 921 978 988 τοὺς
1008 920 1417 991 φοϐουμένους
1444 920 1550 973 τὸν
1591 919 1830 987 Κύριον,
1862 917 2004 982 τοὺς

2177 926 2341 981 Vsns.
2387 925 2478 979 l5.
2528 924 2803 979 Benedircit
2846 927 2910 980 iis
2962 930 3055 998 qui
3117 930 3301 984 timent
3367 926 3689 996 Dominum,

417 1016 673 1085 μικροὺς
687 1014 840 1086 μετὰ
864 1015 983 1069 τῶν
1005 1016 1306 1086 μεγάλων,
1342 1033 1397 1069 κ.
1431 1032 1483 1067 τ.
1519 1015 1566 1066 ὲ.
1598 1013 1710 1082 Οὐχ
1741 1014 1790 1064 οἱ
1832 1010 2003 1081 μεγά-

2103 1018 2312 1086 pusillis
2373 1033 2491 1071 cum
2548 1016 2861 1086 majoribus,
2919 1030 3028 1075 etc.
3095 1020 3211 1074 Non
3275 1020 3510 1089 majores
3566 1037 3687 1073 cum

419 1107 502 1161 λοι
557 1108 695 1179 μετὰ
738 1109 848 1162 τῶν
882 1109 1093 1181 μικρῶν
1136 1108 1507 1177 εὐλογοῦνται,
1543 1104 1660 1159 ἀλλ’
1709 1105 1759 1156 οἱ
1816 1102 2005 1173 μικροὶ

2103 1108 2314 1178 pusillis
2371 1107 2792 1173 benedicuntur,
2834 1112 2932 1165 sed
2979 1112 3158 1180 pusilli
3206 1128 3327 1167 cum
3366 1111 3690 1178 majoribus,

424 1201 563 1273 μετὰ
594 1202 699 1255 τῶν
724 1202 996 1273 μεγάλων,
1029 1203 1116 1256 ἴνα
1142 1203 1237 1256 καὶ
1270 1202 1422 1256 αὐτοὶ
1444 1199 1710 1268 γένωνται
1754 1194 1999 1266 μεγάλοι.

2105 1212 2163 1255 ut
2200 1210 2254 1256 et
2288 1202 2387 1269 ipsi
2419 1204 2555 1255 ﬂant
2600 1201 2853 1271 majores.
2895 1202 3157 1258 Pusillum
3210 1213 3390 1258 autem
3431 1205 3532 1258 hoc
3569 1204 3689 1257 loco

421 1294 496 1347 Τὸ
516 1294 573 1346 δὲ
592 1294 786 1365 μικρὸν
815 1293 1049 1349 ἐνταῦθα
1076 1293 1252 1347 καὶτὸ
1284 1293 1428 1364 μέγα
1452 1292 1552 1346 οὐκ
1575 1290 1669 1344 ἐπὶ
1701 1287 1793 1343 τοῦ
1822 1288 2001 1352 ἐκτὸς,

2103 1302 2157 1347 et
2188 1307 2439 1361 magnum
2478 1306 2581 1345 non
2617 1292 2682 1346 de
2713 1307 2781 1345 eo
2816 1296 2957 1363 quod
3004 1304 3181 1361 extra,
3222 1295 3318 1349 sed
3354 1297 3418 1352 de
3449 1312 3515 1351 eo
3546 1298 3688 1365 quod

420 1386 535 1440 ἀλλ’
563 1386 658 1441 ἐπὶ
686 1386 780 1441 τοῦ
803 1386 953 1451 ἐντὸς
988 1386 1227 1458 νοητέον.

1213 1428 1227 1441 .
2106 1384 2247 1437 intra
2274 1400 2322 1438 e.-
2340 1392 2379 1447 t,
2405 1383 2831 1453 intelligendum.

402 1494 405 1497 '
493 1481 617 1549 Οὐχ
644 1482 698 1534 οἱ
723 1480 922 1548 νεκροὶ
954 1477 1273 1534 αὶνέσουσί
1292 1493 1387 1541 σε,
1405 1478 1600 1546 Κύριε,
1616 1477 1760 1531 οὐδὲ
1780 1476 2003 1544 πάντες

2178 1477 2340 1532 Vens.
2376 1478 2466 1540 i7,
2498 1477 2581 1531 18.
2616 1475 2743 1530 Non
2770 1481 2967 1533 mortui
2998 1480 3290 1536 (mutabunt
3331 1492 3400 1547 te,
3448 1483 3690 1549 Domine,

420 1572 473 1623 oi
501 1570 967 1636 καταϐαίνοντες
988 1573 1076 1636 εὶς
1104 1570 1273 1637 ᾅδου.
1321 1571 1473 1624 Ἀλλ’
1513 1568 1685 1638 ἡμεῖς
1706 1571 1759 1621 οἱ
1790 1567 2003 1635 ζῐῦντες

2104 1586 2265 1638 neque
2292 1586 2473 1622 omnes
2511 1570 2600 1637 qui
2642 1569 2967 1624 descendunt
3012 1573 3069 1625 in
3102 1573 3394 1639 infernum.
3444 1574 3547 1628 Sed
3598 1591 3689 1627 nos

418 1662 837 1731 εὐλογήσομεν
874 1662 981 1716 τὸν
1029 1662 1249 1731 Κύριον
1273 1662 1395 1717 ἀπὸ
1443 1660 1551 1715 τοῦ
1595 1660 1714 1715 νῦν
1740 1660 1839 1713 καὶ
1890 1659 2003 1726 ἓως

2100 1661 2193 1729 qui
2220 1661 2460 1720 vivimus,
2498 1660 2861 1714 benedicemus
2912 1660 3199 1715 Dominum
3223 1680 3288 1716 ex
3310 1665 3407 1716 Itoc
3456 1681 3593 1717 nunc
3642 1674 3690 1718 et

419 1751 527 1805 τοῦ
554 1752 788 1819 αἰῶνος,
823 1772 877 1808 κ.
906 1771 958 1807 τ.
987 1755 1033 1807 ἐ.
1083 1756 1159 1807 Οὐ
1200 1754 1420 1809 δύναται
1444 1753 1639 1825 νεκρὸς
1662 1752 1873 1807 αἰνέσαι
1902 1753 2001 1823 τὴν

2104 1768 2268 1818 usque
2298 1752 2355 1804 in
2383 1750 2659 1813 mentum,
2688 1761 2795 1805 etc.
2833 1751 2949 1807 Non
2985 1762 3163 1821 potest
3192 1765 3441 1808 mortuus
3469 1755 3691 1810 laudare

420 1842 565 1916 ζωὴν
595 1846 694 1917 τὴν
719 1847 1002 1911 εἰποῦσαν,
1041 1866 1059 1899 ι
1101 1847 1243 1917 Ἐγώ
1264 1850 1382 1919 είμι
1407 1850 1441 1919 ἡ
1483 1848 1618 1920 ζωή.
1663 1866 1682 1898 ι
1715 1864 1825 1897 -ι
1865 1844 1999 1899 Οὐδὲ
2037 1892 2041 1920 ι

2072 1843 2267 1914 ,νίιαιη
2322 1855 2442 1911 qua:
2494 1841 2629 1895 dixit
2657 1841 2704 1873 ὀ
2736 1857 2750 1894 :
2787 1858 2805 1892 ι
2835 1840 2946 1910 Ego
2991 1858 3111 1897 sum
3186 1845 3315 1898 vita.
3351 1861 3483 1894 ι--ι
3508 1842 3693 1911 Neque

420 1937 642 2002 πάντες,
676 1959 696 1991 t
745 1939 845 1993 οὐκ
889 1934 1065 2006 εἷπεν,
1101 1960 1120 1993 ι
1158 1942 1208 1994 oi
1253 1941 1612 2005 καταϐάντες,
1666 1960 1684 1992 ι
1718 1940 1833 1995 ἀλλ’
1882 1957 1903 1992 ι
1946 1940 1997 1993 οἱ
2035 1931 2041 1946 ¹

2068 1931 2315 1996 'omnes,
2349 1948 2369 1982 ι
2396 1944 2501 1983 non
2532 1931 2691 1997 dixit,
2725 1947 2744 1981 ι
2777 1931 2869 1999 qui
2902 1932 3329 1993 descenderunt,
3358 1951 3377 1984 ι
3416 1932 3534 1997 sed,
3570 1936 3689 2003 «qui

406 2042 846 2105 καταϐαίνοντες.
886 2060 904 2092 ι
943 2069 1012 2083 --
1056 2058 1075 2090 ι
1108 2039 1249 2093 Ἀλλ’
1295 2040 1456 2109 ἡμεῖς
1503 2038 1553 2090 oi
1598 2034 1829 2100 ζῶντες,
1868 2051 1886 2083 ι
1920 2031 1997 2095 ὡς

2104 2028 2465 2084 descendunt.
2505 2046 2523 2079 ι
2557 2057 2628 2065 -
2663 2046 2681 2077 ι
2722 2024 2829 2080 Sed
2875 2042 2975 2079 nos
3006 2025 3099 2094 qui
3147 2024 3400 2090 vivimus,
3442 2045 3459 2077 ι
3495 2042 3691 2095 quem-

408 2135 505 2188 καὶ
542 2132 769 2197 Παῦλος·
810 2152 828 2184 ι
870 2132 1105 2187 Ἔπειτα
1137 2133 1298 2201 ἡμεῖς
1338 2130 1388 2182 οί
1420 2129 1641 2193 ζῶντες,
1675 2127 1725 2179 οἱ
1753 2122 1995 2195 περιλει-

2102 2122 2394 2177 admodum
2416 2120 2580 2173 etiam
2606 2118 2805 2173 Paulus
2831 2118 2985 2173 ait“;
3018 2136 3035 2169 ι
3057 2117 3163 2172 Sed
3194 2133 3294 2173 nos
3317 2120 3410 2189 qui
3437 2120 3688 2185 vivimus,

411 2227 658 2297 πὸμενοι.
698 2245 717 2276 ι

2104 2215 2197 2285 qui
2229 2212 2432 2268 residui
2458 2226 2668 2266 sumus.
2706 2228 2722 2261 ι

979 2405 1274 2461 ΨΔΛΜΟΣ
1311 2406 1454 2461 ΡΙΔ’.

2641 2394 2962 2453 PSALMUS
3018 2397 3203 2454 CXIV.

498 2509 616 2563 Ὀτι
642 2510 845 2566 ἔκλινε
869 2512 937 2566 τὸ
960 2509 1071 2580 οὖς
1090 2515 1278 2570 αὐτοῦ
1304 2516 1455 2584 ἐμοὶ,
1482 2515 1582 2569 καὶ
1618 2515 1690 2569 ἐν
1708 2515 1838 2582 ταῖς
1867 2516 2009 2585 ἡμέ-

2184 2512 2350 2568 V’Ens.
2378 2512 2433 2567 2.
2463 2513 2603 2577 Quia
2640 2510 2909 2566 inclinavit
2943 2528 3123 2566 aurem
3152 2529 3303 2565 suam
3350 2514 3502 2580 mihi,
3545 2525 3593 2568 et
3647 2514 3700 2567 in

419 2617 556 2670 ραις
578 2620 699 2671 μου
729 2604 1177 2675 ἐπικαλέσομαι,
1196 2625 1250 2661 κ.
1285 2626 1335 2661 τ.
1364 2610 1410 2662 ἐ.
1453 2610 1607 2662 Ἐπεὶ
1636 2610 1710 2679 μὴ
1732 2609 2008 2678 δυνάμεθα

2115 2609 2299 2661 diebus
2340 2606 2470 2657 meis
2508 2605 2786 2666 invocabo,
2824 2612 2931 2655 etc.
2989 2602 3439 2672 Quandoquidem
3484 2614 3703 2659 orantes

427 2693 652 2755 ἑαυτοὺς
672 2694 936 2748 ἐκτείνειν
968 2698 1104 2769 πρὸς
1127 2698 1261 2751 Θεὸν
1295 2699 1598 2770 εὐχόμενοι,
1634 2700 1797 2763 αὐτὸς
1828 2700 1889 2752 τὸ
1910 2695 2003 2765 οὖς

2117 2699 2342 2754 minime
2379 2696 2623 2753 valemus
2652 2695 3014 2764 nosmetipsos
3066 2696 3134 2750 ad
3184 2695 3351 2749 Deum
3385 2699 3699 2764 extendere,

427 2780 592 2835 αὑτοῦ
624 2783 797 2839 κλίνει
826 2785 963 2858 πρὸς
988 2788 1135 2859 ἡμᾶς
1163 2789 1258 2842 καὶ
1280 2788 1489 2859 ἐγγίζει
1522 2791 1654 2860 ἡμῖν

2113 2791 2343 2860 ipsemet
2368 2803 2552 2843 aurem
2580 2804 2734 2843 suam
2758 2790 2824 2845 ad
2852 2802 2951 2843 nos
2978 2786 3204 2842 inclinat
3227 2787 3489 2857 nobisque
3508 2802 3704 2857 appro-

2153 2884 2363 2937 innuat.

501 2965 612 3020 Τοῦ
643 2967 852 3023 αὐτοῦ.
897 2967 957 3021 Ὀ
982 2970 1074 3023 τὸν
1110 2969 1261 3040 ἥλιον
1297 2970 1398 3040 τῆς
1426 2972 1771 3043 δικαιοσύνης
1811 2975 2007 3028 ἐπικα-
2112 2897 2122 2952 1

2154 2898 2203 2935 ιη
2250 2897 2363 2937 uat.

2112 2897 2147 2952 ρ
2186 2897 2463 3043 Ejusdem.
2497 2972 2599 3039 Qui
2647 2971 2815 3026 solem
2864 2969 3089 3039 justitize
3138 2970 3378 3037 invocat,
3420 2974 3475 3023 'tn
3511 2969 3700 3024 diebus

427 3057 688 3128 λούμενος
723 3062 781 3112 ἐν
820 3062 942 3124 ταῖς
980 3061 1216 3132 ἡμέραις
1243 3062 1432 3115 τούτου
1466 3063 1561 3116 τοῦ
1604 3063 1752 3135 ἡλίου
1802 3055 2048 3134 διάγων(

1288 3062 1432 3115 >ύτου
1466 3063 1561 3116 τοῦ
1604 3063 1752 3135 ἡλίου
1802 3064 2005 3134 διάγων
2032 3053 2075 3111 (ἶ
2110 3065 2273 3135 hujus
2306 3064 2438 3119 solis
2473 3078 2641 3133 agens
2670 3064 2909 3118 invocet.

430 3148 656 3202 lman:
667 3149 818 3205 ίσθω.

498 3241 831 3310 Περιέσχον
848 3260 925 3313 με
952 3242 1160 3310 ὠδῖνες
1181 3245 1461 3311 θανάτου,
1493 3265 1549 3301 κ.
1574 3266 1625 3302 τ.
1650 3249 1698 3304 ἐ.
1731 3250 1790 3303 Ὀ
1819 3251 1877 3303 ἐν
1910 3250 2007 3321 βα-

2186 3245 2353 3300 Vens.
2384 3246 2439 3300 3.
2473 3243 2950 3299 Circumdederunt
2983 3259 3063 3296 me
3087 3242 3299 3296 dolores
3340 3243 3544 3308 mortis,
3586 3251 3696 3299 etc.

431 3332 676 3402 ρυτέροις
696 3332 984 3404 γενόμενος
1006 3340 1349 3408 πειρασμοῖς,
1373 3340 1466 3392 καὶ
1492 3339 1724 3409 βάσανον
1745 3342 1805 3394 ἐν
1823 3342 2007 3406 αὐτοῖς

2108 3335 2209 3401 Qui
2244 3335 2297 3389 in
2338 3334 2597 3405 gravibus
2632 3332 3027 3387 teutationibus
3072 3343 3357 3399 versatus,
3410 3333 3465 3386 in
3500 3332 3694 3390 iisdem

426 3421 604 3486 διδοὺς
631 3424 731 3495 τῆς
764 3427 1135 3497 προαιρέσεως
1171 3430 1385 3493 ἑαυτοῦ,
1434 3430 1510 3493 ὡς
1553 3432 1648 3485 καὶ
1694 3434 1752 3485 ἐν
1777 3434 2007 3505 κινδύνῳ

2110 3427 2276 3481 animi
2329 3426 2412 3481 sui
2473 3427 2906 3496 experimentum
2954 3424 3125 3488 dedit,
3180 3434 3443 3493 tanquam
3501 3425 3593 3495 qui
3647 3427 3698 3480 in

426 3512 520 3565 τοῦ
551 3512 837 3585 νικηθῆναι
870 3515 1143 3585 γενέσθαι,
1174 3517 1308 3572 ἀλλὰ
1347 3519 1421 3590 μὴ
1456 3521 1721 3592 νικηθεὶς,
1762 3523 1907 3593 λέγοι
1940 3525 2007 3579 ἂν

2109 3518 2355 3588 pericqu
2389 3517 2555 3573 fuerit
2590 3532 2660 3572 ne
2696 3516 3031 3581 vinceretur,
3060 3516 3284 3570 minime
3314 3526 3495 3570 tamen
3524 3517 3702 3571 vietus

426 3604 523 3657 τόο
561 3624 578 3656 ι
621 3606 916 3677 Περιέσχον
965 3625 1031 3679 με
1077 3609 1264 3673 ὠδῖνες
1301 3610 1555 3675 Θανάτου,
1606 3612 1839 3668 κίνδυνοι
1880 3616 2006 3688 ᾅδου

2109 3610 2207 3673 sit,
2240 3610 2285 3663 is
2314 3609 2498 3663 dicere
2545 3610 2718 3679 possit
2750 3625 2765 3661 :
2800 3625 2817 3658 ι
2847 3607 3338 3661 Circumdederunt
3371 3623 3458 3662 me
3488 3608 3703 3664 dolores

428 3692 662 3766 εὖροσάν
714 3713 801 3766 με.
844 3716 861 3747 ι
896 3698 969 3750 Οὐ
1003 3698 1197 3751 ταυτὸν
1241 3699 1299 3752 δέ
1340 3702 1455 3754 ἐστι
1493 3702 1573 3767 τὸ,
1608 3722 1626 3755 ι
1664 3704 1829 3775 ᾍδης
1883 3702 2007 3778 εὗρέ

2112 3702 2325 3765 mortis,
2366 3699 2603 3769 pericula
2636 3699 2838 3753 inferni
2891 3698 3217 3752 invenerunt
3246 3715 3351 3753 me.
3385 3718 3403 3749 ι
3433 3698 3700 3754 Caeterum

430 3803 521 3857 με,
561 3806 579 3837 ι
611 3786 743 3857 τῷ,ι
777 3788 1030 3842 Κίνδυνοι
1062 3789 1188 3861 ᾅδου
1223 3789 1455 3863 εὔροσάν
1485 3812 1586 3865 με.
1607 3814 1628 3848 ι
1668 3796 1726 3850 '0
1751 3796 1882 3868 ᾅδης
1909 3801 2009 3869 μὲν

2115 3792 2533 3860 haudquaquam
2568 3792 2706 3845 idem
2739 3799 2843 3854 est,
2878 3807 2896 3840 ι
2924 3788 3168 3845 infernus
3193 3790 3403 3843 invenit
3436 3807 3542 3855 me,
3575 3806 3594 3842 ι
3639 3806 3704 3844 ac

427 3876 537 3949 γάρ
570 3877 814 3949 εὑρίσκει
851 3877 1061 3943 τοῦτον,
1088 3874 1149 3933 οὗ
1175 3882 1563 3952 κατισχύουσιν
1592 3885 1650 3938 αἱ
1693 3886 1860 3941 πύλαι
1906 3891 2009 3942 αύ-

2112 3883 2262 3946 illud,
2338 3880 2623 3936 «Pericula
2689 3880 2885 3935 inferni
2949 3882 3273 3935 invenerunt
3332 3897 3486 3936 me.»
3567 3881 3701 3937 Nam

427 3968 559 4022 τοῦ·
592 3970 827 4024 κίνδυνοι
871 3970 928 4024 δὲ
966 3970 1094 4042 ᾅδου
1126 3971 1285 4042 μόνον
1327 3974 1643 4046 εὑρίσκουσι
1687 3978 1779 4032 τὸν
1819 3979 1906 4034 διὰ
1948 3981 2009 4034 τὸ

2113 3971 2361 4027 infernus
2393 3972 2606 4025 invenit
2638 3970 2783 4024 illum
2809 3982 3000 4026 contra
3046 3986 3207 4041 quem
3244 3973 3543 4041 prmvalent
3579 3991 3703 4043 por-

434 4060 662 4129 μέγεθος
706 4060 813 4114 τῶν
849 4063 1174 4134 πειρασμῶν
1206 4064 1627 4123 κινδυνεύσαντα
1667 4068 1768 4139 μὲν
1795 4087 2007 4143 κρατη-

2112 4074 2178 4117 tae
2232 4062 2372 4129 ejus,
2432 4061 2670 4132 pericula
2730 4076 2862 4116 vero
2922 4062 3121 4117 inferni
3180 4063 3356 4117 solum
3420 4068 3704 4133 reperiunt

430 4149 590 4220 ϐῆναι
626 4151 732 4204 ὑπὸ
753 4151 862 4205 τῶν
888 4152 981 4207 τοῦ
1005 4153 1133 4225 ᾅδου
1173 4152 1379 4221 πυλῶν,
1408 4154 1472 4208 ού
1518 4156 1619 4227 μὲν
1657 4156 1753 4211 καὶ
1803 4174 2007 4229 κρατη-

2109 4154 2259 4208 illum
2302 4154 2394 4221 qui
2426 4155 2496 4207 ob
2543 4152 2970 4221 magnitudinem
3006 4155 3366 4208 tentationum
3396 4156 3698 4224 periculum

430 4240 591 4296 θέντα
623 4243 714 4295 ὑπ’
743 4242 942 4297 αὐτῶν.

2107 4245 2326 4314 quidem
2356 4246 2541 4312 subiit,
2577 4259 2644 4299 ne
2671 4244 3057 4313 portisinferni
3080 4246 3453 4316 subigeretur,
3477 4249 3699 4304 minime

2111 4344 2291 4389 tamen
2328 4335 2397 4386 ab
2436 4334 2502 4389 iis
2528 4334 2790 4388 subactus
2820 4342 2927 4389 est.

503 4426 724 4494 Θλίψιν
752 4425 848 4480 καὶ
880 4425 1109 4494 ὀδύνην
1135 4420 1336 4495 εὗρον,
1370 4443 1426 4480 κ.
1453 4442 1507 4480 τ.
1537 4426 1585 4482 ἑ.
1613 4426 1845 4499 Εΰρημά
1866 4429 2011 4481 ἐστιν
2042 4427 2087 4484 D

2081 4439 2087 4476 I
2186 4424 2321 4479 lntn.
2359 4425 2402 4479 Τ
2406 4425 2779 4479 ribulationem
2804 4434 2851 4479 et
2881 4425 3115 4479 dolerent
3141 4425 3335 4493 inveni,
3374 4435 3484 4481 etc.
3516 4424 3702 4479 Inven-

431 4519 466 4589 ἡ
498 4518 677 4588 Θλίψις
699 4517 778 4589 τῷ
810 4518 1133 4589 ὑπομένοντι
1186 4520 1379 4591 αὐτὴν,
1431 4520 1527 4573 καὶ
1568 4520 1907 4590 καυχωμένῳ
1949 4522 2007 4575 ἐν

2114 4526 2224 4570 tum
2254 4516 2524 4585 quoddam
2571 4526 2654 4571 est
2702 4516 2980 4571 tribulatio
3021 4515 3070 4570 ei
3117 4516 3207 4586 qui
3244 4515 3481 4571 susdnet
3531 4515 3698 4579 illam,

432 4612 554 4672 ταῖς
599 4608 832 4679 θλίψεσι,
867 4611 962 4663 καὶ
998 4609 1234 4663 ὁδεύοντι
1277 4611 1378 4683 τὴν
1426 4610 1747 4679 άπάγουσαν
1791 4614 1869 4675 εἰς
1909 4612 2008 4683 τὴν

2114 4618 2168 4664 et
2201 4610 2252 4663 in
2286 4608 2732 4663 tribulationibus
2770 4608 3057 4678 gloriatur,
3087 4618 3253 4679 atque
3277 4608 3519 4663 ambulat
3552 4608 3694 4663 viam

431 4699 597 4771 ζωὴν,
624 4696 790 4755 οὖσαν
824 4701 1015 4773 στενὴν
1040 4702 1135 4755 καὶ
1157 4701 1524 4774 τεθλιμμένην
1552 4703 1687 4756 ὁδόν.
1723 4702 1879 4757 Οὕτω
1911 4721 2010 4757 κα-

2114 4717 2236 4769 qua:
2261 4703 2409 4756 ducit
2437 4701 2504 4755 ad
2535 4701 2725 4767 vitam,
2756 4718 2874 4772 qua).
2906 4712 2989 4756 est
3015 4703 3099 4756 via
3133 4712 3281 4755 arcta
3314 4712 3371 4756 et
3406 4701 3697 4755 laboriosa.

431 4791 521 4845 λὸν
544 4793 608 4863 δὴ
636 4792 854 4864 εὕρημα
884 4794 976 4847 καὶ
996 4793 1177 4864 ὀδύνη,
1212 4795 1300 4847 ὅτε
1329 4794 1396 4847 δι’
1428 4792 1648 4863 ἀγάπην
1696 4810 1779 4855 τις
1821 4793 2011 4847 ὀδυνᾶ-

2116 4796 2193 4847 lta
2240 4807 2458 4863 quoque
2500 4792 2821 4862 praeclarum
2875 4809 3009 4847 sane
3073 4794 3353 4847 inventum
3404 4804 3488 4849 est
3522 4792 3697 4859 dolor,

431 4901 522 4937 ται
558 4884 633 4947 ὡς
667 4886 695 4937 6
728 4884 896 4936 εἰπὼν
932 4882 1143 4949 Παῦλος
1167 4902 1180 4916 ο
1210 4903 1230 4936 ι
1281 4884 1439 4955 Λύπη
1487 4884 1576 4953 μοί
1625 4885 1742 4936 ἐστι
1773 4884 2008 4953 μεγάλη,

2115 4886 2333 4954 quando
2366 4883 2488 4952 quis
2520 4899 2585 4937 ex
2620 4884 2908 4939 dilectione
2937 4883 3101 4955 790
3122 4884 3289 4947 dolet,
3330 4886 3472 4939 sicut
3502 4884 3702 4939 Paulus

434 4976 529 5029 xui.
578 4976 904 5049 άδιάληπτος
959 4978 1122 5049 ὀδύνη
1164 4980 1230 5050 τῇ
1286 4979 1477 5050 καρδίᾳ
1546 4995 1669 5048 μου,
1730 4996 1750 5030 ι
1807 4978 2008 5031 καὶτὰ

2121 4985 2309 5038 dicens
2343 4984 2388 5014 θ’
2423 4998 2436 5035 :
2472 5002 2492 5034 ι
2526 4983 2772 5038 Tristitia
2807 4984 2936 5039 mibi
2971 4999 3164 5055 magna
3186 4992 3293 5049 est,
3327 4993 3383 5038 et
3408 4985 3701 5039 continuus

434 5068 584 5139 ἑξῆς.

2119 5074 2274 5129 dolor
2301 5075 2450 5130 cordi
2481 5091 2621 5141 meo,
2655 5094 2673 5127 ι
2708 5087 2815 5131 etc.

505 5161 619 5215 Kal
661 5160 728 5215 τὸ
770 5160 959 5230 ὄνομα
993 5161 1215 5227 Κυρίου
1252 5161 1735 5234 ἐπεκωῑεσάμην,
1783 5184 1835 5219 κ.
1872 5185 1921 5219 τ.
1962 5168 2009 5220 ὲ.

2192 5168 2356 5223 Vens.
2390 5168 2443 5224 4.
2488 5166 2553 5221 Et
2591 5185 2778 5223 nomen
2808 5167 3018 5223 Domini
3050 5168 3302 5230 invocavi,
3334 5175 3443 5221 etc.
3475 5165 3698 5222 «Omnis

439 5272 460 5306 ι
499 5253 615 5316 Πᾶς
640 5251 768 5324 γὰρ,
791 5253 991 5324 φησὶν,’
1011 5252 1070 5315 ὃς
1108 5251 1174 5305 ἂν
1209 5253 1597 5323 ἐπικαλέσηται
1625 5255 1686 5308 τὸ
1703 5256 1872 5327 ὄνομα
1904 5258 2015 5309 Κυ-

2119 5262 2286 5328 enim,
2312 5262 2488 5332 inquit
2522 5261 2588 5327 ",
2618 5262 2707 5331 qui
2736 5260 3074 5316 invocaverit
3103 5275 3295 5316 nomen
3334 5260 3546 5314 Domini
3591 5259 3701 5312 sal-

435 5346 552 5418 ρίου
584 5345 904 5417 σωθήσεται.
935 5364 953 5398 ι
988 5345 1288 5416 Τοιγαροῦν
1315 5348 1343 5399 6
1368 5346 1617 5418 ἐλεήμων
1649 5349 2014 5403 ἐπικαλείσθω

2122 5366 2219 5406 vos
2250 5352 2375 5407 erit.
2416 5372 2434 5405 ι
2491 5352 2805 5409 Misericors
2832 5354 2997 5424 igitur
3042 5352 3488 5414 misericordem,
3515 5358 3570 5404 et
3607 5350 3697 5418 ju-

433 5441 525 5496 τδν
558 5441 846 5513 ἐλεήμονα,
877 5440 971 5495 καὶ
995 5440 1094 5513 τὴν
1132 5440 1480 5511 δικαιοσύνην
1522 5444 1551 5495 6
1581 5441 1809 5507 δίκαιος.
1864 5442 2011 5514 Ἠχὼ

2119 5443 2327 5497 stitiatn
2364 5445 2577 5499 invocet
2600 5443 2802 5512 justus.
2830 5442 2960 5497 Nam
2987 5443 3221 5510 jnstitia,
3262 5442 3450 5512 prima:
3474 5441 3701 5510 justitiat

432 5534 543 5606 γὰρ
567 5532 756 5605 ὥσπερ
776 5550 860 5596 τις
880 5534 914 5604 ἠ
947 5533 1005 5585 ἐν
1032 5533 1164 5602 ἡμῖν
1188 5530 1524 5604 δικαιοσύνη,
1550 5532 1650 5603 τῆς
1682 5533 1907 5605 πρώτης
1933 5534 2011 5588 δι-

2118 5535 2285 5589 veluti
2340 5535 2478 5591 echo
2529 5538 2799 5606 quwdam,
2839 5535 2991 5590 nobis
3060 5550 3158 5603 per
3228 5535 3696 5604 repercussionettt

433 5624 727 5695 καιοσύνης
754 5625 897 5677 κατὰ
918 5623 1215 5677 ἀνάκλασιν
1249 5624 1379 5693 ἡμῖν
1405 5623 1810 5693 ἐπισυμὸαίνει.
2117 5628 2350 5682 advenit.

516 5716 821 5788 Ἐλεήμων
869 5719 903 5770 ὁ
941 5717 1154 5784 Κύριος
1183 5714 1283 5769 καὶ
1330 5714 1581 5782 δίκαιος,
1637 5717 1735 5770 καὶ
1786 5720 1820 5771 ό
1865 5716 2009 5783 Θεὸς

2192 5718 2352 5774 Vens.
2404 5719 2457 5774 5.
2508 5718 2809 5776 Misericors
2857 5718 3110 5776 Dominus
3152 5727 3203 5775 et
3242 5720 3446 5791 iustus,
3477 5729 3524 5774 et
3560 5718 3696 5782 Deus

500 5881 548 5913 ”
575 5881 728 5937 Joan.
758 5896 870 5947 xw,
900 5880 953 5938 6.
1029 5883 1071 5913 "
1112 5881 1129 5936 l
1163 5882 1353 5938 'I'bess.
1392 5898 1466 5948 tv,
1500 5882 1585 5935 lt.
1662 5883 1706 5914 ³⁸
1738 5880 1894 5937 Rom.
1923 5895 1997 5944 nt,
2027 5878 2079 5932 ἓ.

949 5922 953 5936 .
1029 5883 1071 5913 ⁰¹
1112 5881 1129 5936 l
1163 5882 1353 5938 Thess.
1392 5898 1466 5948 tv,
1500 5882 1585 5935 M.
1662 5883 1706 5914 θ’
1738 5880 1894 5937 Rom.
1923 5895 1997 5944 Ix,
2027 5878 2079 5932 ἓ.
2159 5880 2202 5912 ⁸³
2230 5881 2360 5935 ibid.
2392 5896 2446 5947 ι,
2482 5880 2570 5934 15.
