4106 6446
443 447 573 500 Ιὶιῖῗὶ

1859 439 1944 492 EX
1988 437 2286 493 OlllGENE

3567 443 3709 495 1376

439 553 617 615 noster
667 560 960 624 miseretur,
1000 566 1106 612 etc.
1145 557 1587 626 Quamlorptidem
1643 571 1764 609 cum
1798 555 2009 622 jnstitia

2119 553 2287 621 ἡμῶν
2306 553 2479 618 ἐλεεῖ,
2512 573 2563 606 κ.
2593 573 2642 607 τ.
2680 556 2724 609 ἑ.
2775 557 2925 608 Ἐπεὶ
2953 559 3089 627 μετά
3125 556 3470 627 δικαιοσύνης
3509 557 3654 610 ἐλεεῖ
3683 561 3714 612 ὁ

437 654 727 706 miseretur
760 649 1016 704 Dominus
1036 688 1049 712 ,
1094 649 1407 702 misericors
1434 657 1518 700 est
1545 656 1597 699 ct
1620 646 1819 714 justus.
1881 644 2010 697 Sanl

435 755 614 798 autem
655 741 1083 810 minimcjnstns
1108 750 1224 794 erat
1263 739 1316 792 iu
1347 738 1720 792 misericordia
1749 775 1762 799 ,
1800 736 2014 802 quando

433 833 599 904 Agagi
653 831 1031 890 miserebatur.
1068 832 1282 886 Etenim
1321 832 1364 885 si
1408 832 1588 884 omnis
1644 827 2013 882 misericordia

426 925 572 995 iusta
607 924 771 987 foret,
823 937 1167 992 nequaquam
1198 922 1282 976 lex
1312 922 1359 954 ⁸⁸
1390 921 1457 974 de
1484 919 1804 989 quibusdam
1848 916 2017 970 dixis-

431 1023 517 1070 set
551 1031 565 1068 :
600 1034 617 1066 ι
644 1014 760 1068 Non
813 1014 1160 1067 misereberis
1201 1013 1336 1078 ejus.
1371 1030 1390 1064 ›
1429 1011 1524 1064 Est
1551 1010 1717 1064 etiam
1759 1007 1885 1060 illud
1916 1007 1961 1037 ³⁸
1996 1022 2010 1058 :

434 1123 457 1158 ι
481 1105 583 1170 Qui
626 1106 917 1160 miseretur
967 1105 1021 1156 in
1061 1102 1402 1167 hilaritate,»
1448 1115 1570 1154 cum
1609 1097 1816 1166 justitia
1849 1096 2013 1152 mise-

433 1206 606 1253 retur.

505 1282 668 1340 Vnus.
701 1286 754 1338 7.
792 1284 1125 1348 Convertere,
1165 1283 1343 1336 anima
1365 1297 1500 1345 mea,
1530 1284 1584 1332 in
1626 1280 1878 1349 requiem,
1903 1287 2011 1331 etc.

436 1377 669 1448 Requies
707 1376 902 1432 anima:
924 1385 1008 1431 est
1047 1387 1392 1446 peccatorum
1421 1373 1749 1427 abstinentia
1783 1385 2014 1441 :pccca-

431 1481 545 1526 tum
577 1471 724 1525 enim
757 1469 904 1522 illam
930 1469 1134 1536 dejicit,
1160 1476 1213 1522 et
1237 1483 1428 1521 omnes
1449 1465 1564 1534 ejus
1595 1465 1735 1518 vires
1757 1462 2008 1518 conterit.

434 1563 587 1618 Unde
617 1563 780 1614 etiam
816 1561 1102 1629 baptisma,
1151 1567 1337 1628 utpote
1387 1557 1526 1626 quod
1571 1556 1946 1610 liberationem
1983 1570 2012 1610 a

432 1655 672 1723 peccatis
727 1654 1031 1713 contineat,
1091 1651 1259 1704 David
1332 1666 1573 1719 «aquam
1637 1647 1950 1704 refectionis
1987 1665 2006 1699 ι

429 1745 744 1815 appellavit.
802 1745 1053 1797 Animam
1118 1745 1282 1814 igitur
1338 1744 1390 1796 in
1447 1743 1685 1812 peccatis
1735 1751 2008 1796 errantem

439 1837 594 1905 jubet
622 1835 862 1889 converti
906 1836 957 1888 in
995 1836 1256 1904 requiem.
1289 1835 1403 1889 sive
1435 1850 1529 1903 per
1556 1833 1822 1904 baptisma
1851 1873 1866 1897 ,
1897 1835 2011 1888 sive

435 1942 536 1998 per
563 1927 833 1998 lacryntas
868 1935 922 1981 ct
955 1927 1352 1996 paenitentiam.

502 2110 665 2164 Vens.
695 2111 748 2165 8.
784 2108 921 2174 Quia
969 2109 1162 2176 eripuit
1213 2108 1449 2161 animum
1501 2124 1691 2172 meam,
1727 2116 1834 2163 etc.
1881 2108 2008 2177 Ejus

428 2202 680 2256 videlicet
707 2202 799 2272 qui
832 2219 936 2256 non
985 2202 1220 2272 amplius
1251 2209 1459 2268 peccat.
1512 2219 1531 2250 ι
1565 2199 1758 2253 Anima
1863 2201 2008 2254 enim

425 2307 545 2360 qua:
582 2289 920 2359 peccaverit,
996 2293 1109 2361 ipsa
1141 2293 1403 2346 morietur
1431 2291 1498 2343 οδ.
1531 2309 1549 2342 ι
1587 2289 1687 2356 Qui
1729 2299 1908 2345 autem
1941 2291 2009 2343 ad

428 2384 530 2437 hoc
559 2385 800 2452 pervenit
839 2393 895 2436 ut
945 2384 1187 2438 dolorum
1256 2384 1326 2438 sit
1378 2399 1597 2452 expers,
1654 2384 1818 2448 dicet,
1877 2381 2007 2452 quia

431 2475 690 2526 Dominus
715 2475 1114 2543 eripuitoculos
1147 2491 1294 2530 meos
1327 2491 1356 2529 a
1396 2475 1672 2545 lacrymis.
1701 2475 1844 2529 ldem
1875 2488 2006 2529 vero

428 2565 592 2618 etiam
627 2565 765 2620 dicet
795 2566 887 2635 qni
924 2568 1085 2621 beato
1119 2567 1265 2622 luctu
1302 2567 1475 2635 luget,
1503 2566 1717 2634 quando
1755 2566 1925 2620 risum
1956 2575 2010 2620 et.

426 2655 856 2710 consolationem
891 2655 1207 2710 obtinuerit.
1237 2657 1338 2724 Qui
1371 2664 1548 2711 autem
1574 2657 1806 2711 audierit
1832 2674 1846 2710 :
1876 2673 1894 2707 ι
1928 2655 2008 2710 Tu

429 2760 558 2801 vero
600 2747 690 2802 hic
719 2757 800 2801 sta
848 2763 1058 2802 mecum
1087 2749 1152 2811 97,
1197 2767 1214 2798 ι
1270 2749 1415 2803 dicet
1454 2765 1466 2800 :
1502 2747 1709 2816 Eripuit
1751 2747 2009 2804 Dominus

428 2839 596 2908 pedes
634 2853 782 2894 meos
814 2853 841 2892 a
872 2839 1044 2909 lapsu.

967 3019 1293 3076 PSALMUS
1331 3021 1490 3077 CXV.
2039 3033 2080 3089 C

501 3136 666 3192 Vsus.
698 3136 752 3189 l.
784 3133 1020 3198 Credidi,
1053 3145 1268 3203 propter
1295 3135 1433 3205 quod
1471 3137 1676 3191 locutus
1714 3153 1851 3203 sum,
1901 3148 2006 3193 etc.

429 3231 542 3287 Nisi
591 3230 714 3298 quis
761 3230 991 3283 ﬁrmiter
1055 3238 1483 3296 constanterque
1553 3228 1885 3292 crediderit,
1946 3244 2012 3284 ne

432 3324 648 3377 doceat.
704 3322 911 3376 Sinceri
946 3321 1090 3374 enim
1133 3320 1486 3390 praeceptoris
1518 3335 1621 3374 vox
1661 3329 1746 3375 est
1783 3338 1796 3374 :
1832 3340 1850 3372 ι
1874 3320 2008 3376 ϐιοτ-

430 3415 563 3477 didi,
593 3424 816 3484 propter
846 3413 987 3483 quod
1027 3413 1239 3467 locutus
1261 3427 1402 3467 sum.
1446 3431 1465 3464 ι
1516 3411 1790 3468 Modestiae
1829 3422 2008 3468 autem

429 3506 665 3576 ejusdem
699 3514 754 3559 ct
785 3504 1111 3559 humilitatis
1144 3502 1403 3557 iudicium
1438 3511 1542 3564 est,
1591 3503 1737 3570 quod
1769 3504 2011 3559 docendo

430 3597 653 3650 minime
684 3596 1030 3659 intumescat,
1063 3609 1186 3649 cum
1208 3594 1355 3648 dicat
1385 3612 1397 3646 :
1442 3611 1459 3643 ι
1489 3593 1608 3664 Ego
1625 3603 1804 3649 autem
1837 3595 2013 3649 humi-

431 3688 592 3741 liatus
614 3703 731 3742 sum
757 3687 936 3740 nimis.
977 3703 994 3736 ι

501 3776 779 3846 Ejusdem.
841 3775 1004 3830 Fides
1055 3783 1140 3829 est
1188 3774 1383 3828 anima:
1433 3774 1619 3831 liberte
1671 3777 2012 3832 rationabilis

429 3867 700 3922 assensio.

507 3960 669 4015 Vsus.
703 3959 758 4013 2.
801 3959 914 4029 Eg‘o
954 3960 1069 4013 dixi
1102 3960 1156 4013 in
1202 3975 1417 4012 excessu
1445 3975 1596 4013 meo:
1639 3959 1825 4014 Omnis
1856 3961 2010 4016 homo

432 4055 679 4115 mendax,
708 4063 814 4109 etc.
852 4053 908 4107 Si
933 4053 1099 4107 homo
1131 4052 1293 4107 etiam
1324 4050 1489 4106 David
1511 4063 1614 4118 est,
1644 4053 1872 4108 mendax
1905 4063 2006 4109 est.

434 4145 490 4200 Si
521 4146 750 4200 mendax
782 4155 884 4209 est,
919 4161 1042 4200 eum
1074 4146 1313 4214 seipsum
1355 4146 1672 4199 mendacem
1707 4145 1866 4211 dicit,
1903 4161 2008 4200 non

433 4238 705 4302 mendax,
737 4237 832 4293 sed
875 4253 1036 4292 verax
1068 4249 1171 4293 est.
1222 4240 1277 4292 Si
1327 4249 1508 4292 autem
1554 4253 1716 4292 verus
1758 4248 1842 4294 est
1883 4253 2007 4292 cum

430 4330 664 4399 seipsum
703 4329 1016 4384 mendacem
1062 4330 1216 4397 dicit,
1262 4331 1422 4383 homo
1465 4343 1586 4384 cmn
1632 4329 1740 4393 sit,
1772 4344 1878 4383 non
1929 4337 2011 4384 est

433 4419 688 4474 mendax.
735 4416 979 4473 Vertitur
1019 4419 1202 4486 itaque
1245 4418 1422 4472 oratio
1466 4418 1532 4469 ad
1569 4427 1896 4486 utrumque,
1937 4415 2007 4468 ita

430 4521 492 4564 ut
520 4512 591 4565 sit
622 4525 810 4575 verax,
840 4509 998 4580 791
1038 4510 1084 4563 si
1127 4509 1287 4562 homo
1329 4518 1414 4562 est
1445 4525 1458 4573 ;
1511 4518 1565 4561 et
1612 4508 1726 4574 ipse
1755 4507 1821 4560 sit
1859 4521 2010 4558 men-

430 4600 561 4655 dax.
608 4598 677 4654 Et
724 4599 812 4654 hic
845 4614 1024 4654 sermo
1070 4614 1100 4652 a
1147 4597 1446 4654 dialecticis
1490 4609 1720 4653 vocatur
1753 4593 2006 4650 dilIicilis.

521 4778 797 4847 Ejusdem.
828 4779 1107 4845 Quatenus
1153 4781 1313 4832 homo
1342 4779 1464 4846 quis
1495 4787 1598 4840 est.
1637 4779 1867 4832 mendax
1900 4785 2005 4842 est,

435 4882 600 4922 verax
631 4878 810 4922 autem
839 4869 883 4922 si
905 4869 1268 4923 desieritesse
1288 4869 1466 4922 homo.
1496 4867 1628 4920 Nam
1648 4883 1748 4921 vox
1768 4887 1785 4918 ι
1814 4869 2002 4922 homo:

435 4958 726 5027 aliquando
759 4958 1124 5012 substantiam
1157 4958 1452 5028 signiﬁcat,
1497 4968 1560 5010 ut
1589 4971 1711 5011 cum
1755 4958 1954 5012 dicitur
1989 4973 2003 5008 :

439 5070 458 5102 ι
495 5050 668 5105 Homo
714 5051 936 5121 quidam
986 5059 1105 5104 erat
1159 5049 1212 5102 in
1269 5058 1409 5102 terra
1462 5047 1808 5113 Ausitide”;
1861 5066 1879 5100 ι
1913 5047 2010 5101 ali-

435 5145 653 5212 quando
693 5154 871 5198 autem
903 5142 1194 5211 pessimum
1221 5142 1458 5195 habitum
1478 5140 1631 5210 juxta
1662 5139 1790 5195 illud
1819 5159 1832 5194 :
1861 5159 1878 5192 ι
1904 5138 2012 5196 Vos

436 5247 614 5290 autem
649 5237 792 5290 sicut
832 5233 1083 5290 homines
1135 5232 1464 5296 moriemini,
1505 5242 1560 5288 et
1597 5231 1735 5287 sicut
1768 5249 1907 5287 unus
1946 5234 2012 5287 de

437 5326 770 5396 principibus
807 5324 1097 5381 cadetis”.
1153 5340 1171 5375 ι
1222 5321 1381 5379 Prior
1409 5323 1552 5378 enim
1581 5319 1729 5378 lo'cus
1758 5324 2011 5380 substan-

439 5416 589 5478 tiam,
618 5417 754 5471 altcr
783 5431 911 5472 vero
942 5414 1232 5485 pessimum
1260 5413 1499 5470 habitum
1532 5415 1794 5473 declarat.

514 5509 678 5564 Vens.
715 5507 768 5560 5.
801 5505 940 5572 Quid
970 5509 1250 5560 retribuam
1284 5502 1549 5557 Domino?
1581 5513 1687 5559 etc.
1716 5505 1771 5560 ln
1800 5505 1882 5560 liis
1912 5504 2012 5573 igi-

444 5610 530 5653 tnr
560 5611 812 5668 tanquam
849 5616 874 5652 a
906 5598 1140 5653 Domino
1165 5597 1390 5653 aﬂ'ectus
1419 5611 1609 5667 magno
1647 5597 1928 5659 benellcio.
1957 5605 2010 5651 et

447 5692 632 5746 Vulcus
661 5705 817 5745 suum
848 5691 1246 5746 benefactorem
1279 5689 1638 5756 remunerari,
1681 5691 1746 5745 de
1774 5691 1886 5760 ipso
1930 5707 2011 5746 re-

518 5846 566 5877 "
599 5845 751 5900 Deut.
789 5847 1012 5912 xux,13.
1090 5850 1133 5880 ⁸⁸
1173 5848 1326 5902 Rom.
1361 5864 1456 5913 xu,
1489 5851 1542 5904 8.

1620 5849 1665 5880 9“
1697 5845 2071 5917 Ειρ(·1ι.χιίιι,
2102 5851 2153 5906 lt.

2126 644 2350 716 Κύριος,
2381 647 2628 716 ἐλεήμων
2655 647 2771 699 ἐστὶ
2805 648 2895 700 καὶ
2929 648 3137 711 δίκαιος
3165 666 3178 678 ·
3207 648 3268 701 οὐ
3300 648 3505 712 δίκαιος
3548 648 3606 701 δὲ
3649 652 3710 701 ἐν

2120 733 2196 802 τῷ
2227 733 2398 786 ἐλεεῖν
2421 729 2487 803 ἦν
2507 737 2536 786 ὁ
2566 735 2757 799 Σαοὺλ,
2788 735 2951 790 ἐλεῶν
2986 738 3076 791 τὸν
3109 740 3306 806 ’Λγαγ.
3341 739 3450 798 Καὶ
3484 740 3532 790 εἰ
3553 734 3622 809 ἦν
3652 739 3711 790 δὲ

2123 827 2230 878 πᾶν
2264 826 2324 878 τὸ
2354 826 2520 879 ἐλεεῖν
2549 826 2775 894 δίκαιον,
2801 829 2900 882 οὐκ
2931 830 2996 883 ἂν
3035 831 3162 901 περί
3189 849 3349 885 τινων
3372 828 3526 884 εἶπεν
3556 835 3584 884 6
3613 833 3708 885 νό-

2124 932 2220 984 μος
2251 915 2329 981 τὸ,
2360 934 2380 967 ι
2413 917 2526 969 Οὐκ
2558 916 2798 988 ὲλεήσεις
2831 919 3011 974 αὐτόν.
3049 939 3067 972 ι
3102 923 3256 974 Ἔστι
3277 923 3334 975 δὲ
3363 923 3454 975 καὶ
3486 923 3568 987 τδ,
3603 941 3620 973 ι
3648 924 3711 976 Ὁ

2119 1005 2284 1060 ἐλεῶν
2314 1009 2370 1060 ἐν
2408 1007 2705 1079 ἱλαρότητι,
2725 1031 2742 1061 ι
2775 1011 2912 1080 μετὰ
2933 1011 3279 1084 δικαιοσύνης
3309 1013 3465 1066 ἐλεεῖ.

2201 1278 2625 1347 Ἐπίστρεψον,
2665 1280 2836 1349 ψυχή
2874 1299 3015 1351 μου,
3059 1285 3148 1349 εἰς
3178 1283 3292 1352 τὴν
3326 1284 3699 1350 ἀνάπαυσιν,

2118 1386 2170 1422 κ.
2207 1386 2258 1422 τ.
2289 1371 2336 1423 ὲ.
2379 1370 2707 1436 Ἀνάπαυσις
2739 1372 2840 1444 τῆς
2868 1373 3046 1445 ψυχῆς
3073 1377 3105 1447 ἡ
3135 1375 3242 1430 τῶν
3279 1377 3701 1449 ἁμαρτημάτων

2118 1462 2367 1534 ἀποκοπή
2389 1479 2405 1495 ο
2430 1465 2734 1518 κατατείνει
2765 1466 2873 1539 γάρ
2910 1469 3082 1538 αὐτὴν
3111 1472 3142 1540 ή
3179 1470 3441 1541 ἁμαρτία,
3473 1473 3567 1525 καὶ
3590 1472 3702 1525 πά-

2119 1571 2218 1617 σας
2247 1555 2416 1625 αὐτῆς
2438 1556 2538 1620 τάς
2561 1556 2818 1629 δυνάμεις
2852 1561 3149 1632 συντρίϐει.
3179 1565 3341 1616 Ὅθεν
3373 1566 3467 1616 και⁹
3498 1565 3557 1617 τὸ
3599 1565 3702 1635 βά-

2119 1663 2352 1718 πτισμα,
2383 1647 2459 1710 ὡς
2488 1649 2806 1721 ἀπαλλαγὴν
2851 1653 3262 1724 ἁμαρτημάτων
3309 1655 3450 1724 ἔχον,
3493 1674 3512 1706 ι
3550 1655 3701 1728 ὕδωρ

2113 1737 2504 1802 ἀναπαύσεως)
2541 1742 2569 1793 6
2601 1740 2762 1793 Δαυῒδ
2793 1743 3222 1814 προσηγόρευσε.
3261 1744 3372 1816 Τὴν
3396 1745 3574 1816 ψυχὴν
3596 1747 3705 1798 τοί-

2114 1845 2208 1880 νυν
2245 1828 2320 1892 ὡς
2353 1830 2410 1882 ὲν
2437 1830 2734 1900 ἁμαρτίαις
2773 1832 3138 1904 πλανηθεῖσαν
3191 1836 3515 1906 ἐπιστρέψαι
3561 1837 3703 1906 πρὸς

2041 1931 2083 1986 Β
2112 1921 2208 1990 τὴν
2230 1919 2557 1986 ἀνάπαυσιν,
2589 1922 2621 1992 ἣ
2644 1921 2731 1975 διὰ
2754 1921 2846 1975 τοῦ
2867 1923 3264 1994 βαπτίσματος,
3289 1926 3322 1996 ἢ
3357 1925 3444 1979 διὰ
3465 1925 3574 1977 τῶν
3599 1925 3701 1978 δα-

2116 2013 2297 2083 κρύων
2331 2014 2425 2066 καὶ
2449 2013 2548 2084 τῆς
2571 2017 2881 2085 μετανοίας,
2917 2018 3308 2089 προτρέπεται.

2190 2104 2310 2156 Ὅτι
2333 2104 2598 2169 ἐξείλετο
2643 2106 2757 2176 τὴν
2784 2108 2995 2177 ψυχήν
3021 2127 3161 2178 μου,
3186 2127 3240 2164 κ.
3272 2127 3320 2163 τ.
3353 2113 3400 2165 έ.
3437 2111 3545 2164 Τοῦ
3587 2129 3700 2184 μη-

2119 2192 2235 2247 κέτι
2269 2195 2674 2267 ἁμαρτάνοντος
2728 2199 2991 2270 δηλονότι.
3032 2219 3050 2252 ι
3090 2201 3250 2272 Ψυχὴ
3305 2203 3414 2273 γὰρ
3442 2204 3702 2274 ἁμαρτά-

2119 2305 2283 2341 νουσα
2312 2289 2680 2343 ἀποθανεῖται.
2722 2309 2738 2341 ι
2790 2291 2847 2345 Ὀ
2880 2291 2937 2344 δὲ
2970 2291 3206 2347 ἀλυπίαν
3246 2294 3528 2348 ἀναλαϐὼν
3558 2299 3700 2366 ὲρεῖ,

2115 2381 2195 2433 ὅτι
2218 2381 2422 2452 Κύριος
2440 2381 2673 2448 ἐξείλετο
2689 2383 2816 2446 τοὺς
2839 2383 3151 2455 ὀφθαλμούς
3172 2403 3270 2456 μου
3290 2387 3398 2439 ἀπὺ
3417 2388 3696 2459 δακρύων.

2129 2474 2273 2546 Ἐρεῖ
2303 2475 2360 2528 δὲ
2380 2476 2508 2529 αὐτὸ
2546 2476 2642 2530 καὶ
2666 2478 2694 2529 6
2713 2477 2772 2530 τὸ
2803 2477 3242 2548 μακαριζόμενον
3268 2478 3460 2543 πένθος
3493 2479 3701 2551 πενθή-

2117 2584 2236 2630 σας,
2259 2569 2387 2621 ὄταν
2412 2569 2654 2640 τυγχάνῃ
2684 2567 3144 2635 τοῦ,γελάσονται,
3168 2570 3263 2623 καὶ
3297 2570 3704 2643 τοῦ,παρακλη-

2118 2656 2391 2728 Θήσονται.
2430 2660 2488 2712 Ὀ
2534 2659 2591 2712 δὲ
2639 2657 2878 2722 ἀκούσας
2907 2659 3022 2723 τοῦ,
3063 2678 3081 2712 ι
3131 2661 3203 2715 Σὺ
3231 2661 3289 2714 δὲ
3327 2663 3493 2725 αὐτὸς
3540 2663 3704 2733 στῆθι

2119 2752 2239 2820 μετ’
2263 2750 2418 2822 ἐμοῦ,
2455 2770 2473 2803 ι
2508 2752 2644 2823 ἐρεῖ·
2694 2749 2956 2816 Ἐξείλετο
2989 2751 3192 2823 Κύριος
3233 2755 3359 2818 τοὺς
3393 2754 3561 2816 πόδας
3595 2771 3701 2826 μου

2116 2841 2226 2894 ἀπὸ
2261 2842 2651 2912 ὀλισθήματος.

2673 3029 2962 3084 ΨΛΛΜΟΣ
3002 3031 3148 3086 PlE'.

2195 3140 2584 3205 Ἐπίστευσα,
2611 3137 2704 3193 διὸ
2738 3140 3033 3207 ἐλάλησα,
3052 3157 3176 3197 κ.τ.
3203 3141 3248 3196 ἑ.
3279 3141 3340 3193 Εἰ
3362 3138 3436 3211 μὴ
3464 3139 3702 3210 βεϐαίως

2111 3250 2193 3296 τις
2246 3233 2340 3286 καὶ
2399 3231 2827 3304 ἀπερισπάστως
2889 3233 3197 3296 ἐπίστευσε,
3233 3231 3309 3302 μὴ
3359 3230 3699 3284 διδασκέτωο

2111 3324 2336 3394 γνησίου
2369 3324 2477 3393 γάρ
2507 3325 2827 3380 διδασκάλου
2856 3325 3006 3396 φωνὴ
3028 3325 3115 3377 τό·
3159 3342 3178 3375 ι
3232 3323 3579 3385 Ἐπίστευσα,
3617 3321 3702 3374 διὸ

2113 3415 2370 3488 ἐλάλησα.
2413 3435 2432 3468 ι
2471 3416 2645 3468 Αὑτοῦ
2691 3417 2748 3470 δὲ
2779 3415 2968 3468 τούτου
2997 3416 3096 3486 τῆς
3126 3415 3358 3485 ἀτυφίας
3397 3415 3490 3467 καὶ
3515 3429 3704 3464 ταπει-

2112 3506 2444 3577 νοφροσύνης
2475 3505 2692 3576 δεῖγμα,
2733 3505 2998 3576 μηδαμῶς
3031 3506 3124 3558 ἐπὶ
3163 3503 3237 3573 τῷ
3277 3503 3552 3556 διδάσκειν
3586 3519 3698 3570 φυ-

2114 3591 2397 3661 σιουμένου
2424 3594 2487 3644 ἐκ
2510 3592 2604 3645 τοῦ
2624 3609 2636 3622 ο
2670 3612 2688 3644 ι
2740 3592 2880 3660 Ἐγὼ
2906 3593 2962 3646 δὲ
2993 3592 3363 3662 ἐταπεινώθην
3393 3591 3625 3662 σφόδρα.
3673 3611 3692 3642 ι

2189 3771 2297 3826 Τοῦ
2325 3771 2534 3826 αὑτοῦ.
2552 3772 2744 3837 Πίστις
2769 3775 2884 3827 ἐστὶ
2915 3773 3091 3845 ψυχῆς
3122 3772 3472 3840 αὑτεξουσίου
3502 3773 3700 3845 λογικὴ

2116 3861 2532 3929 συγκατάθεσις.

2197 3953 2338 4024 Ἐγὼ
2372 3953 2441 4006 δὲ
2467 3950 2607 4009 εἶπα
2640 3955 2708 4009 ἐν
2732 3955 2808 4024 τῇ
2827 3956 3112 4012 ἐκστάσει
3139 3974 3258 4026 μου
3277 3973 3294 3989 ·
3319 3954 3443 4021 Πᾶς
3475 3955 3702 4022 ἄνθρω-

2111 4059 2225 4109 πος
2248 4045 2542 4113 ψεύστης.
2567 4063 2622 4101 κ.
2641 4063 2690 4100 τ.
2712 4048 2758 4100 ὲ.
2790 4049 2852 4100 Εἰ
2871 4047 3153 4118 ἄνθρωπος
3182 4047 3277 4100 καὶ
3309 4050 3337 4100 6
3359 4045 3539 4109 Δαυῖδ,
3562 4045 3700 4114 ψεύ-

2113 4152 2243 4205 στης
2277 4135 2423 4190 ἐστίν
2449 4153 2462 4166 ·
2498 4137 2546 4188 εί
2580 4137 2636 4189 δὲ
2671 4136 2909 4207 ψεύστης
2941 4139 3079 4202 ἐστὶ,
3115 4137 3290 4206 λέγων
3339 4137 3531 4190 ἑαυτὸν
3560 4136 3699 4205 ψεύ-

2113 4244 2266 4298 στην,
2313 4229 2414 4281 οὐκ
2448 4227 2563 4282 ἐστι
2605 4229 2868 4300 ψεύστης,
2903 4229 3017 4283 ἀλλ’
3057 4230 3260 4301 ἀληθής
3305 4232 3472 4283 ἐστιν.
3523 4231 3585 4282 Εἰ
3637 4230 3697 4282 δὲ

2117 4319 2323 4392 ἀληθής
2367 4323 2484 4374 ἐστι
2534 4321 2708 4390 λέγων
2749 4323 2939 4375 ἑαυτὸν
2986 4321 3248 4394 ψεύστην,
3289 4323 3574 4392 ἄνθρωπος
3619 4320 3699 4373 ὢν

2116 4412 2216 4464 οὐκ
2241 4412 2355 4464 ἔστι
2397 4413 2658 4484 ψεύστης.
2693 4414 3055 4486 Περιστρέφει
3090 4415 3196 4485 ἄρα
3232 4416 3261 4466 6
3302 4415 3457 4484 λόγος
3484 4417 3565 4476 είς
3590 4417 3700 4484 ἀμ-

2115 4504 2338 4576 φότερα,
2363 4506 2456 4558 καὶ
2475 4506 2554 4568 εἰς
2582 4505 2642 4557 τὸ
2662 4499 2798 4558 εἶναι
2830 4504 2992 4558 αὐτὸν
3021 4504 3343 4576 ἀληθευτὴν,
3369 4505 3463 4558 έάν
3487 4505 3695 4577 ἄνθρω-

2114 4607 2214 4652 πος
2234 4585 2290 4662 ᾗ,
2322 4591 2418 4644 καὶ
2441 4594 2521 4654 εἰς
2555 4593 2616 4645 τὸ
2657 4588 2796 4646 εἶναι
2823 4594 2983 4647 αὑτὸν
3013 4593 3276 4666 ψεύστην.
3303 4597 3412 4648 Καὶ
3443 4595 3688 4649 καλεῖται

2113 4683 2140 4734 6
2161 4681 2317 4750 λόγος
2343 4676 2496 4746 οὗτος
2519 4685 2671 4756 παρά
2702 4688 2814 4750 τοῖς
2834 4686 3193 4750 διαλεκτικοῖς
3224 4689 3446 4760 ἄπορος.

2191 4772 2298 4826 Τοῦ
2327 4775 2531 4828 αὐτοῦ.
2563 4775 2677 4844 Ἐφ’
2709 4777 2832 4829 ὅσον
2864 4777 3146 4849 ἅνθρωπός
3171 4795 3256 4841 τις
3285 4780 3424 4843 ἐστὶ,
3455 4780 3700 4850 ψεύστης

2113 4863 2287 4916 ἐστίν·
2317 4864 2412 4918 ὲάν
2449 4865 2506 4917 δὲ
2538 4865 2808 4938 ἀπόθηται
2843 4867 2903 4920 τὸ
2931 4863 3070 4922 εἶναι
3103 4867 3411 4940 ἄνθρωπος,
3464 4870 3698 4941 ἀληθευ-

2110 4958 2210 5026 τής
2237 4957 2372 5010 ἐστι.
2405 4957 2476 5010 Τὸ
2511 4957 2618 5029 γάρ
2653 4977 2671 5008 ι
2710 4957 2994 5029 ἄνθρωπος
3037 4979 3054 5012 ι
3087 4960 3258 5030 ὄνομα
3294 4961 3426 5015 ποτὲ
3471 4963 3569 5032 μὲν
3613 4964 3702 5015 οὑ-

2115 5048 2234 5100 σξαν
2269 5047 2437 5118 δηλοῖ,
2475 5049 2550 5112 ὡς
2575 5049 2662 5102 τόο
2704 5050 3056 5122 «Ἀνθρωπός
3089 5070 3171 5116 τις
3199 5049 3266 5124 ἦν
3305 5055 3362 5107 ἐν
3417 5055 3570 5125 χώρᾳ.
3628 5059 3696 5126 τῇ

2113 5140 2354 5193 Αὑσίτιδι
2379 5158 2392 5170 '
2437 5159 2454 5193 ι
2488 5141 2617 5194 ποτὲ
2651 5142 2706 5195 δὲ
2737 5143 3016 5215 χειρίστην
3050 5146 3405 5210 κατάστασιν,
3436 5147 3578 5200 κατά
3599 5149 3661 5199 τό
3682 5166 3695 5177 ⁸

2123 5252 2140 5281 ι
2165 5232 2351 5305 Ὑμεῖς
2402 5233 2458 5286 δὲ
2501 5233 2577 5296 ὡς
2609 5233 2886 5305 ἄνθρωποι.
2940 5237 3334 5308 ἀποθνήσκετε,
3371 5238 3464 5290 καὶ
3503 5238 3579 5300 ὡς
3617 5233 3700 5300 εἷς

2117 5324 2223 5376 τῶν
2258 5323 2534 5394 ἀρχόντων
2560 5324 2812 5378 πίπτετε.
2847 5345 2863 5376 ι
2905 5326 2977 5378 Τὸ
3009 5327 3106 5396 μὲν
3135 5327 3244 5397 γάρ
3295 5328 3504 5390 οὐσίαν,
3535 5328 3594 5381 τὸ
3643 5329 3701 5382 δὲ

2115 5417 2378 5488 κακίστην
2405 5417 2516 5482 ἕξιν
2544 5418 2711 5488 δηλοῖ.

2186 5509 2247 5562 Τί
2269 5509 2676 5563 ἀνταποδώσω
2700 5509 2779 5576 τῷ
2807 5511 3004 5580 Κυρίῳ
3023 5553 3035 5573 ,
3067 5530 3123 5569 κ.
3147 5529 3199 5566 τ.
3228 5513 3273 5568 ὲ.
3315 5513 3401 5577 Ὠς
3425 5513 3571 5583 μέγα
3603 5507 3702 5568 οὖν

2116 5602 2171 5650 ἐν
2202 5599 2407 5662 τούτοις
2438 5600 2544 5654 ἀπὸ
2575 5600 2776 5671 Κυρίου
2813 5601 3213 5672 εὑεργετηθεὶς,
3238 5602 3333 5656 καὶ
3378 5603 3700 5672 βουλόμενος

2119 5690 2455 5760 ἀμείψασθαι.
2485 5692 2575 5744 τὸν
2611 5693 2927 5764 εὐεργέτην,
2955 5693 3176 5764 ἀπορῶν
3202 5698 3332 5766 περὶ
3364 5695 3458 5748 τοῦ
3491 5694 3700 5764 τρόπου

2233 5855 2274 5882 ⁸³⁷
2307 5853 2458 5910 Deut.
2488 5870 2567 5918 ιιι,
2593 5854 2680 5910 5|.

2758 5856 2802 5886 99
2833 5854 2952 5911 Job.
2982 5873 3017 5922 ι,
3046 5857 3094 5910 1.
3175 5857 3218 5888 ⁹⁹
3246 5856 3390 5912 Psal.
3418 5869 3606 5926 Laxat,
3639 5854 3696 5912 7.
