  <div class='ocr_page' id='page_1' title='image "/cluster/home/n/w/nwhite01/storage/ocr_20150623/12:no.2/coo.31924054873074/802.png"; bbox 0 0 4106 6408; ppageno 0'>
   <div class='ocr_carea' id='block_1_1' title="bbox 312 378 452 434">
    <p class='ocr_par' dir='ltr' id='par_1_1' title="bbox 312 378 452 434">
     <span class='ocr_line' id='line_1_1' title="bbox 312 378 452 434; baseline -0.029 0"><span class='ocrx_word' id='word_1_1' title='bbox 312 378 452 434; x_wconf 78' lang='lat'><strong>1577</strong></span> 
     </span>
    </p>
   </div>
   <div class='ocr_carea' id='block_1_2' title="bbox 1269 345 2598 420">
    <p class='ocr_par' dir='ltr' id='par_1_2' title="bbox 1269 345 2598 420">
     <span class='ocr_line' id='line_1_2' title="bbox 1269 345 2598 420; baseline -0.017 0"><span class='ocrx_word' id='word_1_2' title='bbox 1269 362 1573 420; x_wconf 70' lang='lat' dir='ltr'><strong>SELECTA</strong></span> <span class='ocrx_word' id='word_1_3' title='bbox 1616 358 1679 412; x_wconf 74' lang='lat' dir='ltr'><strong>IN</strong></span> <span class='ocrx_word' id='word_1_4' title='bbox 1721 352 2059 410; x_wconf 80' lang='lat' dir='ltr'><strong>I’SALMOS.</strong></span> <span class='ocrx_word' id='word_1_5' title='bbox 2095 383 2161 390; x_wconf 92' lang='lat'><strong>—</strong></span> <span class='ocrx_word' id='word_1_6' title='bbox 2196 349 2402 403; x_wconf 76' lang='lat' dir='ltr'><strong>PSAL.</strong></span> <span class='ocrx_word' id='word_1_7' title='bbox 2433 345 2598 402; x_wconf 78' lang='lat' dir='ltr'><strong>CXV.</strong></span> 
     </span>
    </p>
   </div>
   <div class='ocr_carea' id='block_1_3' title="bbox 3428 337 3564 393">
    <p class='ocr_par' dir='ltr' id='par_1_3' title="bbox 3428 337 3564 393">
     <span class='ocr_line' id='line_1_3' title="bbox 3428 337 3564 393; baseline 0 -1"><span class='ocrx_word' id='word_1_8' title='bbox 3428 337 3564 393; x_wconf 73' lang='lat'><strong>1578</strong></span> 
     </span>
    </p>
   </div>
   <div class='ocr_carea' id='block_1_4' title="bbox 310 454 1923 566">
    <p class='ocr_par' dir='ltr' id='par_1_4' title="bbox 310 474 1923 566">
     <span class='ocr_line' id='line_1_4' title="bbox 310 474 1923 566; baseline -0.016 -17"><span class='ocrx_word' id='word_1_9' title='bbox 310 500 408 566; x_wconf 79' lang='grc' dir='ltr'><strong>τῆς</strong></span> <span class='ocrx_word' id='word_1_10' title='bbox 435 493 668 565; x_wconf 73' lang='grc' dir='ltr'>ἀμοιϐῆς</span> <span class='ocrx_word' id='word_1_11' title='bbox 699 509 830 562; x_wconf 76' lang='grc' dir='ltr'>φησι</span> <span class='ocrx_word' id='word_1_12' title='bbox 853 507 865 520; x_wconf 72' lang='grc'><strong>⁸</strong></span> <span class='ocrx_word' id='word_1_13' title='bbox 903 510 919 539; x_wconf 82' lang='grc' dir='ltr'><strong>ι</strong></span> <span class='ocrx_word' id='word_1_14' title='bbox 953 489 1016 540; x_wconf 89' lang='grc' dir='ltr'>Τί</span> <span class='ocrx_word' id='word_1_15' title='bbox 1047 483 1408 540; x_wconf 80' lang='grc' dir='ltr'><strong>ἀνταποδώσω</strong></span> <span class='ocrx_word' id='word_1_16' title='bbox 1436 480 1513 547; x_wconf 79' lang='grc' dir='ltr'><strong>τῷ</strong></span> <span class='ocrx_word' id='word_1_17' title='bbox 1542 477 1730 548; x_wconf 84' lang='grc' dir='ltr'>Κυρίῳ</span> <span class='ocrx_word' id='word_1_18' title='bbox 1758 492 1822 525; x_wconf 85' lang='grc' dir='ltr'><strong>πε</strong></span> <span class='ocrx_word' id='word_1_19' title='bbox 1835 474 1886 543; x_wconf 77' lang='grc' dir='ltr'>ρ¹ι</span> <span class='ocrx_word' id='word_1_20' title='bbox 1916 513 1923 531; x_wconf 52' lang='grc' dir='ltr'><strong><em>λ</em></strong></span> 
     </span>
    </p>
   </div>
   <div class='ocr_carea' id='block_1_5' title="bbox 2027 454 3564 566">
    <p class='ocr_par' dir='ltr' id='par_1_5' title="bbox 2027 454 3564 529">
     <span class='ocr_line' id='line_1_5' title="bbox 2027 454 3564 529; baseline -0.007 -7"><span class='ocrx_word' id='word_1_21' title='bbox 2027 466 2308 522; x_wconf 76' lang='lat' dir='ltr'><strong>tunerandi</strong></span> <span class='ocrx_word' id='word_1_22' title='bbox 2346 465 2506 519; x_wconf 91' lang='lat' dir='ltr'><strong>modo</strong></span> <span class='ocrx_word' id='word_1_23' title='bbox 2545 460 2824 529; x_wconf 83' lang='lat' dir='ltr'><strong>ambigens</strong></span> <span class='ocrx_word' id='word_1_24' title='bbox 2860 458 2935 510; x_wconf 98' lang='lat' dir='ltr'><strong>ait</strong></span> <span class='ocrx_word' id='word_1_25' title='bbox 2968 473 2980 508; x_wconf 91' lang='lat'><strong>:</strong></span> <span class='ocrx_word' id='word_1_26' title='bbox 3031 475 3049 505; x_wconf 84' lang='grc'>‹</span> <span class='ocrx_word' id='word_1_27' title='bbox 3090 454 3228 522; x_wconf 84' lang='lat' dir='ltr'><strong>Quid</strong></span> <span class='ocrx_word' id='word_1_28' title='bbox 3267 457 3564 512; x_wconf 89' lang='lat' dir='ltr'><strong>retribuam</strong></span> 
     </span>
    </p>
   </div>
   <div class='ocr_carea' id='block_1_6' title="bbox 313 567 1885 647">
    <p class='ocr_par' dir='ltr' id='par_1_6' title="bbox 313 567 1885 647">
     <span class='ocr_line' id='line_1_6' title="bbox 313 567 1885 647; baseline -0.016 -7"><span class='ocrx_word' id='word_1_29' title='bbox 313 588 531 640; x_wconf 78' lang='grc' dir='ltr'>πάντων</span> <span class='ocrx_word' id='word_1_30' title='bbox 574 579 648 638; x_wconf 84' lang='grc' dir='ltr'>ὧν</span> <span class='ocrx_word' id='word_1_31' title='bbox 691 579 1040 636; x_wconf 86' lang='grc' dir='ltr'>ἀνταπέδωκέ</span> <span class='ocrx_word' id='word_1_32' title='bbox 1099 592 1231 647; x_wconf 71' lang='grc' dir='ltr'>μοις</span> <span class='ocrx_word' id='word_1_33' title='bbox 1267 594 1284 627; x_wconf 79' lang='grc' dir='ltr'><strong>ι</strong></span> <span class='ocrx_word' id='word_1_34' title='bbox 1342 575 1430 635; x_wconf 76' lang='grc' dir='ltr'><strong>Εἰς</strong></span> <span class='ocrx_word' id='word_1_35' title='bbox 1477 569 1726 638; x_wconf 75' lang='grc' dir='ltr'>αἴσθησιν</span> <span class='ocrx_word' id='word_1_36' title='bbox 1779 567 1885 634; x_wconf 80' lang='grc' dir='ltr'>γὰρ</span> 
     </span>
    </p>
   </div>
   <div class='ocr_carea' id='block_1_7' title="bbox 313 656 1888 745">
    <p class='ocr_par' dir='ltr' id='par_1_7' title="bbox 313 656 1888 745">
     <span class='ocr_line' id='line_1_7' title="bbox 313 656 1888 745; baseline -0.016 -14"><span class='ocrx_word' id='word_1_37' title='bbox 313 677 482 731; x_wconf 83' lang='grc' dir='ltr'>ὲλΘὼν</span> <span class='ocrx_word' id='word_1_38' title='bbox 515 677 621 730; x_wconf 84' lang='grc' dir='ltr'><strong>τῶν</strong></span> <span class='ocrx_word' id='word_1_39' title='bbox 654 675 860 745; x_wconf 78' lang='grc' dir='ltr'><strong>μυρίων</strong></span> <span class='ocrx_word' id='word_1_40' title='bbox 895 671 1043 741; x_wconf 74' lang='grc' dir='ltr'>παρὰ</span> <span class='ocrx_word' id='word_1_41' title='bbox 1069 668 1203 721; x_wconf 85' lang='grc' dir='ltr'>Θεοῦ</span> <span class='ocrx_word' id='word_1_42' title='bbox 1227 664 1441 734; x_wconf 79' lang='grc' dir='ltr'><strong>δωρεῶν</strong></span> <span class='ocrx_word' id='word_1_43' title='bbox 1463 679 1475 692; x_wconf 82' lang='lat'><strong><em>°</em></strong></span> <span class='ocrx_word' id='word_1_44' title='bbox 1495 662 1574 714; x_wconf 80' lang='grc' dir='ltr'><strong>ὅτι</strong></span> <span class='ocrx_word' id='word_1_45' title='bbox 1605 661 1669 711; x_wconf 84' lang='grc' dir='ltr'><strong>ἐκ</strong></span> <span class='ocrx_word' id='word_1_46' title='bbox 1697 657 1788 709; x_wconf 80' lang='grc' dir='ltr'><strong>τοῦ</strong></span> <span class='ocrx_word' id='word_1_47' title='bbox 1815 656 1888 726; x_wconf 81' lang='grc' dir='ltr'>μὴ</span> 
     </span>
    </p>
   </div>
   <div class='ocr_carea' id='block_1_8' title="bbox 313 748 1885 834">
    <p class='ocr_par' dir='ltr' id='par_1_8' title="bbox 313 748 1885 834">
     <span class='ocr_line' id='line_1_8' title="bbox 313 748 1885 834; baseline -0.017 -10"><span class='ocrx_word' id='word_1_48' title='bbox 313 771 465 833; x_wconf 74' lang='grc' dir='ltr'>ὄντος</span> <span class='ocrx_word' id='word_1_49' title='bbox 486 769 565 831; x_wconf 87' lang='grc' dir='ltr'><strong>είς</strong></span> <span class='ocrx_word' id='word_1_50' title='bbox 584 767 644 818; x_wconf 90' lang='grc' dir='ltr'><strong>τὸ</strong></span> <span class='ocrx_word' id='word_1_51' title='bbox 673 761 808 817; x_wconf 83' lang='grc' dir='ltr'>εἶναι</span> <span class='ocrx_word' id='word_1_52' title='bbox 835 760 1090 834; x_wconf 82' lang='grc' dir='ltr'>παρήχΘη</span> <span class='ocrx_word' id='word_1_53' title='bbox 1111 777 1123 789; x_wconf 78' lang='grc'><em>’</em></span> <span class='ocrx_word' id='word_1_54' title='bbox 1158 760 1237 810; x_wconf 78' lang='grc' dir='ltr'><strong>ὅτι</strong></span> <span class='ocrx_word' id='word_1_55' title='bbox 1263 755 1367 808; x_wconf 80' lang='grc' dir='ltr'><strong>ἀπὸ</strong></span> <span class='ocrx_word' id='word_1_56' title='bbox 1393 755 1494 822; x_wconf 73' lang='grc' dir='ltr'>γῆς</span> <span class='ocrx_word' id='word_1_57' title='bbox 1520 748 1885 810; x_wconf 72' lang='grc' dir='ltr'>διαπλασΘεὶς,</span> 
     </span>
    </p>
   </div>
   <div class='ocr_carea' id='block_1_9' title="bbox 313 840 1889 932">
    <p class='ocr_par' dir='ltr' id='par_1_9' title="bbox 313 840 1889 932">
     <span class='ocr_line' id='line_1_9' title="bbox 313 840 1889 932; baseline -0.016 -17"><span class='ocrx_word' id='word_1_58' title='bbox 313 861 460 932; x_wconf 86' lang='grc' dir='ltr'>λόγῳ</span> <span class='ocrx_word' id='word_1_59' title='bbox 483 859 788 928; x_wconf 82' lang='grc' dir='ltr'>τετίμηται,</span> <span class='ocrx_word' id='word_1_60' title='bbox 823 858 878 908; x_wconf 81' lang='grc' dir='ltr'>ὲν</span> <span class='ocrx_word' id='word_1_61' title='bbox 975 854 1068 906; x_wconf 71' lang='grc' dir='ltr'><strong>καὶ</strong></span> <span class='ocrx_word' id='word_1_62' title='bbox 1100 850 1196 921; x_wconf 82' lang='grc' dir='ltr'><strong>τὴν</strong></span> <span class='ocrx_word' id='word_1_63' title='bbox 1227 849 1408 900; x_wconf 86' lang='grc' dir='ltr'>είκόνα</span> <span class='ocrx_word' id='word_1_64' title='bbox 1455 846 1638 913; x_wconf 76' lang='grc' dir='ltr'>φορεῖν</span> <span class='ocrx_word' id='word_1_65' title='bbox 1671 840 1889 893; x_wconf 81' lang='grc' dir='ltr'>δύναται</span> 
     </span>
    </p>
   </div>
   <div class='ocr_carea' id='block_1_10' title="bbox 317 932 1891 1020">
    <p class='ocr_par' dir='ltr' id='par_1_10' title="bbox 317 932 1891 1020">
     <span class='ocr_line' id='line_1_10' title="bbox 317 932 1891 1020; baseline -0.017 -13"><span class='ocrx_word' id='word_1_66' title='bbox 317 952 411 1006; x_wconf 76' lang='grc' dir='ltr'><strong>τοῦ</strong></span> <span class='ocrx_word' id='word_1_67' title='bbox 441 948 782 1020; x_wconf 75' lang='grc' dir='ltr'>ἐπουρανίουο</span> <span class='ocrx_word' id='word_1_68' title='bbox 807 947 994 998; x_wconf 74' lang='grc' dir='ltr'>ἔπειτα</span> <span class='ocrx_word' id='word_1_69' title='bbox 1025 944 1118 996; x_wconf 60' lang='grc' dir='ltr'><strong>καὶ⁸</strong></span> <span class='ocrx_word' id='word_1_70' title='bbox 1145 941 1278 1011; x_wconf 78' lang='grc' dir='ltr'>πρὸς</span> <span class='ocrx_word' id='word_1_71' title='bbox 1299 938 1395 1008; x_wconf 83' lang='grc' dir='ltr'>τὴν</span> <span class='ocrx_word' id='word_1_72' title='bbox 1426 937 1564 1004; x_wconf 81' lang='grc' dir='ltr'>ὑπὲρ</span> <span class='ocrx_word' id='word_1_73' title='bbox 1584 932 1676 984; x_wconf 89' lang='grc' dir='ltr'><strong>τοῦ</strong></span> <span class='ocrx_word' id='word_1_74' title='bbox 1704 932 1891 1000; x_wconf 85' lang='grc' dir='ltr'>γένους</span> 
     </span>
    </p>
   </div>
   <div class='ocr_carea' id='block_1_11' title="bbox 319 1023 1894 1110">
    <p class='ocr_par' dir='ltr' id='par_1_11' title="bbox 319 1023 1894 1110">
     <span class='ocr_line' id='line_1_11' title="bbox 319 1023 1894 1110; baseline -0.015 -14"><span class='ocrx_word' id='word_1_75' title='bbox 319 1043 427 1096; x_wconf 78' lang='grc' dir='ltr'><strong>τῶν</strong></span> <span class='ocrx_word' id='word_1_76' title='bbox 465 1039 768 1110; x_wconf 79' lang='grc' dir='ltr'>ἀνθρώπων</span> <span class='ocrx_word' id='word_1_77' title='bbox 801 1035 1111 1106; x_wconf 75' lang='grc' dir='ltr'>οἰκονομίαν</span> <span class='ocrx_word' id='word_1_78' title='bbox 1140 1030 1368 1094; x_wconf 85' lang='grc' dir='ltr'>ἀπιδὼν,</span> <span class='ocrx_word' id='word_1_79' title='bbox 1397 1031 1476 1080; x_wconf 80' lang='grc' dir='ltr'><strong>ὅτι</strong></span> <span class='ocrx_word' id='word_1_80' title='bbox 1509 1026 1698 1079; x_wconf 79' lang='grc' dir='ltr'>ἑαυτὸν</span> <span class='ocrx_word' id='word_1_81' title='bbox 1725 1026 1751 1076; x_wconf 99' lang='lat'><strong>6</strong></span> <span class='ocrx_word' id='word_1_82' title='bbox 1783 1023 1894 1074; x_wconf 88' lang='grc' dir='ltr'>Κύ-</span> 
     </span>
    </p>
   </div>
   <div class='ocr_carea' id='block_1_12' title="bbox 325 1114 1895 1204">
    <p class='ocr_par' dir='ltr' id='par_1_12' title="bbox 325 1114 1895 1204">
     <span class='ocr_line' id='line_1_12' title="bbox 325 1114 1895 1204; baseline -0.012 -20"><span class='ocrx_word' id='word_1_83' title='bbox 325 1151 436 1204; x_wconf 87' lang='grc' dir='ltr'>ριος</span> <span class='ocrx_word' id='word_1_84' title='bbox 471 1132 636 1184; x_wconf 75' lang='grc' dir='ltr'>ἔδωκε</span> <span class='ocrx_word' id='word_1_85' title='bbox 666 1129 858 1202; x_wconf 81' lang='grc' dir='ltr'>λύτρον</span> <span class='ocrx_word' id='word_1_86' title='bbox 889 1127 1008 1181; x_wconf 78' lang='grc' dir='ltr'>ἀντὶ</span> <span class='ocrx_word' id='word_1_87' title='bbox 1042 1124 1250 1178; x_wconf 82' lang='grc' dir='ltr'>πολλῶν</span> <span class='ocrx_word' id='word_1_88' title='bbox 1279 1121 1454 1192; x_wconf 79' lang='grc' dir='ltr'>ἡμῶν,</span> <span class='ocrx_word' id='word_1_89' title='bbox 1479 1119 1764 1187; x_wconf 79' lang='grc' dir='ltr'>ὲπαπορεῖ,</span> <span class='ocrx_word' id='word_1_90' title='bbox 1801 1114 1895 1166; x_wconf 70' lang='grc' dir='ltr'><strong>καὶ</strong></span> 
     </span>
    </p>
   </div>
   <div class='ocr_carea' id='block_1_13' title="bbox 323 1205 1896 1290">
    <p class='ocr_par' dir='ltr' id='par_1_13' title="bbox 323 1205 1896 1290">
     <span class='ocr_line' id='line_1_13' title="bbox 323 1205 1896 1290; baseline -0.01 -16"><span class='ocrx_word' id='word_1_91' title='bbox 323 1221 477 1290; x_wconf 77' lang='grc' dir='ltr'><strong>ζητεῖ</strong></span> <span class='ocrx_word' id='word_1_92' title='bbox 497 1221 554 1273; x_wconf 83' lang='grc' dir='ltr'>ὲν</span> <span class='ocrx_word' id='word_1_93' title='bbox 582 1222 714 1272; x_wconf 78' lang='grc' dir='ltr'>πᾶσι</span> <span class='ocrx_word' id='word_1_94' title='bbox 737 1217 943 1279; x_wconf 73' lang='grc' dir='ltr'>τούτοις</span> <span class='ocrx_word' id='word_1_95' title='bbox 973 1217 1083 1278; x_wconf 83' lang='grc' dir='ltr'>τοῖς</span> <span class='ocrx_word' id='word_1_96' title='bbox 1107 1214 1444 1284; x_wconf 77' lang='grc' dir='ltr'>ὑπάρχουσιν</span> <span class='ocrx_word' id='word_1_97' title='bbox 1478 1208 1646 1277; x_wconf 72' lang='grc' dir='ltr'>αὐτῷ,</span> <span class='ocrx_word' id='word_1_98' title='bbox 1669 1207 1722 1259; x_wconf 87' lang='grc' dir='ltr'><strong>τί</strong></span> <span class='ocrx_word' id='word_1_99' title='bbox 1749 1205 1896 1272; x_wconf 80' lang='grc' dir='ltr'>ἀξιον</span> 
     </span>
    </p>
   </div>
   <div class='ocr_carea' id='block_1_14' title="bbox 323 1298 1895 1382">
    <p class='ocr_par' dir='ltr' id='par_1_14' title="bbox 323 1298 1895 1382">
     <span class='ocr_line' id='line_1_14' title="bbox 323 1298 1895 1382; baseline -0.01 -18"><span class='ocrx_word' id='word_1_100' title='bbox 323 1312 534 1382; x_wconf 78' lang='grc' dir='ltr'>ἐξεύροι</span> <span class='ocrx_word' id='word_1_101' title='bbox 562 1311 731 1382; x_wconf 86' lang='grc' dir='ltr'>δῶρον</span> <span class='ocrx_word' id='word_1_102' title='bbox 755 1307 1097 1378; x_wconf 78' lang='grc' dir='ltr'>τῷΔεσπότῃ</span> <span class='ocrx_word' id='word_1_103' title='bbox 1117 1321 1130 1336; x_wconf 83' lang='grc'>⁶</span> <span class='ocrx_word' id='word_1_104' title='bbox 1177 1305 1237 1356; x_wconf 87' lang='grc' dir='ltr'><strong>οὐ</strong></span> <span class='ocrx_word' id='word_1_105' title='bbox 1280 1302 1487 1363; x_wconf 84' lang='grc' dir='ltr'>Θυσίας,</span> <span class='ocrx_word' id='word_1_106' title='bbox 1521 1300 1638 1352; x_wconf 72' lang='grc' dir='ltr'>οὐδὲ</span> <span class='ocrx_word' id='word_1_107' title='bbox 1670 1298 1895 1350; x_wconf 76' lang='grc' dir='ltr'>ὁλοκαυ-</span> 
     </span>
    </p>
   </div>
   <div class='ocr_carea' id='block_1_15' title="bbox 324 1393 1614 1470">
    <p class='ocr_par' dir='ltr' id='par_1_15' title="bbox 324 1393 1614 1470">
     <span class='ocr_line' id='line_1_15' title="bbox 324 1393 1614 1470; baseline -0.012 -13"><span class='ocrx_word' id='word_1_108' title='bbox 324 1404 535 1467; x_wconf 72' lang='grc' dir='ltr'>τώσεις,</span> <span class='ocrx_word' id='word_1_109' title='bbox 572 1403 686 1456; x_wconf 83' lang='grc' dir='ltr'>ἀλλ’</span> <span class='ocrx_word' id='word_1_110' title='bbox 718 1400 881 1470; x_wconf 74' lang='grc' dir='ltr'>αὐτὴν</span> <span class='ocrx_word' id='word_1_111' title='bbox 911 1399 1088 1452; x_wconf 83' lang='grc' dir='ltr'>πᾶσαν</span> <span class='ocrx_word' id='word_1_112' title='bbox 1109 1396 1206 1468; x_wconf 83' lang='grc' dir='ltr'>τὴν</span> <span class='ocrx_word' id='word_1_113' title='bbox 1231 1394 1424 1451; x_wconf 81' lang='grc' dir='ltr'>ἑαυτοῦ</span> <span class='ocrx_word' id='word_1_114' title='bbox 1452 1393 1614 1462; x_wconf 75' lang='grc' dir='ltr'>ζωήν.</span> 
     </span>
    </p>
   </div>
   <div class='ocr_carea' id='block_1_16' title="bbox 339 1537 1899 1648">
    <p class='ocr_par' dir='ltr' id='par_1_16' title="bbox 339 1537 1899 1648">
     <span class='ocr_line' id='line_1_16' title="bbox 339 1537 1899 1648; baseline -0.01 -15"><span class='ocrx_word' id='word_1_115' title='bbox 339 1537 346 1552; x_wconf 45' lang='grc' dir='ltr'><strong>Ι</strong></span> <span class='ocrx_word' id='word_1_116' title='bbox 399 1579 718 1648; x_wconf 67' lang='grc' dir='ltr'><strong>Διέῤῥηξας</strong></span> <span class='ocrx_word' id='word_1_117' title='bbox 745 1577 885 1643; x_wconf 80' lang='grc' dir='ltr'>τοὺς</span> <span class='ocrx_word' id='word_1_118' title='bbox 907 1577 1171 1646; x_wconf 83' lang='grc' dir='ltr'>δεσμούς</span> <span class='ocrx_word' id='word_1_119' title='bbox 1192 1593 1332 1645; x_wconf 81' lang='grc' dir='ltr'>μου.</span> <span class='ocrx_word' id='word_1_120' title='bbox 1371 1591 1422 1626; x_wconf 91' lang='grc' dir='ltr'>κ.</span> <span class='ocrx_word' id='word_1_121' title='bbox 1443 1590 1492 1624; x_wconf 92' lang='grc' dir='ltr'>τ.</span> <span class='ocrx_word' id='word_1_122' title='bbox 1517 1573 1563 1624; x_wconf 83' lang='grc' dir='ltr'><strong>ἐ.</strong></span> <span class='ocrx_word' id='word_1_123' title='bbox 1629 1569 1769 1637; x_wconf 81' lang='grc' dir='ltr'>Πρὸς</span> <span class='ocrx_word' id='word_1_124' title='bbox 1821 1568 1899 1628; x_wconf 85' lang='grc' dir='ltr'><strong>τὸ,</strong></span> 
     </span>
    </p>
   </div>
   <div class='ocr_carea' id='block_1_17' title="bbox 335 1659 1902 1740">
    <p class='ocr_par' dir='ltr' id='par_1_17' title="bbox 335 1659 1902 1740">
     <span class='ocr_line' id='line_1_17' title="bbox 335 1659 1902 1740; baseline -0.008 -17"><span class='ocrx_word' id='word_1_125' title='bbox 335 1691 354 1723; x_wconf 79' lang='grc' dir='ltr'><strong>ι</strong></span> <span class='ocrx_word' id='word_1_126' title='bbox 386 1671 451 1724; x_wconf 81' lang='grc' dir='ltr'><strong>Τί</strong></span> <span class='ocrx_word' id='word_1_127' title='bbox 476 1668 839 1723; x_wconf 79' lang='grc' dir='ltr'><strong>ἀνταποδώσω</strong></span> <span class='ocrx_word' id='word_1_128' title='bbox 870 1668 947 1739; x_wconf 79' lang='grc' dir='ltr'>τῷ</span> <span class='ocrx_word' id='word_1_129' title='bbox 973 1667 1162 1740; x_wconf 88' lang='grc' dir='ltr'>Κυρίῳ</span> <span class='ocrx_word' id='word_1_130' title='bbox 1183 1684 1228 1732; x_wconf 76' lang='grc' dir='ltr'>ς»</span> <span class='ocrx_word' id='word_1_131' title='bbox 1265 1667 1411 1719; x_wconf 86' lang='grc' dir='ltr'>δοκεῖ</span> <span class='ocrx_word' id='word_1_132' title='bbox 1440 1671 1528 1734; x_wconf 85' lang='grc' dir='ltr'><strong>μοι</strong></span> <span class='ocrx_word' id='word_1_133' title='bbox 1562 1659 1902 1714; x_wconf 73' lang='grc' dir='ltr'>ἀποδίδοσθαι</span> 
     </span>
    </p>
   </div>
   <div class='ocr_carea' id='block_1_18' title="bbox 329 1751 1903 1833">
    <p class='ocr_par' dir='ltr' id='par_1_18' title="bbox 329 1751 1903 1833">
     <span class='ocr_line' id='line_1_18' title="bbox 329 1751 1903 1833; baseline -0.009 -16"><span class='ocrx_word' id='word_1_134' title='bbox 329 1761 541 1833; x_wconf 69' lang='grc' dir='ltr'>πρῶτον</span> <span class='ocrx_word' id='word_1_135' title='bbox 571 1761 688 1830; x_wconf 77' lang='grc' dir='ltr'>μὲν,</span> <span class='ocrx_word' id='word_1_136' title='bbox 727 1780 744 1811; x_wconf 80' lang='grc' dir='ltr'><strong>ι</strong></span> <span class='ocrx_word' id='word_1_137' title='bbox 783 1761 1036 1831; x_wconf 84' lang='grc' dir='ltr'>ποτήριον</span> <span class='ocrx_word' id='word_1_138' title='bbox 1070 1757 1335 1829; x_wconf 84' lang='grc' dir='ltr'>σωτηρίου</span> <span class='ocrx_word' id='word_1_139' title='bbox 1357 1755 1624 1826; x_wconf 72' lang='grc' dir='ltr'>λήψομαιο</span> <span class='ocrx_word' id='word_1_140' title='bbox 1667 1773 1684 1804; x_wconf 72' lang='grc' dir='ltr'><strong>ι</strong></span> <span class='ocrx_word' id='word_1_141' title='bbox 1721 1751 1903 1804; x_wconf 84' lang='grc' dir='ltr'>δεύτε-</span> 
     </span>
    </p>
   </div>
   <div class='ocr_carea' id='block_1_19' title="bbox 1997 547 3568 623">
    <p class='ocr_par' dir='ltr' id='par_1_19' title="bbox 1997 547 3568 623">
     <span class='ocr_line' id='line_1_19' title="bbox 1997 547 3568 623; baseline -0.007 -12"><span class='ocrx_word' id='word_1_142' title='bbox 1997 558 2227 611; x_wconf 85' lang='lat' dir='ltr'><strong>Domino</strong></span> <span class='ocrx_word' id='word_1_143' title='bbox 2275 570 2370 623; x_wconf 89' lang='lat' dir='ltr'><strong>pro</strong></span> <span class='ocrx_word' id='word_1_144' title='bbox 2404 552 2654 607; x_wconf 87' lang='lat' dir='ltr'><strong>omnibus</strong></span> <span class='ocrx_word' id='word_1_145' title='bbox 2698 565 2816 618; x_wconf 74' lang='lat' dir='ltr'><strong>qua:</strong></span> <span class='ocrx_word' id='word_1_146' title='bbox 2851 548 3106 602; x_wconf 90' lang='lat' dir='ltr'><strong>retribuit</strong></span> <span class='ocrx_word' id='word_1_147' title='bbox 3152 547 3318 602; x_wconf 78' lang='lat' dir='ltr'><strong>mihi?</strong></span> <span class='ocrx_word' id='word_1_148' title='bbox 3349 567 3368 600; x_wconf 76' lang='grc' dir='ltr'><strong>ι</strong></span> <span class='ocrx_word' id='word_1_149' title='bbox 3402 547 3568 601; x_wconf 84' lang='grc' dir='ltr'>Ιιιιιυ-</span> 
     </span>
    </p>
   </div>
   <div class='ocr_carea' id='block_1_20' title="bbox 1996 639 3571 709">
    <p class='ocr_par' dir='ltr' id='par_1_20' title="bbox 1996 639 3571 709">
     <span class='ocr_line' id='line_1_20' title="bbox 1996 639 3571 709; baseline -0.004 -8"><span class='ocrx_word' id='word_1_150' title='bbox 1996 662 2141 701; x_wconf 86' lang='lat' dir='ltr'><strong>mera</strong></span> <span class='ocrx_word' id='word_1_151' title='bbox 2175 647 2318 700; x_wconf 90' lang='lat' dir='ltr'><strong>enim</strong></span> <span class='ocrx_word' id='word_1_152' title='bbox 2365 645 2458 698; x_wconf 87' lang='lat' dir='ltr'><strong>Dei</strong></span> <span class='ocrx_word' id='word_1_153' title='bbox 2500 657 2721 697; x_wconf 89' lang='lat' dir='ltr'><strong>munera</strong></span> <span class='ocrx_word' id='word_1_154' title='bbox 2750 641 3081 709; x_wconf 82' lang='lat' dir='ltr'><strong>expendens,</strong></span> <span class='ocrx_word' id='word_1_155' title='bbox 3116 639 3260 708; x_wconf 91' lang='lat' dir='ltr'><strong>quod</strong></span> <span class='ocrx_word' id='word_1_156' title='bbox 3289 639 3359 696; x_wconf 88' lang='lat' dir='ltr'><strong>de</strong></span> <span class='ocrx_word' id='word_1_157' title='bbox 3398 640 3571 694; x_wconf 85' lang='lat' dir='ltr'><strong>nihilo</strong></span> 
     </span>
    </p>
   </div>
   <div class='ocr_carea' id='block_1_21' title="bbox 1997 728 3567 804">
    <p class='ocr_par' dir='ltr' id='par_1_21' title="bbox 1997 728 3567 804">
     <span class='ocr_line' id='line_1_21' title="bbox 1997 728 3567 804; baseline -0.004 -14"><span class='ocrx_word' id='word_1_158' title='bbox 1997 737 2048 791; x_wconf 94' lang='lat' dir='ltr'><strong>in</strong></span> <span class='ocrx_word' id='word_1_159' title='bbox 2096 737 2269 789; x_wconf 85' lang='lat' dir='ltr'><strong>lucem</strong></span> <span class='ocrx_word' id='word_1_160' title='bbox 2319 735 2614 804; x_wconf 89' lang='lat' dir='ltr'><strong>productus</strong></span> <span class='ocrx_word' id='word_1_161' title='bbox 2653 731 2723 785; x_wconf 91' lang='lat' dir='ltr'><strong>sit</strong></span> <span class='ocrx_word' id='word_1_162' title='bbox 2757 747 2770 783; x_wconf 85' lang='lat'>:</span> <span class='ocrx_word' id='word_1_163' title='bbox 2802 730 2944 798; x_wconf 92' lang='lat' dir='ltr'><strong>quod</strong></span> <span class='ocrx_word' id='word_1_164' title='bbox 2989 743 3054 784; x_wconf 81' lang='lat' dir='ltr'><strong>ex</strong></span> <span class='ocrx_word' id='word_1_165' title='bbox 3099 738 3241 783; x_wconf 89' lang='lat' dir='ltr'><strong>terra</strong></span> <span class='ocrx_word' id='word_1_166' title='bbox 3276 728 3567 793; x_wconf 71' lang='lat' dir='ltr'><strong>formatus,</strong></span> 
     </span>
    </p>
   </div>
   <div class='ocr_carea' id='block_1_22' title="bbox 2000 821 3572 894">
    <p class='ocr_par' dir='ltr' id='par_1_22' title="bbox 2000 821 3572 894">
     <span class='ocr_line' id='line_1_22' title="bbox 2000 821 3572 894; baseline -0.001 -15"><span class='ocrx_word' id='word_1_167' title='bbox 2000 829 2204 881; x_wconf 75' lang='lat' dir='ltr'><strong>ratione</strong></span> <span class='ocrx_word' id='word_1_168' title='bbox 2231 825 2486 894; x_wconf 63' lang='lat' dir='ltr'><strong>praeditus</strong></span> <span class='ocrx_word' id='word_1_169' title='bbox 2514 823 2604 885; x_wconf 91' lang='lat' dir='ltr'><strong>sit,</strong></span> <span class='ocrx_word' id='word_1_170' title='bbox 2627 823 2677 874; x_wconf 92' lang='lat' dir='ltr'><strong>in</strong></span> <span class='ocrx_word' id='word_1_171' title='bbox 2711 837 2813 890; x_wconf 85' lang='lat' dir='ltr'><strong>qua</strong></span> <span class='ocrx_word' id='word_1_172' title='bbox 2839 821 3079 875; x_wconf 56' lang='lat' dir='ltr'><strong>caelestis</strong></span> <span class='ocrx_word' id='word_1_173' title='bbox 3113 822 3404 892; x_wconf 77' lang='lat' dir='ltr'><strong>imaginem</strong></span> <span class='ocrx_word' id='word_1_174' title='bbox 3428 822 3572 877; x_wconf 81' lang='lat' dir='ltr'><strong>ferre</strong></span> 
     </span>
    </p>
   </div>
   <div class='ocr_carea' id='block_1_23' title="bbox 1999 913 3572 982">
    <p class='ocr_par' dir='ltr' id='par_1_23' title="bbox 1999 913 3572 982">
     <span class='ocr_line' id='line_1_23' title="bbox 1999 913 3572 982; baseline -0.003 -10"><span class='ocrx_word' id='word_1_175' title='bbox 1999 919 2175 972; x_wconf 86' lang='lat' dir='ltr'><strong>valeat</strong></span> <span class='ocrx_word' id='word_1_176' title='bbox 2206 937 2220 971; x_wconf 84' lang='lat'><strong>:</strong></span> <span class='ocrx_word' id='word_1_177' title='bbox 2248 918 2444 971; x_wconf 88' lang='lat' dir='ltr'><strong>deinde</strong></span> <span class='ocrx_word' id='word_1_178' title='bbox 2477 914 2568 969; x_wconf 85' lang='lat' dir='ltr'><strong>Dei</strong></span> <span class='ocrx_word' id='word_1_179' title='bbox 2598 928 2812 982; x_wconf 91' lang='lat' dir='ltr'><strong>quoque</strong></span> <span class='ocrx_word' id='word_1_180' title='bbox 2844 928 2940 982; x_wconf 89' lang='lat' dir='ltr'><strong>pro</strong></span> <span class='ocrx_word' id='word_1_181' title='bbox 2971 913 3210 968; x_wconf 90' lang='lat' dir='ltr'><strong>humano</strong></span> <span class='ocrx_word' id='word_1_182' title='bbox 3235 927 3432 982; x_wconf 82' lang='lat' dir='ltr'><strong>genere</strong></span> <span class='ocrx_word' id='word_1_183' title='bbox 3456 913 3572 968; x_wconf 81' lang='lat' dir='ltr'><strong>dis-</strong></span> 
     </span>
    </p>
   </div>
   <div class='ocr_carea' id='block_1_24' title="bbox 2001 1003 3574 1082">
    <p class='ocr_par' dir='ltr' id='par_1_24' title="bbox 2001 1003 3574 1082">
     <span class='ocr_line' id='line_1_24' title="bbox 2001 1003 3574 1082; baseline -0.005 -16"><span class='ocrx_word' id='word_1_184' title='bbox 2001 1011 2370 1082; x_wconf 89' lang='lat' dir='ltr'><strong>pensationem</strong></span> <span class='ocrx_word' id='word_1_185' title='bbox 2409 1007 2702 1075; x_wconf 77' lang='lat' dir='ltr'><strong>inspiciens</strong></span> <span class='ocrx_word' id='word_1_186' title='bbox 2723 1045 2737 1069; x_wconf 90' lang='lat'><strong>,</strong></span> <span class='ocrx_word' id='word_1_187' title='bbox 2785 1004 3054 1073; x_wconf 85' lang='lat' dir='ltr'><strong>quomodo</strong></span> <span class='ocrx_word' id='word_1_188' title='bbox 3088 1003 3348 1067; x_wconf 90' lang='lat' dir='ltr'><strong>Dominus</strong></span> <span class='ocrx_word' id='word_1_189' title='bbox 3373 1016 3574 1058; x_wconf 86' lang='lat' dir='ltr'><strong>semet-</strong></span> 
     </span>
    </p>
   </div>
   <div class='ocr_carea' id='block_1_25' title="bbox 2004 1095 3571 1172">
    <p class='ocr_par' dir='ltr' id='par_1_25' title="bbox 2004 1095 3571 1172">
     <span class='ocr_line' id='line_1_25' title="bbox 2004 1095 3571 1172; baseline -0.004 -16"><span class='ocrx_word' id='word_1_190' title='bbox 2004 1105 2177 1172; x_wconf 84' lang='lat' dir='ltr'><strong>ipsum</strong></span> <span class='ocrx_word' id='word_1_191' title='bbox 2219 1101 2428 1155; x_wconf 90' lang='lat' dir='ltr'><strong>dederit</strong></span> <span class='ocrx_word' id='word_1_192' title='bbox 2457 1098 2509 1150; x_wconf 93' lang='lat' dir='ltr'><strong>in</strong></span> <span class='ocrx_word' id='word_1_193' title='bbox 2544 1097 2968 1164; x_wconf 85' lang='lat' dir='ltr'><strong>redemptionem</strong></span> <span class='ocrx_word' id='word_1_194' title='bbox 3007 1110 3103 1163; x_wconf 91' lang='lat' dir='ltr'><strong>pro</strong></span> <span class='ocrx_word' id='word_1_195' title='bbox 3148 1095 3330 1150; x_wconf 89' lang='lat' dir='ltr'><strong>multis</strong></span> <span class='ocrx_word' id='word_1_196' title='bbox 3378 1095 3571 1159; x_wconf 86' lang='lat' dir='ltr'><strong>nobis,</strong></span> 
     </span>
    </p>
   </div>
   <div class='ocr_carea' id='block_1_26' title="bbox 2003 1187 3574 1256">
    <p class='ocr_par' dir='ltr' id='par_1_26' title="bbox 2003 1187 3574 1256">
     <span class='ocr_line' id='line_1_26' title="bbox 2003 1187 3574 1256; baseline -0.002 -11"><span class='ocrx_word' id='word_1_197' title='bbox 2003 1193 2197 1246; x_wconf 80' lang='lat' dir='ltr'><strong>anxius</strong></span> <span class='ocrx_word' id='word_1_198' title='bbox 2231 1191 2445 1245; x_wconf 79' lang='lat' dir='ltr'><strong>h:esitat</strong></span> <span class='ocrx_word' id='word_1_199' title='bbox 2471 1196 2527 1242; x_wconf 90' lang='lat' dir='ltr'><strong>ct</strong></span> <span class='ocrx_word' id='word_1_200' title='bbox 2571 1187 2761 1256; x_wconf 80' lang='lat' dir='ltr'><strong>quaerit</strong></span> <span class='ocrx_word' id='word_1_201' title='bbox 2793 1187 2844 1240; x_wconf 92' lang='lat' dir='ltr'><strong>in</strong></span> <span class='ocrx_word' id='word_1_202' title='bbox 2876 1187 2962 1240; x_wconf 91' lang='lat' dir='ltr'><strong>bis</strong></span> <span class='ocrx_word' id='word_1_203' title='bbox 3014 1187 3266 1242; x_wconf 90' lang='lat' dir='ltr'><strong>omnibus</strong></span> <span class='ocrx_word' id='word_1_204' title='bbox 3307 1203 3427 1256; x_wconf 66' lang='lat' dir='ltr'><strong>qua:</strong></span> <span class='ocrx_word' id='word_1_205' title='bbox 3472 1189 3574 1256; x_wconf 90' lang='lat' dir='ltr'><strong>ipsi</strong></span> 
     </span>
    </p>
   </div>
   <div class='ocr_carea' id='block_1_27' title="bbox 2005 1277 3578 1353">
    <p class='ocr_par' dir='ltr' id='par_1_27' title="bbox 2005 1277 3578 1353">
     <span class='ocr_line' id='line_1_27' title="bbox 2005 1277 3578 1353; baseline -0.004 -17"><span class='ocrx_word' id='word_1_206' title='bbox 2005 1292 2316 1353; x_wconf 88' lang='lat' dir='ltr'><strong>suppetunt,</strong></span> <span class='ocrx_word' id='word_1_207' title='bbox 2356 1280 2629 1349; x_wconf 84' lang='lat' dir='ltr'><strong>quodnam</strong></span> <span class='ocrx_word' id='word_1_208' title='bbox 2663 1285 2811 1330; x_wconf 79' lang='lat' dir='ltr'><strong>tanto</strong></span> <span class='ocrx_word' id='word_1_209' title='bbox 2839 1277 3066 1331; x_wconf 90' lang='lat' dir='ltr'><strong>Domino</strong></span> <span class='ocrx_word' id='word_1_210' title='bbox 3095 1277 3314 1347; x_wconf 79' lang='lat' dir='ltr'><strong>dignum</strong></span> <span class='ocrx_word' id='word_1_211' title='bbox 3343 1278 3578 1347; x_wconf 86' lang='lat' dir='ltr'><strong>reperiat</strong></span> 
     </span>
    </p>
   </div>
   <div class='ocr_carea' id='block_1_28' title="bbox 2006 1367 3576 1440">
    <p class='ocr_par' dir='ltr' id='par_1_28' title="bbox 2006 1367 3576 1440">
     <span class='ocr_line' id='line_1_28' title="bbox 2006 1367 3576 1440; baseline -0.003 -13"><span class='ocrx_word' id='word_1_212' title='bbox 2006 1375 2205 1427; x_wconf 87' lang='lat' dir='ltr'><strong>donum</strong></span> <span class='ocrx_word' id='word_1_213' title='bbox 2234 1389 2246 1423; x_wconf 90' lang='lat'><strong>:</strong></span> <span class='ocrx_word' id='word_1_214' title='bbox 2281 1387 2386 1425; x_wconf 90' lang='lat' dir='ltr'><strong>non</strong></span> <span class='ocrx_word' id='word_1_215' title='bbox 2414 1370 2705 1435; x_wconf 80' lang='lat' dir='ltr'><strong>sacriﬁcia,</strong></span> <span class='ocrx_word' id='word_1_216' title='bbox 2736 1382 2838 1422; x_wconf 92' lang='lat' dir='ltr'><strong>non</strong></span> <span class='ocrx_word' id='word_1_217' title='bbox 2869 1367 3211 1435; x_wconf 79' lang='lat' dir='ltr'><strong>holocausta,</strong></span> <span class='ocrx_word' id='word_1_218' title='bbox 3240 1371 3336 1424; x_wconf 79' lang='lat' dir='ltr'><strong>sed</strong></span> <span class='ocrx_word' id='word_1_219' title='bbox 3368 1369 3576 1440; x_wconf 80' lang='lat' dir='ltr'><strong>ipsaru-</strong></span> 
     </span>
    </p>
   </div>
   <div class='ocr_carea' id='block_1_29' title="bbox 2007 1463 2714 1519">
    <p class='ocr_par' dir='ltr' id='par_1_29' title="bbox 2007 1463 2714 1519">
     <span class='ocr_line' id='line_1_29' title="bbox 2007 1463 2714 1519; baseline -0.006 -1"><span class='ocrx_word' id='word_1_220' title='bbox 2007 1475 2118 1519; x_wconf 89' lang='lat' dir='ltr'><strong>met</strong></span> <span class='ocrx_word' id='word_1_221' title='bbox 2149 1473 2314 1518; x_wconf 89' lang='lat' dir='ltr'><strong>totam</strong></span> <span class='ocrx_word' id='word_1_222' title='bbox 2343 1463 2508 1517; x_wconf 88' lang='lat' dir='ltr'><strong>vitam</strong></span> <span class='ocrx_word' id='word_1_223' title='bbox 2538 1475 2714 1515; x_wconf 88' lang='lat' dir='ltr'><strong>suam.</strong></span> 
     </span>
    </p>
   </div>
   <div class='ocr_carea' id='block_1_30' title="bbox 2082 1549 3580 1619">
    <p class='ocr_par' dir='ltr' id='par_1_30' title="bbox 2082 1549 3580 1619">
     <span class='ocr_line' id='line_1_30' title="bbox 2082 1549 3580 1619; baseline -0.003 -10"><span class='ocrx_word' id='word_1_224' title='bbox 2082 1557 2249 1610; x_wconf 71' lang='lat' dir='ltr'><strong>Vens.</strong></span> <span class='ocrx_word' id='word_1_225' title='bbox 2282 1554 2335 1608; x_wconf 90' lang='lat'><strong>8.</strong></span> <span class='ocrx_word' id='word_1_226' title='bbox 2385 1552 2649 1619; x_wconf 75' lang='lat' dir='ltr'><strong>Dirupisti</strong></span> <span class='ocrx_word' id='word_1_227' title='bbox 2692 1549 2898 1604; x_wconf 80' lang='lat' dir='ltr'><strong>vincula</strong></span> <span class='ocrx_word' id='word_1_228' title='bbox 2947 1566 3086 1616; x_wconf 87' lang='lat' dir='ltr'><strong>mea,</strong></span> <span class='ocrx_word' id='word_1_229' title='bbox 3137 1559 3243 1605; x_wconf 88' lang='lat' dir='ltr'><strong>etc.</strong></span> <span class='ocrx_word' id='word_1_230' title='bbox 3279 1550 3361 1606; x_wconf 81' lang='lat' dir='ltr'><strong>Ad</strong></span> <span class='ocrx_word' id='word_1_231' title='bbox 3408 1550 3580 1616; x_wconf 88' lang='lat' dir='ltr'><strong>illud,</strong></span> 
     </span>
    </p>
   </div>
   <div class='ocr_carea' id='block_1_31' title="bbox 2015 1642 3582 1713">
    <p class='ocr_par' dir='ltr' id='par_1_31' title="bbox 2015 1642 3582 1713">
     <span class='ocr_line' id='line_1_31' title="bbox 2015 1642 3582 1713; baseline -0.003 -13"><span class='ocrx_word' id='word_1_232' title='bbox 2015 1667 2033 1700; x_wconf 76' lang='grc' dir='ltr'><strong>ι</strong></span> <span class='ocrx_word' id='word_1_233' title='bbox 2069 1647 2208 1713; x_wconf 87' lang='lat' dir='ltr'><strong>Quid</strong></span> <span class='ocrx_word' id='word_1_234' title='bbox 2245 1646 2540 1700; x_wconf 87' lang='lat' dir='ltr'><strong>retribuam</strong></span> <span class='ocrx_word' id='word_1_235' title='bbox 2588 1642 2860 1697; x_wconf 88' lang='lat' dir='ltr'><strong>Domino?</strong></span> <span class='ocrx_word' id='word_1_236' title='bbox 2893 1662 2912 1695; x_wconf 73' lang='grc' dir='ltr'><strong>ι</strong></span> <span class='ocrx_word' id='word_1_237' title='bbox 2950 1643 3174 1697; x_wconf 83' lang='lat' dir='ltr'><strong>videtur</strong></span> <span class='ocrx_word' id='word_1_238' title='bbox 3221 1643 3352 1697; x_wconf 91' lang='lat' dir='ltr'><strong>mihi</strong></span> <span class='ocrx_word' id='word_1_239' title='bbox 3391 1643 3582 1698; x_wconf 79' lang='lat' dir='ltr'><strong>referri</strong></span> 
     </span>
    </p>
   </div>
   <div class='ocr_carea' id='block_1_32' title="bbox 2012 1732 3576 1808">
    <p class='ocr_par' dir='ltr' id='par_1_32' title="bbox 2012 1732 3576 1808">
     <span class='ocr_line' id='line_1_32' title="bbox 2012 1732 3576 1808; baseline -0.003 -17"><span class='ocrx_word' id='word_1_240' title='bbox 2012 1739 2244 1808; x_wconf 90' lang='lat' dir='ltr'><strong>primum</strong></span> <span class='ocrx_word' id='word_1_241' title='bbox 2293 1736 2534 1806; x_wconf 83' lang='lat' dir='ltr'><strong>quidem,</strong></span> <span class='ocrx_word' id='word_1_242' title='bbox 2571 1751 2591 1784; x_wconf 75' lang='grc' dir='ltr'><strong>ι</strong></span> <span class='ocrx_word' id='word_1_243' title='bbox 2629 1733 2856 1788; x_wconf 89' lang='lat' dir='ltr'><strong>calicem</strong></span> <span class='ocrx_word' id='word_1_244' title='bbox 2906 1732 3163 1787; x_wconf 86' lang='lat' dir='ltr'><strong>salutaris</strong></span> <span class='ocrx_word' id='word_1_245' title='bbox 3207 1734 3514 1803; x_wconf 88' lang='lat' dir='ltr'><strong>accipiam;</strong></span> <span class='ocrx_word' id='word_1_246' title='bbox 3557 1753 3576 1787; x_wconf 77' lang='grc' dir='ltr'><strong>ι</strong></span> 
     </span>
    </p>
   </div>
   <div class='ocr_carea' id='block_1_33' title="bbox 337 1821 1923 1925">
    <p class='ocr_par' dir='ltr' id='par_1_33' title="bbox 337 1821 1904 1925">
     <span class='ocr_line' id='line_1_33' title="bbox 337 1821 1904 1925; baseline -0.008 -19"><span class='ocrx_word' id='word_1_247' title='bbox 337 1821 425 1925; x_wconf 77' lang='grc' dir='ltr'><strong>ρον</strong></span> <span class='ocrx_word' id='word_1_248' title='bbox 458 1852 513 1905; x_wconf 89' lang='grc' dir='ltr'>δὲ</span> <span class='ocrx_word' id='word_1_249' title='bbox 537 1821 621 1918; x_wconf 76' lang='grc' dir='ltr'><strong>τὸ,</strong></span> <span class='ocrx_word' id='word_1_250' title='bbox 653 1871 668 1902; x_wconf 82' lang='grc' dir='ltr'><strong>ι</strong></span> <span class='ocrx_word' id='word_1_251' title='bbox 710 1851 806 1914; x_wconf 72' lang='grc' dir='ltr'><strong>τὰς</strong></span> <span class='ocrx_word' id='word_1_252' title='bbox 858 1821 1022 1920; x_wconf 32' lang='lat' dir='ltr'><strong>eiad;</strong></span> <span class='ocrx_word' id='word_1_253' title='bbox 1060 1867 1159 1921; x_wconf 89' lang='grc' dir='ltr'><strong>μου</strong></span> <span class='ocrx_word' id='word_1_254' title='bbox 1193 1821 1548 1902; x_wconf 42' lang='grc' dir='ltr'>ἀποδώσωίι</span> <span class='ocrx_word' id='word_1_255' title='bbox 1579 1844 1757 1914; x_wconf 87' lang='grc' dir='ltr'>τρίτον</span> <span class='ocrx_word' id='word_1_256' title='bbox 1821 1842 1904 1907; x_wconf 80' lang='grc' dir='ltr'><strong>τὸ,</strong></span> 
     </span>
    </p>
   </div>
   <div class='ocr_carea' id='block_1_34' title="bbox 2027 1821 3585 1925">
    <p class='ocr_par' dir='ltr' id='par_1_34' title="bbox 2027 1821 3585 1893">
     <span class='ocr_line' id='line_1_34' title="bbox 2027 1821 3585 1893; baseline -0.003 -9"><span class='ocrx_word' id='word_1_257' title='bbox 2027 1829 2250 1884; x_wconf 68' lang='lat' dir='ltr'><strong>secundo</strong></span> <span class='ocrx_word' id='word_1_258' title='bbox 2280 1827 2446 1893; x_wconf 84' lang='lat' dir='ltr'><strong>istud,</strong></span> <span class='ocrx_word' id='word_1_259' title='bbox 2477 1844 2495 1878; x_wconf 77' lang='grc' dir='ltr'><strong>ι</strong></span> <span class='ocrx_word' id='word_1_260' title='bbox 2537 1834 2659 1879; x_wconf 85' lang='lat' dir='ltr'><strong>vota</strong></span> <span class='ocrx_word' id='word_1_261' title='bbox 2709 1838 2830 1879; x_wconf 83' lang='lat' dir='ltr'><strong>mea</strong></span> <span class='ocrx_word' id='word_1_262' title='bbox 2873 1825 3130 1888; x_wconf 85' lang='lat' dir='ltr'><strong>reddam;</strong></span> <span class='ocrx_word' id='word_1_263' title='bbox 3163 1841 3185 1875; x_wconf 71' lang='grc' dir='ltr'><strong>ι</strong></span> <span class='ocrx_word' id='word_1_264' title='bbox 3216 1823 3378 1877; x_wconf 89' lang='lat' dir='ltr'><strong>tertio</strong></span> <span class='ocrx_word' id='word_1_265' title='bbox 3428 1821 3585 1888; x_wconf 86' lang='lat' dir='ltr'><strong>illud,</strong></span> 
     </span>
    </p>
   </div>
   <div class='ocr_carea' id='block_1_35' title="bbox 339 1933 1906 2007">
    <p class='ocr_par' dir='ltr' id='par_1_35' title="bbox 339 1933 1906 2007">
     <span class='ocr_line' id='line_1_35' title="bbox 339 1933 1906 2007; baseline -0.006 -13"><span class='ocrx_word' id='word_1_266' title='bbox 339 1965 354 1994; x_wconf 77' lang='grc' dir='ltr'><strong>ι</strong></span> <span class='ocrx_word' id='word_1_267' title='bbox 397 1942 478 1996; x_wconf 74' lang='grc' dir='ltr'><strong>σοὶ</strong></span> <span class='ocrx_word' id='word_1_268' title='bbox 513 1942 659 1996; x_wconf 67' lang='grc' dir='ltr'>Θήσω</span> <span class='ocrx_word' id='word_1_269' title='bbox 695 1943 886 1995; x_wconf 81' lang='grc' dir='ltr'>Θυσίαν</span> <span class='ocrx_word' id='word_1_270' title='bbox 924 1941 1182 2002; x_wconf 74' lang='grc' dir='ltr'>αἰνέσεως</span> <span class='ocrx_word' id='word_1_271' title='bbox 1206 1956 1220 1970; x_wconf 85' lang='grc'><strong>·</strong></span> <span class='ocrx_word' id='word_1_272' title='bbox 1265 1959 1284 1990; x_wconf 74' lang='grc' dir='ltr'><strong>ι</strong></span> <span class='ocrx_word' id='word_1_273' title='bbox 1319 1938 1576 2007; x_wconf 84' lang='grc' dir='ltr'>τέταρτον</span> <span class='ocrx_word' id='word_1_274' title='bbox 1618 1935 1700 1996; x_wconf 81' lang='grc' dir='ltr'><strong>τὸ,</strong></span> <span class='ocrx_word' id='word_1_275' title='bbox 1756 1953 1773 1982; x_wconf 81' lang='grc' dir='ltr'><strong>ι</strong></span> <span class='ocrx_word' id='word_1_276' title='bbox 1808 1933 1906 2000; x_wconf 78' lang='grc' dir='ltr'><strong>τὰς</strong></span> 
     </span>
    </p>
   </div>
   <div class='ocr_carea' id='block_1_36' title="bbox 336 2024 1907 2108">
    <p class='ocr_par' dir='ltr' id='par_1_36' title="bbox 336 2024 1907 2108">
     <span class='ocr_line' id='line_1_36' title="bbox 336 2024 1907 2108; baseline -0.007 -22"><span class='ocrx_word' id='word_1_277' title='bbox 336 2035 500 2104; x_wconf 73' lang='grc' dir='ltr'>εὐχάς</span> <span class='ocrx_word' id='word_1_278' title='bbox 532 2051 632 2103; x_wconf 85' lang='grc' dir='ltr'><strong>μου</strong></span> <span class='ocrx_word' id='word_1_279' title='bbox 661 2033 743 2108; x_wconf 81' lang='grc' dir='ltr'>τῷ</span> <span class='ocrx_word' id='word_1_280' title='bbox 773 2033 960 2103; x_wconf 84' lang='grc' dir='ltr'>Κυρίῳ</span> <span class='ocrx_word' id='word_1_281' title='bbox 986 2029 1268 2086; x_wconf 83' lang='grc' dir='ltr'>ἀποδώσω.</span> <span class='ocrx_word' id='word_1_282' title='bbox 1296 2047 1314 2078; x_wconf 73' lang='grc' dir='ltr'><strong>ι</strong></span> <span class='ocrx_word' id='word_1_283' title='bbox 1355 2027 1514 2085; x_wconf 76' lang='grc' dir='ltr'>Ἀλλὰ</span> <span class='ocrx_word' id='word_1_284' title='bbox 1548 2027 1607 2079; x_wconf 84' lang='grc' dir='ltr'><strong>τὸ</strong></span> <span class='ocrx_word' id='word_1_285' title='bbox 1637 2027 1735 2096; x_wconf 81' lang='grc' dir='ltr'><strong>μὲν</strong></span> <span class='ocrx_word' id='word_1_286' title='bbox 1775 2024 1907 2095; x_wconf 77' lang='grc' dir='ltr'>πρό-</span> 
     </span>
    </p>
   </div>
   <div class='ocr_carea' id='block_1_37' title="bbox 336 2116 1908 2196">
    <p class='ocr_par' dir='ltr' id='par_1_37' title="bbox 336 2116 1908 2196">
     <span class='ocr_line' id='line_1_37' title="bbox 336 2116 1908 2196; baseline -0.007 -19"><span class='ocrx_word' id='word_1_287' title='bbox 336 2143 512 2196; x_wconf 85' lang='grc' dir='ltr'>τερον,</span> <span class='ocrx_word' id='word_1_288' title='bbox 543 2145 559 2175; x_wconf 78' lang='grc' dir='ltr'><strong>ι</strong></span> <span class='ocrx_word' id='word_1_289' title='bbox 594 2125 689 2187; x_wconf 87' lang='grc' dir='ltr'><strong>τάς</strong></span> <span class='ocrx_word' id='word_1_290' title='bbox 727 2124 891 2193; x_wconf 74' lang='grc' dir='ltr'>εὐχάς</span> <span class='ocrx_word' id='word_1_291' title='bbox 939 2140 1038 2192; x_wconf 85' lang='grc' dir='ltr'><strong>μου</strong></span> <span class='ocrx_word' id='word_1_292' title='bbox 1094 2118 1376 2180; x_wconf 81' lang='grc' dir='ltr'>ἀποδώσω,</span> <span class='ocrx_word' id='word_1_293' title='bbox 1411 2138 1428 2169; x_wconf 79' lang='grc' dir='ltr'><strong>ι</strong></span> <span class='ocrx_word' id='word_1_294' title='bbox 1468 2118 1626 2188; x_wconf 85' lang='grc' dir='ltr'>μόνον</span> <span class='ocrx_word' id='word_1_295' title='bbox 1672 2116 1784 2186; x_wconf 79' lang='grc' dir='ltr'>ἔχει</span> <span class='ocrx_word' id='word_1_296' title='bbox 1827 2116 1908 2178; x_wconf 85' lang='grc' dir='ltr'><strong>τὸ,</strong></span> 
     </span>
    </p>
   </div>
   <div class='ocr_carea' id='block_1_38' title="bbox 341 2206 1913 2278">
    <p class='ocr_par' dir='ltr' id='par_1_38' title="bbox 341 2206 1913 2278">
     <span class='ocr_line' id='line_1_38' title="bbox 341 2206 1913 2278; baseline -0.005 -10"><span class='ocrx_word' id='word_1_297' title='bbox 341 2237 360 2268; x_wconf 80' lang='grc' dir='ltr'><strong>ι</strong></span> <span class='ocrx_word' id='word_1_298' title='bbox 403 2216 637 2272; x_wconf 78' lang='grc' dir='ltr'>ἐναντίον</span> <span class='ocrx_word' id='word_1_299' title='bbox 673 2216 870 2278; x_wconf 82' lang='grc' dir='ltr'>παντὸς</span> <span class='ocrx_word' id='word_1_300' title='bbox 891 2214 984 2267; x_wconf 90' lang='grc' dir='ltr'><strong>τοῦ</strong></span> <span class='ocrx_word' id='word_1_301' title='bbox 1009 2211 1137 2264; x_wconf 88' lang='grc' dir='ltr'>λαοῦ</span> <span class='ocrx_word' id='word_1_302' title='bbox 1163 2209 1325 2264; x_wconf 76' lang='grc' dir='ltr'>αὑτοῦ</span> <span class='ocrx_word' id='word_1_303' title='bbox 1351 2227 1363 2240; x_wconf 89' lang='grc'><strong>·</strong></span> <span class='ocrx_word' id='word_1_304' title='bbox 1393 2230 1410 2260; x_wconf 76' lang='grc' dir='ltr'><strong>ι</strong></span> <span class='ocrx_word' id='word_1_305' title='bbox 1465 2208 1526 2262; x_wconf 89' lang='grc' dir='ltr'><strong>τὸ</strong></span> <span class='ocrx_word' id='word_1_306' title='bbox 1566 2208 1623 2262; x_wconf 81' lang='grc' dir='ltr'>δὲ</span> <span class='ocrx_word' id='word_1_307' title='bbox 1662 2206 1913 2276; x_wconf 81' lang='grc' dir='ltr'>δεύτερον</span> 
     </span>
    </p>
   </div>
   <div class='ocr_carea' id='block_1_39' title="bbox 340 2297 1913 2370">
    <p class='ocr_par' dir='ltr' id='par_1_39' title="bbox 340 2297 1913 2370">
     <span class='ocr_line' id='line_1_39' title="bbox 340 2297 1913 2370; baseline -0.007 -10"><span class='ocrx_word' id='word_1_308' title='bbox 340 2308 434 2360; x_wconf 71' lang='grc' dir='ltr'>καὶ</span> <span class='ocrx_word' id='word_1_309' title='bbox 457 2306 538 2368; x_wconf 90' lang='grc' dir='ltr'><strong>τὸ,</strong></span> <span class='ocrx_word' id='word_1_310' title='bbox 575 2326 592 2356; x_wconf 82' lang='grc' dir='ltr'><strong>ι</strong></span> <span class='ocrx_word' id='word_1_311' title='bbox 632 2306 689 2358; x_wconf 82' lang='grc' dir='ltr'>ὲν</span> <span class='ocrx_word' id='word_1_312' title='bbox 743 2303 932 2366; x_wconf 78' lang='grc' dir='ltr'><strong>αὐλαῖς</strong></span> <span class='ocrx_word' id='word_1_313' title='bbox 981 2301 1130 2354; x_wconf 81' lang='grc' dir='ltr'>οἴκου</span> <span class='ocrx_word' id='word_1_314' title='bbox 1180 2299 1406 2370; x_wconf 83' lang='grc' dir='ltr'>Κυρίου,</span> <span class='ocrx_word' id='word_1_315' title='bbox 1469 2317 1486 2349; x_wconf 83' lang='grc' dir='ltr'><strong>ι</strong></span> <span class='ocrx_word' id='word_1_316' title='bbox 1520 2297 1724 2359; x_wconf 78' lang='grc' dir='ltr'>καὶτὸ,</span> <span class='ocrx_word' id='word_1_317' title='bbox 1798 2314 1815 2343; x_wconf 79' lang='grc' dir='ltr'><strong>ι</strong></span> <span class='ocrx_word' id='word_1_318' title='bbox 1857 2297 1913 2349; x_wconf 77' lang='grc' dir='ltr'>ἐν</span> 
     </span>
    </p>
   </div>
   <div class='ocr_carea' id='block_1_40' title="bbox 343 2390 1913 2470">
    <p class='ocr_par' dir='ltr' id='par_1_40' title="bbox 343 2390 1913 2470">
     <span class='ocr_line' id='line_1_40' title="bbox 343 2390 1913 2470; baseline -0.008 -19"><span class='ocrx_word' id='word_1_319' title='bbox 343 2399 493 2469; x_wconf 88' lang='grc' dir='ltr'>μέσῳ</span> <span class='ocrx_word' id='word_1_320' title='bbox 545 2415 666 2461; x_wconf 83' lang='grc' dir='ltr'>σου,</span> <span class='ocrx_word' id='word_1_321' title='bbox 705 2397 1076 2470; x_wconf 84' lang='grc' dir='ltr'>Ἰερουσαλήμ.</span> <span class='ocrx_word' id='word_1_322' title='bbox 1134 2415 1152 2445; x_wconf 79' lang='grc' dir='ltr'><strong>ι</strong></span> <span class='ocrx_word' id='word_1_323' title='bbox 1209 2395 1319 2448; x_wconf 69' lang='grc' dir='ltr'>Καὶ</span> <span class='ocrx_word' id='word_1_324' title='bbox 1376 2391 1437 2445; x_wconf 87' lang='grc' dir='ltr'><strong>τὸ</strong></span> <span class='ocrx_word' id='word_1_325' title='bbox 1492 2391 1588 2461; x_wconf 74' lang='grc' dir='ltr'><strong>μὲν</strong></span> <span class='ocrx_word' id='word_1_326' title='bbox 1629 2390 1913 2460; x_wconf 81' lang='grc' dir='ltr'>πρότερον,</span> 
     </span>
    </p>
   </div>
   <div class='ocr_carea' id='block_1_41' title="bbox 347 2480 1916 2559">
    <p class='ocr_par' dir='ltr' id='par_1_41' title="bbox 347 2480 1916 2559">
     <span class='ocr_line' id='line_1_41' title="bbox 347 2480 1916 2559; baseline -0.008 -16"><span class='ocrx_word' id='word_1_327' title='bbox 347 2510 365 2543; x_wconf 85' lang='grc' dir='ltr'><strong>ι</strong></span> <span class='ocrx_word' id='word_1_328' title='bbox 397 2491 494 2553; x_wconf 74' lang='grc' dir='ltr'>τὰς</span> <span class='ocrx_word' id='word_1_329' title='bbox 521 2489 683 2559; x_wconf 77' lang='grc' dir='ltr'>εὐχάς</span> <span class='ocrx_word' id='word_1_330' title='bbox 708 2506 808 2559; x_wconf 90' lang='grc' dir='ltr'><strong>μου</strong></span> <span class='ocrx_word' id='word_1_331' title='bbox 841 2489 918 2559; x_wconf 83' lang='grc' dir='ltr'>τῷ</span> <span class='ocrx_word' id='word_1_332' title='bbox 969 2487 1158 2558; x_wconf 86' lang='grc' dir='ltr'>Κυρίῳ</span> <span class='ocrx_word' id='word_1_333' title='bbox 1212 2484 1492 2546; x_wconf 80' lang='grc' dir='ltr'>ἀποδώσω,</span> <span class='ocrx_word' id='word_1_334' title='bbox 1529 2502 1544 2533; x_wconf 81' lang='grc' dir='ltr'><strong>ι</strong></span> <span class='ocrx_word' id='word_1_335' title='bbox 1599 2480 1916 2549; x_wconf 60' lang='grc' dir='ltr'>ἐπιφέρεται</span> 
     </span>
    </p>
   </div>
   <div class='ocr_carea' id='block_1_42' title="bbox 342 2573 1919 2654">
    <p class='ocr_par' dir='ltr' id='par_1_42' title="bbox 342 2573 1919 2654">
     <span class='ocr_line' id='line_1_42' title="bbox 342 2573 1919 2654; baseline -0.008 -19"><span class='ocrx_word' id='word_1_336' title='bbox 342 2583 421 2654; x_wconf 78' lang='grc' dir='ltr'>τῷ</span> <span class='ocrx_word' id='word_1_337' title='bbox 457 2583 700 2653; x_wconf 73' lang='grc' dir='ltr'>ποτηρίῳ</span> <span class='ocrx_word' id='word_1_338' title='bbox 729 2581 821 2634; x_wconf 88' lang='grc' dir='ltr'><strong>τοῦ</strong></span> <span class='ocrx_word' id='word_1_339' title='bbox 857 2581 1125 2651; x_wconf 79' lang='grc' dir='ltr'>σωτηρίου</span> <span class='ocrx_word' id='word_1_340' title='bbox 1148 2596 1160 2609; x_wconf 90' lang='grc'><strong>·</strong></span> <span class='ocrx_word' id='word_1_341' title='bbox 1193 2578 1255 2630; x_wconf 88' lang='grc' dir='ltr'><strong>τὸ</strong></span> <span class='ocrx_word' id='word_1_342' title='bbox 1291 2577 1348 2631; x_wconf 80' lang='grc' dir='ltr'><strong>δὲ</strong></span> <span class='ocrx_word' id='word_1_343' title='bbox 1370 2576 1618 2648; x_wconf 81' lang='grc' dir='ltr'>δεύτερον</span> <span class='ocrx_word' id='word_1_344' title='bbox 1641 2573 1732 2626; x_wconf 73' lang='grc' dir='ltr'><strong>ἐπὶ</strong></span> <span class='ocrx_word' id='word_1_345' title='bbox 1785 2574 1919 2625; x_wconf 73' lang='grc' dir='ltr'>πᾶσι</span> 
     </span>
    </p>
   </div>
   <div class='ocr_carea' id='block_1_43' title="bbox 342 2663 1914 2744">
    <p class='ocr_par' dir='ltr' id='par_1_43' title="bbox 342 2663 1914 2744">
     <span class='ocr_line' id='line_1_43' title="bbox 342 2663 1914 2744; baseline -0.009 -17"><span class='ocrx_word' id='word_1_346' title='bbox 342 2675 438 2728; x_wconf 76' lang='grc' dir='ltr'><strong>καὶ</strong></span> <span class='ocrx_word' id='word_1_347' title='bbox 466 2673 825 2744; x_wconf 82' lang='grc' dir='ltr'>συνημμένως</span> <span class='ocrx_word' id='word_1_348' title='bbox 853 2671 948 2742; x_wconf 81' lang='grc' dir='ltr'>τῷ,</span> <span class='ocrx_word' id='word_1_349' title='bbox 991 2691 1009 2723; x_wconf 90' lang='grc'><em>‹</em></span> <span class='ocrx_word' id='word_1_350' title='bbox 1046 2669 1331 2741; x_wconf 74' lang='grc' dir='ltr'>διέρρηξας</span> <span class='ocrx_word' id='word_1_351' title='bbox 1353 2668 1475 2730; x_wconf 76' lang='grc' dir='ltr'>τοὺς</span> <span class='ocrx_word' id='word_1_352' title='bbox 1501 2663 1731 2736; x_wconf 80' lang='grc' dir='ltr'>δεσμούς</span> <span class='ocrx_word' id='word_1_353' title='bbox 1759 2681 1914 2734; x_wconf 62' lang='lat' dir='ltr'><strong>pou,»</strong></span> 
     </span>
    </p>
   </div>
   <div class='ocr_carea' id='block_1_44' title="bbox 347 2756 1921 2835">
    <p class='ocr_par' dir='ltr' id='par_1_44' title="bbox 347 2756 1921 2835">
     <span class='ocr_line' id='line_1_44' title="bbox 347 2756 1921 2835; baseline -0.007 -16"><span class='ocrx_word' id='word_1_354' title='bbox 347 2765 439 2819; x_wconf 67' lang='grc' dir='ltr'><strong>καὶ</strong></span> <span class='ocrx_word' id='word_1_355' title='bbox 471 2765 568 2835; x_wconf 79' lang='grc' dir='ltr'><strong>τῷ.</strong></span> <span class='ocrx_word' id='word_1_356' title='bbox 605 2785 622 2815; x_wconf 80' lang='grc' dir='ltr'><strong>ι</strong></span> <span class='ocrx_word' id='word_1_357' title='bbox 669 2764 750 2816; x_wconf 77' lang='grc' dir='ltr'><strong>σοὶ</strong></span> <span class='ocrx_word' id='word_1_358' title='bbox 780 2763 925 2816; x_wconf 83' lang='grc' dir='ltr'>Θύσω</span> <span class='ocrx_word' id='word_1_359' title='bbox 951 2761 1138 2815; x_wconf 79' lang='grc' dir='ltr'>Θυσίαν</span> <span class='ocrx_word' id='word_1_360' title='bbox 1172 2760 1430 2822; x_wconf 81' lang='grc' dir='ltr'>αἰνέσεως</span> <span class='ocrx_word' id='word_1_361' title='bbox 1453 2775 1466 2788; x_wconf 86' lang='grc'><strong>·</strong></span> <span class='ocrx_word' id='word_1_362' title='bbox 1506 2778 1524 2810; x_wconf 77' lang='grc' dir='ltr'><strong>ι</strong></span> <span class='ocrx_word' id='word_1_363' title='bbox 1565 2757 1625 2810; x_wconf 87' lang='grc' dir='ltr'><strong>τὸ</strong></span> <span class='ocrx_word' id='word_1_364' title='bbox 1658 2756 1714 2809; x_wconf 76' lang='grc' dir='ltr'>δὲ</span> <span class='ocrx_word' id='word_1_365' title='bbox 1741 2795 1754 2819; x_wconf 94' lang='grc'><strong>,</strong></span> <span class='ocrx_word' id='word_1_366' title='bbox 1803 2775 1821 2806; x_wconf 81' lang='grc' dir='ltr'><strong>ι</strong></span> <span class='ocrx_word' id='word_1_367' title='bbox 1858 2756 1921 2808; x_wconf 82' lang='grc' dir='ltr'><strong>σὺ</strong></span> 
     </span>
    </p>
   </div>
   <div class='ocr_carea' id='block_1_45' title="bbox 346 2848 1922 2926">
    <p class='ocr_par' dir='ltr' id='par_1_45' title="bbox 346 2848 1922 2926">
     <span class='ocr_line' id='line_1_45' title="bbox 346 2848 1922 2926; baseline -0.005 -18"><span class='ocrx_word' id='word_1_368' title='bbox 346 2855 635 2926; x_wconf 69' lang='grc' dir='ltr'>διέρρηξας</span> <span class='ocrx_word' id='word_1_369' title='bbox 667 2855 793 2917; x_wconf 76' lang='grc' dir='ltr'>τοὺς</span> <span class='ocrx_word' id='word_1_370' title='bbox 837 2852 1068 2923; x_wconf 84' lang='grc' dir='ltr'>δεσμούς</span> <span class='ocrx_word' id='word_1_371' title='bbox 1101 2869 1221 2922; x_wconf 86' lang='grc' dir='ltr'>μου,</span> <span class='ocrx_word' id='word_1_372' title='bbox 1265 2870 1282 2900; x_wconf 76' lang='grc' dir='ltr'><strong>ι</strong></span> <span class='ocrx_word' id='word_1_373' title='bbox 1341 2849 1418 2920; x_wconf 84' lang='grc' dir='ltr'>τῷ</span> <span class='ocrx_word' id='word_1_374' title='bbox 1477 2848 1643 2918; x_wconf 80' lang='grc' dir='ltr'>τιμίῳ</span> <span class='ocrx_word' id='word_1_375' title='bbox 1682 2848 1922 2904; x_wconf 82' lang='grc' dir='ltr'>ἐναντίον</span> 
     </span>
    </p>
   </div>
   <div class='ocr_carea' id='block_1_46' title="bbox 351 2938 1925 3016">
    <p class='ocr_par' dir='ltr' id='par_1_46' title="bbox 351 2938 1925 3016">
     <span class='ocr_line' id='line_1_46' title="bbox 351 2938 1925 3016; baseline -0.004 -18"><span class='ocrx_word' id='word_1_376' title='bbox 351 2946 540 3016; x_wconf 82' lang='grc' dir='ltr'>Κυρίῳ</span> <span class='ocrx_word' id='word_1_377' title='bbox 569 2944 813 3014; x_wconf 83' lang='grc' dir='ltr'><strong>θανάτῳ·</strong></span> <span class='ocrx_word' id='word_1_378' title='bbox 845 2943 873 2996; x_wconf 80' lang='grc' dir='ltr'><strong>ὃ</strong></span> <span class='ocrx_word' id='word_1_379' title='bbox 919 2943 1146 3010; x_wconf 76' lang='grc' dir='ltr'>δοξάσας</span> <span class='ocrx_word' id='word_1_380' title='bbox 1191 2940 1281 2993; x_wconf 88' lang='grc' dir='ltr'><strong>τοῦ</strong></span> <span class='ocrx_word' id='word_1_381' title='bbox 1326 2938 1621 3010; x_wconf 84' lang='grc' dir='ltr'>μαρτυρίου</span> <span class='ocrx_word' id='word_1_382' title='bbox 1666 2939 1755 2991; x_wconf 78' lang='grc' dir='ltr'><strong>τὸν</strong></span> <span class='ocrx_word' id='word_1_383' title='bbox 1793 2938 1925 2992; x_wconf 88' lang='grc' dir='ltr'>Θεὸν</span> 
     </span>
    </p>
   </div>
   <div class='ocr_carea' id='block_1_47' title="bbox 350 3031 1926 3110">
    <p class='ocr_par' dir='ltr' id='par_1_47' title="bbox 350 3031 1926 3110">
     <span class='ocr_line' id='line_1_47' title="bbox 350 3031 1926 3110; baseline -0.003 -22"><span class='ocrx_word' id='word_1_384' title='bbox 350 3038 496 3104; x_wconf 83' lang='grc' dir='ltr'>λέγει</span> <span class='ocrx_word' id='word_1_385' title='bbox 532 3036 622 3089; x_wconf 74' lang='grc' dir='ltr'><strong>ἐπὶ</strong></span> <span class='ocrx_word' id='word_1_386' title='bbox 659 3035 736 3104; x_wconf 85' lang='grc' dir='ltr'>τῷ</span> <span class='ocrx_word' id='word_1_387' title='bbox 767 3034 854 3091; x_wconf 75' lang='grc' dir='ltr'>διὰ</span> <span class='ocrx_word' id='word_1_388' title='bbox 907 3033 1206 3110; x_wconf 80' lang='grc' dir='ltr'>μαρτυρίου</span> <span class='ocrx_word' id='word_1_389' title='bbox 1247 3031 1344 3094; x_wconf 76' lang='grc' dir='ltr'><strong>τὰς</strong></span> <span class='ocrx_word' id='word_1_390' title='bbox 1382 3031 1786 3102; x_wconf 86' lang='grc' dir='ltr'>προγενομένας</span> <span class='ocrx_word' id='word_1_391' title='bbox 1822 3047 1926 3084; x_wconf 84' lang='grc' dir='ltr'>σει-</span> 
     </span>
    </p>
   </div>
   <div class='ocr_carea' id='block_1_48' title="bbox 358 3121 1924 3198">
    <p class='ocr_par' dir='ltr' id='par_1_48' title="bbox 358 3121 1924 3198">
     <span class='ocr_line' id='line_1_48' title="bbox 358 3121 1924 3198; baseline -0.004 -18"><span class='ocrx_word' id='word_1_392' title='bbox 358 3128 455 3198; x_wconf 77' lang='grc' dir='ltr'>ρὰς</span> <span class='ocrx_word' id='word_1_393' title='bbox 481 3127 587 3180; x_wconf 90' lang='grc' dir='ltr'><strong>τῶν</strong></span> <span class='ocrx_word' id='word_1_394' title='bbox 617 3125 897 3197; x_wconf 86' lang='grc' dir='ltr'>ἁμαρτιῶν</span> <span class='ocrx_word' id='word_1_395' title='bbox 923 3123 1088 3178; x_wconf 81' lang='grc' dir='ltr'>αὑτοῦ</span> <span class='ocrx_word' id='word_1_396' title='bbox 1127 3122 1441 3194; x_wconf 76' lang='grc' dir='ltr'>διερρῆχθαι</span> <span class='ocrx_word' id='word_1_397' title='bbox 1493 3121 1600 3175; x_wconf 85' lang='grc' dir='ltr'><strong>ἀπὸ</strong></span> <span class='ocrx_word' id='word_1_398' title='bbox 1642 3122 1798 3186; x_wconf 89' lang='grc' dir='ltr'>Θεοῦ,</span> <span class='ocrx_word' id='word_1_399' title='bbox 1847 3122 1924 3186; x_wconf 84' lang='grc' dir='ltr'><strong>ὡς</strong></span> 
     </span>
    </p>
   </div>
   <div class='ocr_carea' id='block_1_49' title="bbox 2015 1913 3680 1982">
    <p class='ocr_par' dir='ltr' id='par_1_49' title="bbox 2015 1913 3680 1982">
     <span class='ocr_line' id='line_1_49' title="bbox 2015 1913 3680 1982; baseline -0.004 -10"><span class='ocrx_word' id='word_1_400' title='bbox 2015 1940 2034 1972; x_wconf 74' lang='grc' dir='ltr'><strong>ι</strong></span> <span class='ocrx_word' id='word_1_401' title='bbox 2072 1921 2168 1975; x_wconf 89' lang='lat' dir='ltr'><strong>tibi</strong></span> <span class='ocrx_word' id='word_1_402' title='bbox 2206 1917 2530 1974; x_wconf 87' lang='lat' dir='ltr'><strong>sacriﬁcabo</strong></span> <span class='ocrx_word' id='word_1_403' title='bbox 2557 1916 2792 1970; x_wconf 82' lang='lat' dir='ltr'><strong>hostiam</strong></span> <span class='ocrx_word' id='word_1_404' title='bbox 2832 1914 3046 1980; x_wconf 90' lang='lat' dir='ltr'><strong>laudis;</strong></span> <span class='ocrx_word' id='word_1_405' title='bbox 3080 1933 3099 1966; x_wconf 76' lang='grc' dir='ltr'><strong>ι</strong></span> <span class='ocrx_word' id='word_1_406' title='bbox 3124 1920 3320 1982; x_wconf 86' lang='lat' dir='ltr'><strong>quarto</strong></span> <span class='ocrx_word' id='word_1_407' title='bbox 3353 1913 3586 1981; x_wconf 83' lang='lat' dir='ltr'><strong>denique</strong></span> <span class='ocrx_word' id='word_1_408' title='bbox 3677 1938 3680 1940; x_wconf 92' lang='lat'><strong><em>-</em></strong></span> 
     </span>
    </p>
   </div>
   <div class='ocr_carea' id='block_1_50' title="bbox 2012 2005 3583 2076">
    <p class='ocr_par' dir='ltr' id='par_1_50' title="bbox 2012 2005 3583 2076">
     <span class='ocr_line' id='line_1_50' title="bbox 2012 2005 3583 2076; baseline -0.004 -11"><span class='ocrx_word' id='word_1_409' title='bbox 2012 2012 2179 2076; x_wconf 79' lang='lat' dir='ltr'><strong>ismd,</strong></span> <span class='ocrx_word' id='word_1_410' title='bbox 2219 2029 2237 2061; x_wconf 77' lang='grc' dir='ltr'><strong>ι</strong></span> <span class='ocrx_word' id='word_1_411' title='bbox 2272 2017 2396 2064; x_wconf 86' lang='lat' dir='ltr'><strong>vota</strong></span> <span class='ocrx_word' id='word_1_412' title='bbox 2455 2023 2576 2062; x_wconf 90' lang='lat' dir='ltr'><strong>mea</strong></span> <span class='ocrx_word' id='word_1_413' title='bbox 2613 2006 2842 2062; x_wconf 89' lang='lat' dir='ltr'><strong>Domino</strong></span> <span class='ocrx_word' id='word_1_414' title='bbox 2873 2005 3117 2060; x_wconf 88' lang='lat' dir='ltr'><strong>reddam.</strong></span> <span class='ocrx_word' id='word_1_415' title='bbox 3156 2024 3175 2058; x_wconf 79' lang='grc' dir='ltr'><strong>ι</strong></span> <span class='ocrx_word' id='word_1_416' title='bbox 3211 2006 3319 2060; x_wconf 89' lang='lat' dir='ltr'><strong>Sed</strong></span> <span class='ocrx_word' id='word_1_417' title='bbox 3350 2005 3583 2075; x_wconf 90' lang='lat' dir='ltr'><strong>primum</strong></span> 
     </span>
    </p>
   </div>
   <div class='ocr_carea' id='block_1_51' title="bbox 2013 2095 3587 2172">
    <p class='ocr_par' dir='ltr' id='par_1_51' title="bbox 2013 2095 3587 2172">
     <span class='ocr_line' id='line_1_51' title="bbox 2013 2095 3587 2172; baseline -0.003 -18"><span class='ocrx_word' id='word_1_418' title='bbox 2013 2103 2254 2172; x_wconf 83' lang='lat' dir='ltr'><strong>quidem,</strong></span> <span class='ocrx_word' id='word_1_419' title='bbox 2288 2119 2307 2151; x_wconf 80' lang='grc' dir='ltr'><strong>ι</strong></span> <span class='ocrx_word' id='word_1_420' title='bbox 2339 2108 2460 2154; x_wconf 87' lang='lat' dir='ltr'><strong>vota</strong></span> <span class='ocrx_word' id='word_1_421' title='bbox 2499 2112 2616 2152; x_wconf 88' lang='lat' dir='ltr'><strong>mea</strong></span> <span class='ocrx_word' id='word_1_422' title='bbox 2657 2098 2900 2164; x_wconf 88' lang='lat' dir='ltr'><strong>reddam,</strong></span> <span class='ocrx_word' id='word_1_423' title='bbox 2932 2114 2951 2148; x_wconf 78' lang='grc' dir='ltr'><strong>ι</strong></span> <span class='ocrx_word' id='word_1_424' title='bbox 2983 2104 3189 2151; x_wconf 83' lang='lat' dir='ltr'><strong>tantum</strong></span> <span class='ocrx_word' id='word_1_425' title='bbox 3221 2095 3384 2151; x_wconf 87' lang='lat' dir='ltr'><strong>habet</strong></span> <span class='ocrx_word' id='word_1_426' title='bbox 3415 2095 3548 2151; x_wconf 90' lang='lat' dir='ltr'><strong>illud</strong></span> <span class='ocrx_word' id='word_1_427' title='bbox 3569 2138 3587 2163; x_wconf 92' lang='lat'><strong>,</strong></span> 
     </span>
    </p>
   </div>
   <div class='ocr_carea' id='block_1_52' title="bbox 2019 2188 3589 2262">
    <p class='ocr_par' dir='ltr' id='par_1_52' title="bbox 2019 2188 3589 2262">
     <span class='ocr_line' id='line_1_52' title="bbox 2019 2188 3589 2262; baseline -0.003 -15"><span class='ocrx_word' id='word_1_428' title='bbox 2019 2215 2038 2247; x_wconf 76' lang='grc' dir='ltr'><strong>ι</strong></span> <span class='ocrx_word' id='word_1_429' title='bbox 2077 2197 2130 2249; x_wconf 92' lang='lat' dir='ltr'><strong>in</strong></span> <span class='ocrx_word' id='word_1_430' title='bbox 2153 2201 2452 2262; x_wconf 88' lang='lat' dir='ltr'><strong>conspectu</strong></span> <span class='ocrx_word' id='word_1_431' title='bbox 2481 2190 2661 2245; x_wconf 88' lang='lat' dir='ltr'><strong>omnis</strong></span> <span class='ocrx_word' id='word_1_432' title='bbox 2687 2188 2867 2258; x_wconf 89' lang='lat' dir='ltr'><strong>populi</strong></span> <span class='ocrx_word' id='word_1_433' title='bbox 2891 2189 3041 2256; x_wconf 88' lang='lat' dir='ltr'><strong>ejus;</strong></span> <span class='ocrx_word' id='word_1_434' title='bbox 3080 2209 3100 2242; x_wconf 74' lang='grc' dir='ltr'><strong>ι</strong></span> <span class='ocrx_word' id='word_1_435' title='bbox 3133 2189 3430 2244; x_wconf 89' lang='lat' dir='ltr'><strong>secundum</strong></span> <span class='ocrx_word' id='word_1_436' title='bbox 3456 2204 3589 2245; x_wconf 81' lang='lat' dir='ltr'><strong>vero</strong></span> 
     </span>
    </p>
   </div>
   <div class='ocr_carea' id='block_1_53' title="bbox 2015 2280 3590 2350">
    <p class='ocr_par' dir='ltr' id='par_1_53' title="bbox 2015 2280 3590 2350">
     <span class='ocr_line' id='line_1_53' title="bbox 2015 2280 3590 2350; baseline -0.004 -9"><span class='ocrx_word' id='word_1_437' title='bbox 2015 2297 2070 2341; x_wconf 91' lang='lat' dir='ltr'><strong>ct</strong></span> <span class='ocrx_word' id='word_1_438' title='bbox 2101 2285 2263 2350; x_wconf 89' lang='lat' dir='ltr'><strong>istud,</strong></span> <span class='ocrx_word' id='word_1_439' title='bbox 2300 2303 2318 2335; x_wconf 79' lang='grc' dir='ltr'><strong>ι</strong></span> <span class='ocrx_word' id='word_1_440' title='bbox 2359 2284 2410 2338; x_wconf 91' lang='lat' dir='ltr'><strong>in</strong></span> <span class='ocrx_word' id='word_1_441' title='bbox 2445 2283 2602 2338; x_wconf 84' lang='lat' dir='ltr'><strong>atriis</strong></span> <span class='ocrx_word' id='word_1_442' title='bbox 2625 2283 2817 2337; x_wconf 88' lang='lat' dir='ltr'><strong>domus</strong></span> <span class='ocrx_word' id='word_1_443' title='bbox 2840 2280 3086 2346; x_wconf 89' lang='lat' dir='ltr'><strong>Domini,</strong></span> <span class='ocrx_word' id='word_1_444' title='bbox 3118 2299 3140 2332; x_wconf 71' lang='grc' dir='ltr'><strong>ι</strong></span> <span class='ocrx_word' id='word_1_445' title='bbox 3171 2288 3224 2334; x_wconf 89' lang='lat' dir='ltr'><strong>et</strong></span> <span class='ocrx_word' id='word_1_446' title='bbox 3273 2281 3439 2346; x_wconf 86' lang='lat' dir='ltr'><strong>istud,</strong></span> <span class='ocrx_word' id='word_1_447' title='bbox 3476 2299 3497 2333; x_wconf 72' lang='grc' dir='ltr'><strong>ι</strong></span> <span class='ocrx_word' id='word_1_448' title='bbox 3536 2281 3590 2335; x_wconf 90' lang='lat' dir='ltr'><strong>in</strong></span> 
     </span>
    </p>
   </div>
   <div class='ocr_carea' id='block_1_54' title="bbox 2018 2368 3592 2439">
    <p class='ocr_par' dir='ltr' id='par_1_54' title="bbox 2018 2368 3592 2439">
     <span class='ocr_line' id='line_1_54' title="bbox 2018 2368 3592 2439; baseline -0.003 -10"><span class='ocrx_word' id='word_1_449' title='bbox 2018 2375 2196 2430; x_wconf 88' lang='lat' dir='ltr'><strong>medio</strong></span> <span class='ocrx_word' id='word_1_450' title='bbox 2228 2374 2324 2437; x_wconf 90' lang='lat' dir='ltr'><strong>tui,</strong></span> <span class='ocrx_word' id='word_1_451' title='bbox 2352 2372 2675 2428; x_wconf 75' lang='lat' dir='ltr'><strong>Jerusalem.</strong></span> <span class='ocrx_word' id='word_1_452' title='bbox 2711 2389 2732 2424; x_wconf 77' lang='grc' dir='ltr'><strong>ι</strong></span> <span class='ocrx_word' id='word_1_453' title='bbox 2763 2371 2840 2426; x_wconf 87' lang='lat' dir='ltr'><strong>Ac</strong></span> <span class='ocrx_word' id='word_1_454' title='bbox 2873 2370 3112 2438; x_wconf 90' lang='lat' dir='ltr'><strong>primum</strong></span> <span class='ocrx_word' id='word_1_455' title='bbox 3141 2368 3386 2439; x_wconf 88' lang='lat' dir='ltr'><strong>quidem,</strong></span> <span class='ocrx_word' id='word_1_456' title='bbox 3413 2387 3432 2421; x_wconf 82' lang='grc' dir='ltr'><strong>ι</strong></span> <span class='ocrx_word' id='word_1_457' title='bbox 3465 2379 3592 2425; x_wconf 82' lang='lat' dir='ltr'><strong>vota</strong></span> 
     </span>
    </p>
   </div>
   <div class='ocr_carea' id='block_1_55' title="bbox 2021 2460 3593 2530">
    <p class='ocr_par' dir='ltr' id='par_1_55' title="bbox 2021 2460 3593 2530">
     <span class='ocr_line' id='line_1_55' title="bbox 2021 2460 3593 2530; baseline -0.003 -11"><span class='ocrx_word' id='word_1_458' title='bbox 2021 2481 2138 2520; x_wconf 91' lang='lat' dir='ltr'><strong>mea</strong></span> <span class='ocrx_word' id='word_1_459' title='bbox 2171 2467 2398 2520; x_wconf 90' lang='lat' dir='ltr'><strong>Domino</strong></span> <span class='ocrx_word' id='word_1_460' title='bbox 2432 2466 2688 2530; x_wconf 83' lang='lat' dir='ltr'><strong>reddam,</strong></span> <span class='ocrx_word' id='word_1_461' title='bbox 2726 2480 2744 2514; x_wconf 74' lang='grc' dir='ltr'><strong>ι</strong></span> <span class='ocrx_word' id='word_1_462' title='bbox 2775 2461 2931 2517; x_wconf 91' lang='lat' dir='ltr'><strong>calici</strong></span> <span class='ocrx_word' id='word_1_463' title='bbox 2967 2460 3259 2528; x_wconf 77' lang='lat' dir='ltr'><strong>salu-laris;</strong></span> <span class='ocrx_word' id='word_1_464' title='bbox 3296 2462 3593 2517; x_wconf 83' lang='lat' dir='ltr'><strong>secundum</strong></span> 
     </span>
    </p>
   </div>
   <div class='ocr_carea' id='block_1_56' title="bbox 2022 2551 3596 2623">
    <p class='ocr_par' dir='ltr' id='par_1_56' title="bbox 2022 2551 3596 2623">
     <span class='ocr_line' id='line_1_56' title="bbox 2022 2551 3596 2623; baseline 0 -13"><span class='ocrx_word' id='word_1_465' title='bbox 2022 2574 2151 2613; x_wconf 80' lang='lat' dir='ltr'><strong>vero</strong></span> <span class='ocrx_word' id='word_1_466' title='bbox 2185 2559 2236 2612; x_wconf 90' lang='lat' dir='ltr'><strong>in</strong></span> <span class='ocrx_word' id='word_1_467' title='bbox 2283 2561 2386 2612; x_wconf 86' lang='lat' dir='ltr'><strong>tine</strong></span> <span class='ocrx_word' id='word_1_468' title='bbox 2419 2567 2474 2611; x_wconf 86' lang='lat' dir='ltr'><strong>et</strong></span> <span class='ocrx_word' id='word_1_469' title='bbox 2511 2565 2758 2612; x_wconf 80' lang='lat' dir='ltr'><strong>connexa</strong></span> <span class='ocrx_word' id='word_1_470' title='bbox 2795 2552 2940 2607; x_wconf 90' lang='lat' dir='ltr'><strong>serie</strong></span> <span class='ocrx_word' id='word_1_471' title='bbox 2970 2551 3317 2623; x_wconf 69' lang='lat' dir='ltr'><strong>subiungitur</strong></span> <span class='ocrx_word' id='word_1_472' title='bbox 3357 2556 3442 2610; x_wconf 92' lang='lat' dir='ltr'><strong>his</strong></span> <span class='ocrx_word' id='word_1_473' title='bbox 3471 2569 3596 2610; x_wconf 80' lang='lat' dir='ltr'><strong>ver-</strong></span> 
     </span>
    </p>
   </div>
   <div class='ocr_carea' id='block_1_57' title="bbox 2021 2647 3599 2719">
    <p class='ocr_par' dir='ltr' id='par_1_57' title="bbox 2021 2647 3599 2719">
     <span class='ocr_line' id='line_1_57' title="bbox 2021 2647 3599 2719; baseline -0.003 -11"><span class='ocrx_word' id='word_1_474' title='bbox 2021 2653 2126 2718; x_wconf 87' lang='lat' dir='ltr'><strong>bis,</strong></span> <span class='ocrx_word' id='word_1_475' title='bbox 2165 2672 2182 2704; x_wconf 85' lang='grc' dir='ltr'><strong>ι</strong></span> <span class='ocrx_word' id='word_1_476' title='bbox 2224 2650 2473 2719; x_wconf 87' lang='lat' dir='ltr'><strong>dirupisti</strong></span> <span class='ocrx_word' id='word_1_477' title='bbox 2509 2649 2722 2703; x_wconf 85' lang='lat' dir='ltr'><strong>vincula</strong></span> <span class='ocrx_word' id='word_1_478' title='bbox 2751 2661 2890 2712; x_wconf 84' lang='lat' dir='ltr'><strong>mea,</strong></span> <span class='ocrx_word' id='word_1_479' title='bbox 2924 2665 2941 2697; x_wconf 79' lang='grc' dir='ltr'><strong>ι</strong></span> <span class='ocrx_word' id='word_1_480' title='bbox 2977 2656 3032 2701; x_wconf 86' lang='lat' dir='ltr'><strong>et</strong></span> <span class='ocrx_word' id='word_1_481' title='bbox 3059 2647 3160 2701; x_wconf 85' lang='lat' dir='ltr'><strong>his.</strong></span> <span class='ocrx_word' id='word_1_482' title='bbox 3206 2666 3225 2698; x_wconf 76' lang='grc' dir='ltr'><strong>ι</strong></span> <span class='ocrx_word' id='word_1_483' title='bbox 3266 2647 3362 2703; x_wconf 82' lang='lat' dir='ltr'><strong>tibi</strong></span> <span class='ocrx_word' id='word_1_484' title='bbox 3390 2650 3599 2704; x_wconf 77' lang='lat' dir='ltr'><strong>sacriﬁ—</strong></span> 
     </span>
    </p>
   </div>
   <div class='ocr_carea' id='block_1_58' title="bbox 2025 2738 3602 2808">
    <p class='ocr_par' dir='ltr' id='par_1_58' title="bbox 2025 2738 3602 2808">
     <span class='ocr_line' id='line_1_58' title="bbox 2025 2738 3602 2808; baseline -0.003 -8"><span class='ocrx_word' id='word_1_485' title='bbox 2025 2745 2161 2800; x_wconf 91' lang='lat' dir='ltr'><strong>cabo</strong></span> <span class='ocrx_word' id='word_1_486' title='bbox 2197 2743 2429 2798; x_wconf 87' lang='lat' dir='ltr'><strong>hostiam</strong></span> <span class='ocrx_word' id='word_1_487' title='bbox 2457 2741 2670 2804; x_wconf 74' lang='lat' dir='ltr'><strong>laudis;</strong></span> <span class='ocrx_word' id='word_1_488' title='bbox 2710 2758 2728 2791; x_wconf 78' lang='grc' dir='ltr'><strong>ι</strong></span> <span class='ocrx_word' id='word_1_489' title='bbox 2777 2738 2910 2793; x_wconf 90' lang='lat' dir='ltr'><strong>illud</strong></span> <span class='ocrx_word' id='word_1_490' title='bbox 2944 2752 3094 2803; x_wconf 77' lang='lat' dir='ltr'><strong>vero,</strong></span> <span class='ocrx_word' id='word_1_491' title='bbox 3133 2754 3153 2789; x_wconf 72' lang='grc' dir='ltr'><strong>ι</strong></span> <span class='ocrx_word' id='word_1_492' title='bbox 3192 2739 3444 2808; x_wconf 89' lang='lat' dir='ltr'><strong>dirupisti</strong></span> <span class='ocrx_word' id='word_1_493' title='bbox 3481 2739 3602 2795; x_wconf 64' lang='lat' dir='ltr'><strong>vino</strong></span> 
     </span>
    </p>
   </div>
   <div class='ocr_carea' id='block_1_59' title="bbox 2024 2830 3599 2901">
    <p class='ocr_par' dir='ltr' id='par_1_59' title="bbox 2024 2830 3599 2901">
     <span class='ocr_line' id='line_1_59' title="bbox 2024 2830 3599 2901; baseline -0.003 -11"><span class='ocrx_word' id='word_1_494' title='bbox 2024 2837 2144 2890; x_wconf 87' lang='lat' dir='ltr'><strong>cula</strong></span> <span class='ocrx_word' id='word_1_495' title='bbox 2179 2849 2321 2897; x_wconf 88' lang='lat' dir='ltr'><strong>mea,</strong></span> <span class='ocrx_word' id='word_1_496' title='bbox 2356 2853 2374 2885; x_wconf 74' lang='grc' dir='ltr'><strong>ο</strong></span> <span class='ocrx_word' id='word_1_497' title='bbox 2423 2833 2676 2901; x_wconf 67' lang='lat' dir='ltr'><strong>pretiosae</strong></span> <span class='ocrx_word' id='word_1_498' title='bbox 2712 2830 2764 2883; x_wconf 93' lang='lat' dir='ltr'><strong>in</strong></span> <span class='ocrx_word' id='word_1_499' title='bbox 2818 2839 3110 2898; x_wconf 88' lang='lat' dir='ltr'><strong>conspectu</strong></span> <span class='ocrx_word' id='word_1_500' title='bbox 3173 2831 3385 2885; x_wconf 87' lang='lat' dir='ltr'><strong>Domini</strong></span> <span class='ocrx_word' id='word_1_501' title='bbox 3434 2832 3599 2886; x_wconf 83' lang='lat' dir='ltr'><strong>morti</strong></span> 
     </span>
    </p>
   </div>
   <div class='ocr_carea' id='block_1_60' title="bbox 2024 2921 3594 2993">
    <p class='ocr_par' dir='ltr' id='par_1_60' title="bbox 2024 2921 3594 2993">
     <span class='ocr_line' id='line_1_60' title="bbox 2024 2921 3594 2993; baseline -0.002 -12"><span class='ocrx_word' id='word_1_502' title='bbox 2024 2926 2363 2981; x_wconf 89' lang='lat' dir='ltr'><strong>subnectitur</strong></span> <span class='ocrx_word' id='word_1_503' title='bbox 2391 2939 2402 2971; x_wconf 92' lang='lat'><em>:</em></span> <span class='ocrx_word' id='word_1_504' title='bbox 2431 2923 2576 2992; x_wconf 86' lang='lat' dir='ltr'><strong>quod</strong></span> <span class='ocrx_word' id='word_1_505' title='bbox 2607 2921 2808 2975; x_wconf 88' lang='lat' dir='ltr'><strong>dicitur</strong></span> <span class='ocrx_word' id='word_1_506' title='bbox 2838 2921 2907 2975; x_wconf 88' lang='lat' dir='ltr'><strong>ab</strong></span> <span class='ocrx_word' id='word_1_507' title='bbox 2935 2935 3002 2975; x_wconf 90' lang='lat' dir='ltr'><strong>eo</strong></span> <span class='ocrx_word' id='word_1_508' title='bbox 3026 2921 3116 2990; x_wconf 85' lang='lat' dir='ltr'><strong>qui</strong></span> <span class='ocrx_word' id='word_1_509' title='bbox 3155 2924 3400 2993; x_wconf 82' lang='lat' dir='ltr'><strong>martyrii</strong></span> <span class='ocrx_word' id='word_1_510' title='bbox 3429 2925 3594 2979; x_wconf 89' lang='lat' dir='ltr'><strong>Deum</strong></span> 
     </span>
    </p>
   </div>
   <div class='ocr_carea' id='block_1_61' title="bbox 2025 3011 3596 3087">
    <p class='ocr_par' dir='ltr' id='par_1_61' title="bbox 2025 3011 3596 3087">
     <span class='ocr_line' id='line_1_61' title="bbox 2025 3011 3596 3087; baseline 0 -19"><span class='ocrx_word' id='word_1_511' title='bbox 2025 3017 2310 3087; x_wconf 70' lang='lat' dir='ltr'><strong>gloriﬁcat,</strong></span> <span class='ocrx_word' id='word_1_512' title='bbox 2335 3015 2462 3084; x_wconf 88' lang='lat' dir='ltr'><strong>quia</strong></span> <span class='ocrx_word' id='word_1_513' title='bbox 2494 3028 2591 3082; x_wconf 87' lang='lat' dir='ltr'><strong>per</strong></span> <span class='ocrx_word' id='word_1_514' title='bbox 2619 3011 2939 3080; x_wconf 87' lang='lat' dir='ltr'><strong>martyrium</strong></span> <span class='ocrx_word' id='word_1_515' title='bbox 2973 3011 3217 3080; x_wconf 59' lang='lat' dir='ltr'><strong>pristinae</strong></span> <span class='ocrx_word' id='word_1_516' title='bbox 3247 3022 3596 3082; x_wconf 83' lang='lat' dir='ltr'><strong>peccatorum</strong></span> 
     </span>
    </p>
   </div>
   <div class='ocr_carea' id='block_1_62' title="bbox 2027 3101 3602 3176">
    <p class='ocr_par' dir='ltr' id='par_1_62' title="bbox 2027 3101 3602 3176">
     <span class='ocr_line' id='line_1_62' title="bbox 2027 3101 3602 3176; baseline 0.001 -16"><span class='ocrx_word' id='word_1_517' title='bbox 2027 3108 2144 3176; x_wconf 87' lang='lat' dir='ltr'><strong>ejus</strong></span> <span class='ocrx_word' id='word_1_518' title='bbox 2159 3115 2416 3160; x_wconf 67' lang='lat' dir='ltr'><strong>catenaea</strong></span> <span class='ocrx_word' id='word_1_519' title='bbox 2449 3105 2556 3158; x_wconf 89' lang='lat' dir='ltr'><strong>Deo</strong></span> <span class='ocrx_word' id='word_1_520' title='bbox 2588 3101 2844 3171; x_wconf 63' lang='lat' dir='ltr'><strong>disrupta:</strong></span> <span class='ocrx_word' id='word_1_521' title='bbox 2859 3114 3006 3167; x_wconf 89' lang='lat' dir='ltr'><strong>sunt,</strong></span> <span class='ocrx_word' id='word_1_522' title='bbox 3035 3102 3108 3156; x_wconf 90' lang='lat' dir='ltr'><strong>ita</strong></span> <span class='ocrx_word' id='word_1_523' title='bbox 3141 3112 3199 3156; x_wconf 89' lang='lat' dir='ltr'><strong>ut</strong></span> <span class='ocrx_word' id='word_1_524' title='bbox 3232 3119 3338 3158; x_wconf 91' lang='lat' dir='ltr'><strong>non</strong></span> <span class='ocrx_word' id='word_1_525' title='bbox 3367 3105 3602 3175; x_wconf 72' lang='lat' dir='ltr'><strong>amplius</strong></span> 
     </span>
    </p>
   </div>
   <div class='ocr_carea' id='block_1_63' title="bbox 359 3178 1923 3291">
    <p class='ocr_par' dir='ltr' id='par_1_63' title="bbox 359 3178 1923 3291">
     <span class='ocr_line' id='line_1_63' title="bbox 359 3178 1923 3291; baseline -0.004 -21"><span class='ocrx_word' id='word_1_526' title='bbox 359 3178 750 3288; x_wconf 37' lang='lat' dir='ltr'><strong>Lﬁ;éTL-ai’):ﬁbv‘</strong></span> <span class='ocrx_word' id='word_1_527' title='bbox 776 3216 918 3291; x_wconf 75' lang='grc' dir='ltr'>ἔχειν</span> <span class='ocrx_word' id='word_1_528' title='bbox 950 3215 1179 3284; x_wconf 77' lang='grc' dir='ltr'>δεσμοὺς</span> <span class='ocrx_word' id='word_1_529' title='bbox 1209 3178 1513 3283; x_wconf 47' lang='grc' dir='ltr'>’ἀμαρτίαᾳ</span> <span class='ocrx_word' id='word_1_530' title='bbox 1552 3213 1622 3265; x_wconf 88' lang='grc' dir='ltr'><strong><em>Ἦ</em></strong></span> <span class='ocrx_word' id='word_1_531' title='bbox 1656 3215 1703 3264; x_wconf 87' lang='grc' dir='ltr'><strong>εί</strong></span> <span class='ocrx_word' id='word_1_532' title='bbox 1739 3178 1923 3282; x_wconf 56' lang='grc' dir='ltr'>δεσμοί</span> 
     </span>
    </p>
   </div>
   <div class='ocr_carea' id='block_1_64' title="bbox 2027 3178 3602 3291">
    <p class='ocr_par' dir='ltr' id='par_1_64' title="bbox 2029 3192 3602 3262">
     <span class='ocr_line' id='line_1_64' title="bbox 2029 3192 3602 3262; baseline 0 -12"><span class='ocrx_word' id='word_1_533' title='bbox 2029 3197 2223 3250; x_wconf 89' lang='lat' dir='ltr'><strong>habeat</strong></span> <span class='ocrx_word' id='word_1_534' title='bbox 2269 3193 2483 3248; x_wconf 85' lang='lat' dir='ltr'><strong>vincula</strong></span> <span class='ocrx_word' id='word_1_535' title='bbox 2511 3193 2742 3262; x_wconf 90' lang='lat' dir='ltr'><strong>peccati.</strong></span> <span class='ocrx_word' id='word_1_536' title='bbox 2786 3192 2879 3247; x_wconf 85' lang='lat' dir='ltr'><strong>Vel</strong></span> <span class='ocrx_word' id='word_1_537' title='bbox 2912 3193 2956 3247; x_wconf 93' lang='lat' dir='ltr'><strong>si</strong></span> <span class='ocrx_word' id='word_1_538' title='bbox 2999 3193 3194 3248; x_wconf 70' lang='lat' dir='ltr'><strong>animae</strong></span> <span class='ocrx_word' id='word_1_539' title='bbox 3223 3192 3436 3248; x_wconf 83' lang='lat' dir='ltr'><strong>vincula</strong></span> <span class='ocrx_word' id='word_1_540' title='bbox 3474 3207 3602 3250; x_wconf 86' lang='lat' dir='ltr'><strong>sunt</strong></span> 
     </span>
    </p>
   </div>
   <div class='ocr_carea' id='block_1_65' title="bbox 355 3303 1928 3382">
    <p class='ocr_par' dir='ltr' id='par_1_65' title="bbox 355 3303 1928 3382">
     <span class='ocr_line' id='line_1_65' title="bbox 355 3303 1928 3382; baseline -0.005 -19"><span class='ocrx_word' id='word_1_541' title='bbox 355 3312 453 3381; x_wconf 76' lang='grc' dir='ltr'>τῆς</span> <span class='ocrx_word' id='word_1_542' title='bbox 473 3311 649 3382; x_wconf 79' lang='grc' dir='ltr'>ψυχῆς</span> <span class='ocrx_word' id='word_1_543' title='bbox 679 3313 726 3362; x_wconf 76' lang='lat' dir='ltr'><strong>oi</strong></span> <span class='ocrx_word' id='word_1_544' title='bbox 771 3307 1070 3379; x_wconf 81' lang='grc' dir='ltr'>σωματικοὶ</span> <span class='ocrx_word' id='word_1_545' title='bbox 1105 3305 1212 3360; x_wconf 89' lang='grc' dir='ltr'><strong>τῶν</strong></span> <span class='ocrx_word' id='word_1_546' title='bbox 1241 3305 1514 3375; x_wconf 84' lang='grc' dir='ltr'>διαφόρων</span> <span class='ocrx_word' id='word_1_547' title='bbox 1573 3303 1750 3377; x_wconf 87' lang='grc' dir='ltr'>μελῶν</span> <span class='ocrx_word' id='word_1_548' title='bbox 1791 3305 1928 3356; x_wconf 75' lang='grc' dir='ltr'>εἰσιν</span> 
     </span>
    </p>
   </div>
   <div class='ocr_carea' id='block_1_66' title="bbox 357 3394 1930 3470">
    <p class='ocr_par' dir='ltr' id='par_1_66' title="bbox 357 3394 1930 3470">
     <span class='ocr_line' id='line_1_66' title="bbox 357 3394 1930 3470; baseline -0.006 -16"><span class='ocrx_word' id='word_1_549' title='bbox 357 3403 531 3470; x_wconf 65' lang='grc' dir='ltr'>ΰγκοι,</span> <span class='ocrx_word' id='word_1_550' title='bbox 565 3399 743 3463; x_wconf 86' lang='grc' dir='ltr'>καλῶς</span> <span class='ocrx_word' id='word_1_551' title='bbox 769 3398 834 3453; x_wconf 87' lang='grc' dir='ltr'><strong>ἂν</strong></span> <span class='ocrx_word' id='word_1_552' title='bbox 857 3398 951 3454; x_wconf 69' lang='grc' dir='ltr'><strong>καὶ</strong></span> <span class='ocrx_word' id='word_1_553' title='bbox 973 3396 1143 3459; x_wconf 77' lang='grc' dir='ltr'>οὕτως</span> <span class='ocrx_word' id='word_1_554' title='bbox 1171 3395 1380 3464; x_wconf 81' lang='grc' dir='ltr'>λέγοιτο</span> <span class='ocrx_word' id='word_1_555' title='bbox 1406 3396 1463 3446; x_wconf 83' lang='grc' dir='ltr'>ὲν</span> <span class='ocrx_word' id='word_1_556' title='bbox 1493 3394 1774 3468; x_wconf 83' lang='grc' dir='ltr'>μαρτυρίῳ</span> <span class='ocrx_word' id='word_1_557' title='bbox 1799 3395 1930 3452; x_wconf 83' lang='grc' dir='ltr'>ἀπο-</span> 
     </span>
    </p>
   </div>
   <div class='ocr_carea' id='block_1_67' title="bbox 357 3481 1930 3562">
    <p class='ocr_par' dir='ltr' id='par_1_67' title="bbox 357 3481 1930 3562">
     <span class='ocr_line' id='line_1_67' title="bbox 357 3481 1930 3562; baseline -0.006 -16"><span class='ocrx_word' id='word_1_558' title='bbox 357 3494 536 3555; x_wconf 71' lang='grc' dir='ltr'>λυθεὶς</span> <span class='ocrx_word' id='word_1_559' title='bbox 566 3492 672 3544; x_wconf 85' lang='grc' dir='ltr'><strong>τῶν</strong></span> <span class='ocrx_word' id='word_1_560' title='bbox 706 3489 919 3561; x_wconf 84' lang='grc' dir='ltr'>δεσμῶν</span> <span class='ocrx_word' id='word_1_561' title='bbox 947 3489 1003 3541; x_wconf 81' lang='grc' dir='ltr'>ὲν</span> <span class='ocrx_word' id='word_1_562' title='bbox 1058 3489 1250 3562; x_wconf 70' lang='grc' dir='ltr'>εἰρήνῃ</span> <span class='ocrx_word' id='word_1_563' title='bbox 1276 3481 1412 3539; x_wconf 83' lang='grc' dir='ltr'>εἶναι</span> <span class='ocrx_word' id='word_1_564' title='bbox 1437 3525 1451 3548; x_wconf 93' lang='grc'><strong>,</strong></span> <span class='ocrx_word' id='word_1_565' title='bbox 1505 3485 1716 3548; x_wconf 76' lang='grc' dir='ltr'>οὐδενὸς</span> <span class='ocrx_word' id='word_1_566' title='bbox 1762 3485 1795 3557; x_wconf 85' lang='grc' dir='ltr'>ἢ</span> <span class='ocrx_word' id='word_1_567' title='bbox 1837 3484 1930 3539; x_wconf 87' lang='grc' dir='ltr'><strong>τοῦ</strong></span> 
     </span>
    </p>
   </div>
   <div class='ocr_carea' id='block_1_68' title="bbox 362 3575 1934 3653">
    <p class='ocr_par' dir='ltr' id='par_1_68' title="bbox 362 3575 1934 3653">
     <span class='ocr_line' id='line_1_68' title="bbox 362 3575 1934 3653; baseline -0.005 -16"><span class='ocrx_word' id='word_1_568' title='bbox 362 3583 497 3637; x_wconf 82' lang='grc' dir='ltr'>Θεοῦ</span> <span class='ocrx_word' id='word_1_569' title='bbox 528 3580 918 3653; x_wconf 74' lang='grc' dir='ltr'>διαρρήξαντος</span> <span class='ocrx_word' id='word_1_570' title='bbox 980 3577 1196 3640; x_wconf 74' lang='grc' dir='ltr'>αὐτούς.</span> <span class='ocrx_word' id='word_1_571' title='bbox 1240 3576 1315 3629; x_wconf 81' lang='grc' dir='ltr'><strong>Οὐ</strong></span> <span class='ocrx_word' id='word_1_572' title='bbox 1349 3576 1455 3647; x_wconf 86' lang='grc' dir='ltr'>γὰρ</span> <span class='ocrx_word' id='word_1_573' title='bbox 1488 3577 1580 3628; x_wconf 80' lang='grc' dir='ltr'><strong>καὶ</strong></span> <span class='ocrx_word' id='word_1_574' title='bbox 1623 3575 1730 3628; x_wconf 85' lang='grc' dir='ltr'><strong>τῶν</strong></span> <span class='ocrx_word' id='word_1_575' title='bbox 1758 3576 1824 3628; x_wconf 80' lang='grc' dir='ltr'>δι’</span> <span class='ocrx_word' id='word_1_576' title='bbox 1868 3577 1934 3647; x_wconf 79' lang='grc' dir='ltr'><strong>ἣν</strong></span> 
     </span>
    </p>
   </div>
   <div class='ocr_carea' id='block_1_69' title="bbox 361 3666 1936 3746">
    <p class='ocr_par' dir='ltr' id='par_1_69' title="bbox 361 3666 1936 3746">
     <span class='ocr_line' id='line_1_69' title="bbox 361 3666 1936 3746; baseline -0.006 -18"><span class='ocrx_word' id='word_1_577' title='bbox 361 3677 561 3746; x_wconf 82' lang='grc' dir='ltr'>δήποτε</span> <span class='ocrx_word' id='word_1_578' title='bbox 589 3672 766 3726; x_wconf 81' lang='grc' dir='ltr'>αἰτίαν</span> <span class='ocrx_word' id='word_1_579' title='bbox 791 3669 1280 3739; x_wconf 84' lang='grc' dir='ltr'>ἀπαλλαττομένων</span> <span class='ocrx_word' id='word_1_580' title='bbox 1318 3667 1410 3720; x_wconf 90' lang='grc' dir='ltr'><strong>τοῦ</strong></span> <span class='ocrx_word' id='word_1_581' title='bbox 1455 3666 1704 3738; x_wconf 86' lang='grc' dir='ltr'>σώματος</span> <span class='ocrx_word' id='word_1_582' title='bbox 1751 3667 1936 3736; x_wconf 83' lang='grc' dir='ltr'>βιαίως</span> 
     </span>
    </p>
   </div>
   <div class='ocr_carea' id='block_1_70' title="bbox 363 3754 1936 3838">
    <p class='ocr_par' dir='ltr' id='par_1_70' title="bbox 363 3754 1936 3838">
     <span class='ocr_line' id='line_1_70' title="bbox 363 3754 1936 3838; baseline -0.008 -17"><span class='ocrx_word' id='word_1_583' title='bbox 363 3771 391 3821; x_wconf 91' lang='lat'><strong>6</strong></span> <span class='ocrx_word' id='word_1_584' title='bbox 412 3766 543 3828; x_wconf 83' lang='grc' dir='ltr'>Θεὸς</span> <span class='ocrx_word' id='word_1_585' title='bbox 567 3764 924 3838; x_wconf 75' lang='grc' dir='ltr'>διαρῥήγνυσι</span> <span class='ocrx_word' id='word_1_586' title='bbox 948 3761 1072 3823; x_wconf 78' lang='grc' dir='ltr'>τοὺς</span> <span class='ocrx_word' id='word_1_587' title='bbox 1099 3758 1352 3830; x_wconf 83' lang='grc' dir='ltr'>δεσμούς.</span> <span class='ocrx_word' id='word_1_588' title='bbox 1384 3757 1523 3811; x_wconf 80' lang='grc' dir='ltr'>Ποτὲ</span> <span class='ocrx_word' id='word_1_589' title='bbox 1550 3759 1646 3828; x_wconf 77' lang='grc' dir='ltr'>μὲν</span> <span class='ocrx_word' id='word_1_590' title='bbox 1669 3754 1759 3811; x_wconf 86' lang='grc' dir='ltr'><strong>οῦν</strong></span> <span class='ocrx_word' id='word_1_591' title='bbox 1800 3759 1936 3810; x_wconf 77' lang='grc' dir='ltr'>ἀπο-</span> 
     </span>
    </p>
   </div>
   <div class='ocr_carea' id='block_1_71' title="bbox 365 3847 1935 3921">
    <p class='ocr_par' dir='ltr' id='par_1_71' title="bbox 365 3847 1935 3921">
     <span class='ocr_line' id='line_1_71' title="bbox 365 3847 1935 3921; baseline -0.008 -10"><span class='ocrx_word' id='word_1_592' title='bbox 365 3857 564 3912; x_wconf 86' lang='grc' dir='ltr'>κτείνει</span> <span class='ocrx_word' id='word_1_593' title='bbox 590 3857 618 3908; x_wconf 77' lang='grc' dir='ltr'>ὁ</span> <span class='ocrx_word' id='word_1_594' title='bbox 646 3854 798 3917; x_wconf 87' lang='grc' dir='ltr'>Θεὸς,</span> <span class='ocrx_word' id='word_1_595' title='bbox 821 3853 882 3904; x_wconf 78' lang='grc' dir='ltr'><strong>οὐ</strong></span> <span class='ocrx_word' id='word_1_596' title='bbox 915 3851 1246 3921; x_wconf 72' lang='grc' dir='ltr'>διαρῤηγνὺς</span> <span class='ocrx_word' id='word_1_597' title='bbox 1277 3847 1440 3900; x_wconf 82' lang='grc' dir='ltr'>αὐτοῦ</span> <span class='ocrx_word' id='word_1_598' title='bbox 1497 3849 1622 3911; x_wconf 68' lang='grc' dir='ltr'>τοὺς</span> <span class='ocrx_word' id='word_1_599' title='bbox 1666 3847 1894 3917; x_wconf 72' lang='grc' dir='ltr'>δεσμούς</span> <span class='ocrx_word' id='word_1_600' title='bbox 1921 3863 1935 3876; x_wconf 76' lang='grc' dir='ltr'><strong>ο</strong></span> 
     </span>
    </p>
   </div>
   <div class='ocr_carea' id='block_1_72' title="bbox 364 3938 1940 4017">
    <p class='ocr_par' dir='ltr' id='par_1_72' title="bbox 364 3938 1940 4017">
     <span class='ocr_line' id='line_1_72' title="bbox 364 3938 1940 4017; baseline -0.009 -15"><span class='ocrx_word' id='word_1_601' title='bbox 364 3949 456 4002; x_wconf 82' lang='grc' dir='ltr'><strong>τὸν</strong></span> <span class='ocrx_word' id='word_1_602' title='bbox 498 3949 554 4001; x_wconf 81' lang='grc' dir='ltr'>δὲ</span> <span class='ocrx_word' id='word_1_603' title='bbox 613 3945 862 4017; x_wconf 86' lang='grc' dir='ltr'>μάρτυρα</span> <span class='ocrx_word' id='word_1_604' title='bbox 915 3943 1014 3994; x_wconf 83' lang='grc' dir='ltr'><strong>οὐκ</strong></span> <span class='ocrx_word' id='word_1_605' title='bbox 1060 3941 1417 3998; x_wconf 87' lang='grc' dir='ltr'>ἀποκτείνει,</span> <span class='ocrx_word' id='word_1_606' title='bbox 1478 3939 1635 4008; x_wconf 87' lang='grc' dir='ltr'>μόνον</span> <span class='ocrx_word' id='word_1_607' title='bbox 1700 3938 1756 3990; x_wconf 81' lang='grc' dir='ltr'>δὲ</span> <span class='ocrx_word' id='word_1_608' title='bbox 1814 3938 1940 4000; x_wconf 69' lang='grc' dir='ltr'>τοὺς</span> 
     </span>
    </p>
   </div>
   <div class='ocr_carea' id='block_1_73' title="bbox 364 4029 1941 4110">
    <p class='ocr_par' dir='ltr' id='par_1_73' title="bbox 364 4029 1941 4110">
     <span class='ocr_line' id='line_1_73' title="bbox 364 4029 1941 4110; baseline -0.008 -17"><span class='ocrx_word' id='word_1_609' title='bbox 364 4040 594 4110; x_wconf 78' lang='grc' dir='ltr'>δεσμοὺς</span> <span class='ocrx_word' id='word_1_610' title='bbox 614 4035 776 4090; x_wconf 82' lang='grc' dir='ltr'>αὑτοῦ</span> <span class='ocrx_word' id='word_1_611' title='bbox 803 4034 1176 4105; x_wconf 81' lang='grc' dir='ltr'>διαρῤήγνυσι.</span> <span class='ocrx_word' id='word_1_612' title='bbox 1208 4031 1319 4084; x_wconf 68' lang='grc' dir='ltr'><strong>Καὶ</strong></span> <span class='ocrx_word' id='word_1_613' title='bbox 1353 4030 1461 4108; x_wconf 77' lang='grc' dir='ltr'>γὰρ</span> <span class='ocrx_word' id='word_1_614' title='bbox 1505 4029 1592 4082; x_wconf 79' lang='grc' dir='ltr'><strong>διὰ</strong></span> <span class='ocrx_word' id='word_1_615' title='bbox 1620 4030 1679 4081; x_wconf 84' lang='grc' dir='ltr'><strong>τὸ</strong></span> <span class='ocrx_word' id='word_1_616' title='bbox 1738 4031 1941 4100; x_wconf 76' lang='grc' dir='ltr'>μαρτύ-</span> 
     </span>
    </p>
   </div>
   <div class='ocr_carea' id='block_1_74' title="bbox 372 4117 1942 4202">
    <p class='ocr_par' dir='ltr' id='par_1_74' title="bbox 372 4117 1942 4202">
     <span class='ocr_line' id='line_1_74' title="bbox 372 4117 1942 4202; baseline -0.01 -19"><span class='ocrx_word' id='word_1_617' title='bbox 372 4148 485 4202; x_wconf 89' lang='grc' dir='ltr'>ριον</span> <span class='ocrx_word' id='word_1_618' title='bbox 511 4132 538 4184; x_wconf 91' lang='grc' dir='ltr'>ὁ</span> <span class='ocrx_word' id='word_1_619' title='bbox 567 4130 792 4190; x_wconf 72' lang='grc' dir='ltr'>ἕκαστος</span> <span class='ocrx_word' id='word_1_620' title='bbox 824 4123 1113 4201; x_wconf 87' lang='grc' dir='ltr'>μαρτυρῶν</span> <span class='ocrx_word' id='word_1_621' title='bbox 1155 4121 1341 4175; x_wconf 77' lang='grc' dir='ltr'>ἑαυτὸν</span> <span class='ocrx_word' id='word_1_622' title='bbox 1371 4119 1668 4192; x_wconf 77' lang='grc' dir='ltr'>προσφέρει</span> <span class='ocrx_word' id='word_1_623' title='bbox 1713 4117 1942 4188; x_wconf 80' lang='grc' dir='ltr'>ἄμωμον</span> 
     </span>
    </p>
   </div>
   <div class='ocr_carea' id='block_1_75' title="bbox 371 4197 1940 4294">
    <p class='ocr_par' dir='ltr' id='par_1_75' title="bbox 371 4197 1940 4294">
     <span class='ocr_line' id='line_1_75' title="bbox 371 4197 1940 4294; baseline -0.012 -19"><span class='ocrx_word' id='word_1_624' title='bbox 371 4197 561 4275; x_wconf 85' lang='grc' dir='ltr'>Θυσίαν</span> <span class='ocrx_word' id='word_1_625' title='bbox 603 4217 680 4294; x_wconf 77' lang='grc' dir='ltr'>τῷ</span> <span class='ocrx_word' id='word_1_626' title='bbox 709 4217 847 4292; x_wconf 81' lang='grc' dir='ltr'>Θεῷ,</span> <span class='ocrx_word' id='word_1_627' title='bbox 879 4197 1110 4284; x_wconf 84' lang='grc' dir='ltr'>Χριστὸν</span> <span class='ocrx_word' id='word_1_628' title='bbox 1148 4211 1476 4286; x_wconf 82' lang='grc' dir='ltr'>μιμούμενος</span> <span class='ocrx_word' id='word_1_629' title='bbox 1499 4227 1511 4239; x_wconf 77' lang='grc'><strong><em>⁸</em></strong></span> <span class='ocrx_word' id='word_1_630' title='bbox 1569 4208 1715 4275; x_wconf 82' lang='grc' dir='ltr'>λέγει</span> <span class='ocrx_word' id='word_1_631' title='bbox 1765 4224 1826 4259; x_wconf 85' lang='grc' dir='ltr'><strong>τε</strong></span> <span class='ocrx_word' id='word_1_632' title='bbox 1858 4207 1940 4266; x_wconf 82' lang='grc' dir='ltr'><strong>τὸ,</strong></span> 
     </span>
    </p>
   </div>
   <div class='ocr_carea' id='block_1_76' title="bbox 377 4299 1944 4372">
    <p class='ocr_par' dir='ltr' id='par_1_76' title="bbox 377 4299 1944 4372">
     <span class='ocr_line' id='line_1_76' title="bbox 377 4299 1944 4372; baseline -0.008 -8"><span class='ocrx_word' id='word_1_633' title='bbox 377 4335 392 4364; x_wconf 79' lang='grc' dir='ltr'><strong>ι</strong></span> <span class='ocrx_word' id='word_1_634' title='bbox 428 4315 517 4366; x_wconf 57' lang='grc' dir='ltr'><strong>Σο)¹</strong></span> <span class='ocrx_word' id='word_1_635' title='bbox 550 4312 697 4364; x_wconf 59' lang='lat' dir='ltr'><strong>eum</strong></span> <span class='ocrx_word' id='word_1_636' title='bbox 729 4309 920 4362; x_wconf 80' lang='grc' dir='ltr'>Θυσίαν</span> <span class='ocrx_word' id='word_1_637' title='bbox 947 4306 1222 4368; x_wconf 78' lang='grc' dir='ltr'>αἰνέσεως.</span> <span class='ocrx_word' id='word_1_638' title='bbox 1259 4325 1275 4355; x_wconf 77' lang='grc' dir='ltr'><strong>ι</strong></span> <span class='ocrx_word' id='word_1_639' title='bbox 1332 4305 1420 4355; x_wconf 84' lang='grc' dir='ltr'>Ἐν</span> <span class='ocrx_word' id='word_1_640' title='bbox 1456 4301 1811 4372; x_wconf 85' lang='grc' dir='ltr'>Ἰερουσαλὴμ</span> <span class='ocrx_word' id='word_1_641' title='bbox 1837 4299 1944 4370; x_wconf 82' lang='grc' dir='ltr'><strong>γὰρ</strong></span> 
     </span>
    </p>
   </div>
   <div class='ocr_carea' id='block_1_77' title="bbox 373 4392 1945 4476">
    <p class='ocr_par' dir='ltr' id='par_1_77' title="bbox 373 4392 1945 4476">
     <span class='ocr_line' id='line_1_77' title="bbox 373 4392 1945 4476; baseline -0.011 -17"><span class='ocrx_word' id='word_1_642' title='bbox 373 4404 698 4476; x_wconf 75' lang='grc' dir='ltr'>ἐπουρανίῳ,</span> <span class='ocrx_word' id='word_1_643' title='bbox 721 4404 786 4472; x_wconf 77' lang='grc' dir='ltr'>τῇ</span> <span class='ocrx_word' id='word_1_644' title='bbox 808 4401 919 4454; x_wconf 83' lang='grc' dir='ltr'>ἄνω</span> <span class='ocrx_word' id='word_1_645' title='bbox 956 4398 1123 4468; x_wconf 76' lang='grc' dir='ltr'>μητρὶ</span> <span class='ocrx_word' id='word_1_646' title='bbox 1153 4396 1329 4467; x_wconf 75' lang='grc' dir='ltr'>ἡμῶν,</span> <span class='ocrx_word' id='word_1_647' title='bbox 1365 4393 1632 4447; x_wconf 84' lang='grc' dir='ltr'>ἀποδώσει</span> <span class='ocrx_word' id='word_1_648' title='bbox 1680 4395 1708 4445; x_wconf 88' lang='lat'><strong>6</strong></span> <span class='ocrx_word' id='word_1_649' title='bbox 1739 4392 1945 4453; x_wconf 86' lang='grc' dir='ltr'>δίκαιος</span> 
     </span>
    </p>
   </div>
   <div class='ocr_carea' id='block_1_78' title="bbox 371 4481 1945 4566">
    <p class='ocr_par' dir='ltr' id='par_1_78' title="bbox 371 4481 1945 4566">
     <span class='ocr_line' id='line_1_78' title="bbox 371 4481 1945 4566; baseline -0.011 -14"><span class='ocrx_word' id='word_1_650' title='bbox 371 4498 470 4560; x_wconf 74' lang='grc' dir='ltr'><strong>τὰς</strong></span> <span class='ocrx_word' id='word_1_651' title='bbox 504 4497 665 4566; x_wconf 78' lang='grc' dir='ltr'>εὐχὰς</span> <span class='ocrx_word' id='word_1_652' title='bbox 685 4493 762 4564; x_wconf 83' lang='grc' dir='ltr'><strong>τῷ</strong></span> <span class='ocrx_word' id='word_1_653' title='bbox 794 4493 983 4562; x_wconf 83' lang='grc' dir='ltr'>Κυρίῳ</span> <span class='ocrx_word' id='word_1_654' title='bbox 1010 4493 1100 4543; x_wconf 69' lang='grc' dir='ltr'>ἐπὶ</span> <span class='ocrx_word' id='word_1_655' title='bbox 1139 4487 1337 4550; x_wconf 89' lang='grc' dir='ltr'>παντὸς</span> <span class='ocrx_word' id='word_1_656' title='bbox 1365 4487 1640 4558; x_wconf 83' lang='grc' dir='ltr'>μάρτυρος</span> <span class='ocrx_word' id='word_1_657' title='bbox 1668 4483 1761 4536; x_wconf 87' lang='grc' dir='ltr'><strong>τοῦ</strong></span> <span class='ocrx_word' id='word_1_658' title='bbox 1818 4481 1945 4535; x_wconf 89' lang='grc' dir='ltr'>λαοῦ</span> 
     </span>
    </p>
   </div>
   <div class='ocr_carea' id='block_1_79' title="bbox 373 4574 1942 4656">
    <p class='ocr_par' dir='ltr' id='par_1_79' title="bbox 373 4574 1942 4656">
     <span class='ocr_line' id='line_1_79' title="bbox 373 4574 1942 4656; baseline -0.012 -13"><span class='ocrx_word' id='word_1_659' title='bbox 373 4589 467 4644; x_wconf 87' lang='grc' dir='ltr'><strong>τοῦ</strong></span> <span class='ocrx_word' id='word_1_660' title='bbox 498 4588 630 4641; x_wconf 88' lang='grc' dir='ltr'>Θεοῦ</span> <span class='ocrx_word' id='word_1_661' title='bbox 672 4587 766 4640; x_wconf 67' lang='grc' dir='ltr'><strong>καὶ</strong></span> <span class='ocrx_word' id='word_1_662' title='bbox 799 4586 897 4655; x_wconf 76' lang='grc' dir='ltr'>τῆς</span> <span class='ocrx_word' id='word_1_663' title='bbox 949 4581 1316 4656; x_wconf 76' lang='grc' dir='ltr'>Ἰερουσαλὴμ,</span> <span class='ocrx_word' id='word_1_664' title='bbox 1364 4579 1421 4631; x_wconf 83' lang='grc' dir='ltr'>ὲν</span> <span class='ocrx_word' id='word_1_665' title='bbox 1461 4578 1610 4645; x_wconf 84' lang='grc' dir='ltr'>τόπῳ</span> <span class='ocrx_word' id='word_1_666' title='bbox 1661 4574 1899 4644; x_wconf 74' lang='grc' dir='ltr'>ἐκλεκτῷ</span> <span class='ocrx_word' id='word_1_667' title='bbox 1924 4587 1942 4606; x_wconf 79' lang='grc' dir='ltr'><strong>ο</strong></span> 
     </span>
    </p>
   </div>
   <div class='ocr_carea' id='block_1_80' title="bbox 375 4667 1946 4746">
    <p class='ocr_par' dir='ltr' id='par_1_80' title="bbox 375 4667 1946 4746">
     <span class='ocr_line' id='line_1_80' title="bbox 375 4667 1946 4746; baseline -0.014 -8"><span class='ocrx_word' id='word_1_668' title='bbox 375 4680 529 4746; x_wconf 74' lang='grc' dir='ltr'>οὗτος</span> <span class='ocrx_word' id='word_1_669' title='bbox 557 4683 612 4734; x_wconf 86' lang='grc' dir='ltr'><strong>δέ</strong></span> <span class='ocrx_word' id='word_1_670' title='bbox 639 4684 784 4734; x_wconf 79' lang='grc' dir='ltr'>ἐστιν</span> <span class='ocrx_word' id='word_1_671' title='bbox 819 4699 836 4730; x_wconf 77' lang='grc' dir='ltr'><strong>ι</strong></span> <span class='ocrx_word' id='word_1_672' title='bbox 877 4679 934 4731; x_wconf 79' lang='grc' dir='ltr'>ὲν</span> <span class='ocrx_word' id='word_1_673' title='bbox 957 4676 1145 4737; x_wconf 77' lang='grc' dir='ltr'>αὐλαῖς</span> <span class='ocrx_word' id='word_1_674' title='bbox 1164 4671 1311 4726; x_wconf 76' lang='grc' dir='ltr'>οἴκου</span> <span class='ocrx_word' id='word_1_675' title='bbox 1347 4670 1548 4741; x_wconf 87' lang='grc' dir='ltr'>Κυρίου</span> <span class='ocrx_word' id='word_1_676' title='bbox 1585 4671 1642 4721; x_wconf 80' lang='grc' dir='ltr'><strong>έν</strong></span> <span class='ocrx_word' id='word_1_677' title='bbox 1675 4667 1822 4737; x_wconf 87' lang='grc' dir='ltr'>μέσῳ</span> <span class='ocrx_word' id='word_1_678' title='bbox 1847 4667 1946 4736; x_wconf 77' lang='grc' dir='ltr'><strong>τῆς</strong></span> 
     </span>
    </p>
   </div>
   <div class='ocr_carea' id='block_1_81' title="bbox 383 4774 808 4848">
    <p class='ocr_par' dir='ltr' id='par_1_81' title="bbox 383 4774 808 4848">
     <span class='ocr_line' id='line_1_81' title="bbox 383 4774 808 4848; baseline -0.021 -16"><span class='ocrx_word' id='word_1_679' title='bbox 383 4774 688 4848; x_wconf 84' lang='grc' dir='ltr'>Ἱερουσαλή</span> <span class='ocrx_word' id='word_1_680' title='bbox 698 4791 752 4843; x_wconf 91' lang='grc' dir='ltr'><strong>μ.</strong></span> <span class='ocrx_word' id='word_1_681' title='bbox 792 4791 808 4823; x_wconf 82' lang='grc' dir='ltr'><strong>ι</strong></span> 
     </span>
    </p>
   </div>
   <div class='ocr_carea' id='block_1_82' title="bbox 453 4849 1946 4930">
    <p class='ocr_par' dir='ltr' id='par_1_82' title="bbox 453 4849 1946 4930">
     <span class='ocr_line' id='line_1_82' title="bbox 453 4849 1946 4930; baseline -0.017 -6"><span class='ocrx_word' id='word_1_682' title='bbox 453 4867 564 4924; x_wconf 85' lang='grc' dir='ltr'>Τοῦ</span> <span class='ocrx_word' id='word_1_683' title='bbox 603 4863 804 4922; x_wconf 72' lang='grc' dir='ltr'>αὐτοῦ.</span> <span class='ocrx_word' id='word_1_684' title='bbox 851 4881 868 4912; x_wconf 81' lang='grc' dir='ltr'><strong>ι</strong></span> <span class='ocrx_word' id='word_1_685' title='bbox 901 4858 1198 4930; x_wconf 74' lang='grc' dir='ltr'>Διέρρηξας</span> <span class='ocrx_word' id='word_1_686' title='bbox 1225 4857 1346 4917; x_wconf 80' lang='grc' dir='ltr'>τοὺς</span> <span class='ocrx_word' id='word_1_687' title='bbox 1369 4851 1598 4923; x_wconf 84' lang='grc' dir='ltr'>δεσμούς</span> <span class='ocrx_word' id='word_1_688' title='bbox 1628 4867 1747 4921; x_wconf 90' lang='grc' dir='ltr'>μου.</span> <span class='ocrx_word' id='word_1_689' title='bbox 1787 4867 1803 4898; x_wconf 81' lang='grc' dir='ltr'><strong>ι</strong></span> <span class='ocrx_word' id='word_1_690' title='bbox 1835 4849 1946 4901; x_wconf 71' lang='grc' dir='ltr'>Οὐκ</span> 
     </span>
    </p>
   </div>
   <div class='ocr_carea' id='block_1_83' title="bbox 380 4943 1950 5022">
    <p class='ocr_par' dir='ltr' id='par_1_83' title="bbox 380 4943 1950 5022">
     <span class='ocr_line' id='line_1_83' title="bbox 380 4943 1950 5022; baseline -0.016 -7"><span class='ocrx_word' id='word_1_691' title='bbox 380 4958 548 5021; x_wconf 78' lang='grc' dir='ltr'>εἶπεν,</span> <span class='ocrx_word' id='word_1_692' title='bbox 578 4958 806 5019; x_wconf 73' lang='grc' dir='ltr'>ἔλυσας,</span> <span class='ocrx_word' id='word_1_693' title='bbox 854 4952 985 5005; x_wconf 76' lang='grc' dir='ltr'>ἀλλὰ</span> <span class='ocrx_word' id='word_1_694' title='bbox 1035 4969 1052 5001; x_wconf 76' lang='grc' dir='ltr'><strong>ι</strong></span> <span class='ocrx_word' id='word_1_695' title='bbox 1093 4948 1402 5022; x_wconf 76' lang='grc' dir='ltr'>διέρρηξας.</span> <span class='ocrx_word' id='word_1_696' title='bbox 1453 4965 1469 4996; x_wconf 81' lang='grc' dir='ltr'><strong>ι</strong></span> <span class='ocrx_word' id='word_1_697' title='bbox 1523 4945 1597 5006; x_wconf 82' lang='grc' dir='ltr'><strong>ὡς</strong></span> <span class='ocrx_word' id='word_1_698' title='bbox 1645 4943 1950 5012; x_wconf 79' lang='grc' dir='ltr'>ἀχρήστους</span> 
     </span>
    </p>
   </div>
   <div class='ocr_carea' id='block_1_84' title="bbox 379 5034 1951 5127">
    <p class='ocr_par' dir='ltr' id='par_1_84' title="bbox 379 5034 1951 5127">
     <span class='ocr_line' id='line_1_84' title="bbox 379 5034 1951 5127; baseline -0.015 -21"><span class='ocrx_word' id='word_1_699' title='bbox 379 5051 649 5127; x_wconf 81' lang='grc' dir='ltr'>γενέσθαι.</span> <span class='ocrx_word' id='word_1_700' title='bbox 687 5045 926 5115; x_wconf 75' lang='grc' dir='ltr'>Δεσμοῦς</span> <span class='ocrx_word' id='word_1_701' title='bbox 953 5041 1183 5095; x_wconf 72' lang='grc' dir='ltr'>ἐνταῦθα</span> <span class='ocrx_word' id='word_1_702' title='bbox 1207 5039 1304 5101; x_wconf 73' lang='grc' dir='ltr'><strong>τὰς</strong></span> <span class='ocrx_word' id='word_1_703' title='bbox 1333 5037 1539 5106; x_wconf 63' lang='grc' dir='ltr'>Θλίψεις</span> <span class='ocrx_word' id='word_1_704' title='bbox 1598 5035 1764 5101; x_wconf 80' lang='grc' dir='ltr'>λέγει.</span> <span class='ocrx_word' id='word_1_705' title='bbox 1795 5034 1951 5084; x_wconf 82' lang='grc' dir='ltr'>Ἐστι</span> 
     </span>
    </p>
   </div>
   <div class='ocr_carea' id='block_1_85' title="bbox 382 5121 1955 5219">
    <p class='ocr_par' dir='ltr' id='par_1_85' title="bbox 382 5121 1955 5219">
     <span class='ocr_line' id='line_1_85' title="bbox 382 5121 1955 5219; baseline -0.017 -21"><span class='ocrx_word' id='word_1_706' title='bbox 382 5121 490 5219; x_wconf 75' lang='grc' dir='ltr'>γὰρ</span> <span class='ocrx_word' id='word_1_707' title='bbox 525 5142 618 5196; x_wconf 67' lang='grc' dir='ltr'>καὶ</span> <span class='ocrx_word' id='word_1_708' title='bbox 669 5137 864 5206; x_wconf 77' lang='grc' dir='ltr'>δεσμὸς</span> <span class='ocrx_word' id='word_1_709' title='bbox 915 5133 1096 5194; x_wconf 75' lang='grc' dir='ltr'>καλὸς,</span> <span class='ocrx_word' id='word_1_710' title='bbox 1156 5130 1230 5193; x_wconf 81' lang='grc' dir='ltr'>ὡς</span> <span class='ocrx_word' id='word_1_711' title='bbox 1278 5131 1404 5182; x_wconf 82' lang='grc' dir='ltr'>ὅταν</span> <span class='ocrx_word' id='word_1_712' title='bbox 1452 5127 1617 5199; x_wconf 75' lang='grc' dir='ltr'>λέγῃ·</span> <span class='ocrx_word' id='word_1_713' title='bbox 1682 5147 1697 5175; x_wconf 81' lang='grc' dir='ltr'><strong>ι</strong></span> <span class='ocrx_word' id='word_1_714' title='bbox 1747 5125 1832 5177; x_wconf 86' lang='grc' dir='ltr'>Ἐν</span> <span class='ocrx_word' id='word_1_715' title='bbox 1877 5121 1955 5191; x_wconf 79' lang='grc' dir='ltr'>τῷ</span> 
     </span>
    </p>
   </div>
   <div class='ocr_carea' id='block_1_86' title="bbox 385 5215 1956 5303">
    <p class='ocr_par' dir='ltr' id='par_1_86' title="bbox 385 5215 1956 5303">
     <span class='ocr_line' id='line_1_86' title="bbox 385 5215 1956 5303; baseline -0.016 -12"><span class='ocrx_word' id='word_1_716' title='bbox 385 5215 665 5303; x_wconf 78' lang='grc' dir='ltr'>συνδέσμῳ</span> <span class='ocrx_word' id='word_1_717' title='bbox 693 5232 789 5300; x_wconf 77' lang='grc' dir='ltr'><strong>τῆς</strong></span> <span class='ocrx_word' id='word_1_718' title='bbox 814 5227 1049 5295; x_wconf 77' lang='grc' dir='ltr'>ἀγάπης.</span> <span class='ocrx_word' id='word_1_719' title='bbox 1096 5243 1112 5272; x_wconf 82' lang='grc' dir='ltr'><strong>ι</strong></span> <span class='ocrx_word' id='word_1_720' title='bbox 1148 5221 1348 5291; x_wconf 64' lang='grc' dir='ltr'>Δεσμοὶ</span> <span class='ocrx_word' id='word_1_721' title='bbox 1371 5221 1426 5272; x_wconf 82' lang='grc' dir='ltr'>δὲ</span> <span class='ocrx_word' id='word_1_722' title='bbox 1453 5219 1547 5272; x_wconf 67' lang='grc' dir='ltr'><strong>καὶ</strong></span> <span class='ocrx_word' id='word_1_723' title='bbox 1577 5218 1632 5270; x_wconf 90' lang='grc' dir='ltr'>αἱ</span> <span class='ocrx_word' id='word_1_724' title='bbox 1667 5215 1956 5286; x_wconf 83' lang='grc' dir='ltr'>προσγινὸ-</span> 
     </span>
    </p>
   </div>
   <div class='ocr_carea' id='block_1_87' title="bbox 389 5303 1956 5398">
    <p class='ocr_par' dir='ltr' id='par_1_87' title="bbox 389 5303 1956 5398">
     <span class='ocr_line' id='line_1_87' title="bbox 389 5303 1956 5398; baseline -0.017 -15"><span class='ocrx_word' id='word_1_725' title='bbox 389 5345 542 5398; x_wconf 84' lang='grc' dir='ltr'>μεναι</span> <span class='ocrx_word' id='word_1_726' title='bbox 574 5324 751 5389; x_wconf 76' lang='grc' dir='ltr'>σειραὶ</span> <span class='ocrx_word' id='word_1_727' title='bbox 778 5319 886 5372; x_wconf 87' lang='grc' dir='ltr'><strong>τῶν</strong></span> <span class='ocrx_word' id='word_1_728' title='bbox 921 5313 1332 5386; x_wconf 80' lang='grc' dir='ltr'>ἁμαρτημάτων</span> <span class='ocrx_word' id='word_1_729' title='bbox 1352 5328 1366 5342; x_wconf 78' lang='grc' dir='ltr'><strong>ο</strong></span> <span class='ocrx_word' id='word_1_730' title='bbox 1402 5311 1596 5371; x_wconf 81' lang='grc' dir='ltr'>οἵτινες</span> <span class='ocrx_word' id='word_1_731' title='bbox 1625 5309 1682 5360; x_wconf 80' lang='grc' dir='ltr'><strong>οὐ</strong></span> <span class='ocrx_word' id='word_1_732' title='bbox 1733 5307 1819 5358; x_wconf 72' lang='grc' dir='ltr'><strong>διὰ</strong></span> <span class='ocrx_word' id='word_1_733' title='bbox 1863 5303 1956 5357; x_wconf 86' lang='grc' dir='ltr'><strong>τοῦ</strong></span> 
     </span>
    </p>
   </div>
   <div class='ocr_carea' id='block_1_88' title="bbox 387 5398 1960 5487">
    <p class='ocr_par' dir='ltr' id='par_1_88' title="bbox 387 5398 1960 5487">
     <span class='ocr_line' id='line_1_88' title="bbox 387 5398 1960 5487; baseline -0.015 -14"><span class='ocrx_word' id='word_1_734' title='bbox 387 5420 531 5472; x_wconf 83' lang='grc' dir='ltr'>Θείου</span> <span class='ocrx_word' id='word_1_735' title='bbox 568 5416 725 5487; x_wconf 86' lang='grc' dir='ltr'>μόνον</span> <span class='ocrx_word' id='word_1_736' title='bbox 776 5411 1148 5482; x_wconf 81' lang='grc' dir='ltr'>βαπτίσματος</span> <span class='ocrx_word' id='word_1_737' title='bbox 1207 5405 1643 5476; x_wconf 72' lang='grc' dir='ltr'>διαρρήσσονται,</span> <span class='ocrx_word' id='word_1_738' title='bbox 1697 5399 1831 5453; x_wconf 78' lang='grc' dir='ltr'>ἀλλὰ</span> <span class='ocrx_word' id='word_1_739' title='bbox 1865 5398 1960 5450; x_wconf 75' lang='grc' dir='ltr'><strong>καὶ</strong></span> 
     </span>
    </p>
   </div>
   <div class='ocr_carea' id='block_1_89' title="bbox 384 5489 1954 5578">
    <p class='ocr_par' dir='ltr' id='par_1_89' title="bbox 384 5489 1954 5578">
     <span class='ocr_line' id='line_1_89' title="bbox 384 5489 1954 5578; baseline -0.013 -13"><span class='ocrx_word' id='word_1_740' title='bbox 384 5511 473 5566; x_wconf 82' lang='grc' dir='ltr'><strong>διὰ</strong></span> <span class='ocrx_word' id='word_1_741' title='bbox 497 5510 591 5562; x_wconf 90' lang='grc' dir='ltr'><strong>τοῦ</strong></span> <span class='ocrx_word' id='word_1_742' title='bbox 613 5507 752 5578; x_wconf 82' lang='grc' dir='ltr'>ὑπὲρ</span> <span class='ocrx_word' id='word_1_743' title='bbox 781 5501 1013 5578; x_wconf 82' lang='grc' dir='ltr'>Χριστοῦ</span> <span class='ocrx_word' id='word_1_744' title='bbox 1051 5495 1371 5570; x_wconf 84' lang='grc' dir='ltr'>μαρτυρίου,</span> <span class='ocrx_word' id='word_1_745' title='bbox 1419 5494 1514 5547; x_wconf 78' lang='grc' dir='ltr'><strong>καὶ</strong></span> <span class='ocrx_word' id='word_1_746' title='bbox 1568 5491 1655 5546; x_wconf 81' lang='grc' dir='ltr'>διὰ</span> <span class='ocrx_word' id='word_1_747' title='bbox 1706 5489 1954 5562; x_wconf 80' lang='grc' dir='ltr'>δακρύων</span> 
     </span>
    </p>
   </div>
   <div class='ocr_carea' id='block_1_90' title="bbox 388 5595 920 5671">
    <p class='ocr_par' dir='ltr' id='par_1_90' title="bbox 388 5595 920 5671">
     <span class='ocr_line' id='line_1_90' title="bbox 388 5595 920 5671; baseline -0.017 -16"><span class='ocrx_word' id='word_1_748' title='bbox 388 5601 492 5656; x_wconf 73' lang='grc' dir='ltr'><strong>τῶν</strong></span> <span class='ocrx_word' id='word_1_749' title='bbox 521 5603 584 5659; x_wconf 78' lang='grc' dir='ltr'><strong>ἐκ</strong></span> <span class='ocrx_word' id='word_1_750' title='bbox 616 5595 920 5671; x_wconf 87' lang='grc' dir='ltr'>μετανοίας.</span> 
     </span>
    </p>
   </div>
   <div class='ocr_carea' id='block_1_91' title="bbox 464 5790 794 5854">
    <p class='ocr_par' dir='ltr' id='par_1_91' title="bbox 464 5790 794 5854">
     <span class='ocr_line' id='line_1_91' title="bbox 464 5790 794 5854; baseline -0.021 0"><span class='ocrx_word' id='word_1_751' title='bbox 464 5799 606 5853; x_wconf 78' lang='lat' dir='ltr'><strong>&#39;Ose.</strong></span> <span class='ocrx_word' id='word_1_752' title='bbox 635 5810 709 5854; x_wconf 75' lang='grc' dir='ltr'>ιιι.</span> <span class='ocrx_word' id='word_1_753' title='bbox 741 5790 794 5847; x_wconf 73' lang='grc'><strong>4.</strong></span> 
     </span>
    </p>
   </div>
   <div class='ocr_carea' id='block_1_92' title="bbox 672 5885 1292 5954">
    <p class='ocr_par' dir='ltr' id='par_1_92' title="bbox 672 5885 1292 5954">
     <span class='ocr_line' id='line_1_92' title="bbox 672 5885 1292 5954; baseline -0.011 -1"><span class='ocrx_word' id='word_1_754' title='bbox 672 5894 936 5954; x_wconf 54' lang='grc' dir='ltr'>Ριιτιιοιι.</span> <span class='ocrx_word' id='word_1_755' title='bbox 983 5889 1100 5950; x_wconf 79' lang='lat' dir='ltr'><strong>Gn.</strong></span> <span class='ocrx_word' id='word_1_756' title='bbox 1152 5885 1292 5947; x_wconf 76' lang='grc' dir='ltr'><strong>ΧΗ.</strong></span> 
     </span>
    </p>
   </div>
   <div class='ocr_carea' id='block_1_93' title="bbox 2030 3284 3601 3355">
    <p class='ocr_par' dir='ltr' id='par_1_93' title="bbox 2030 3284 3601 3355">
     <span class='ocr_line' id='line_1_93' title="bbox 2030 3284 3601 3355; baseline 0 -15"><span class='ocrx_word' id='word_1_757' title='bbox 2030 3285 2338 3355; x_wconf 83' lang='lat' dir='ltr'><strong>corporalia</strong></span> <span class='ocrx_word' id='word_1_758' title='bbox 2364 3285 2702 3340; x_wconf 87' lang='lat' dir='ltr'><strong>diversorum</strong></span> <span class='ocrx_word' id='word_1_759' title='bbox 2751 3284 3116 3338; x_wconf 87' lang='lat' dir='ltr'><strong>membrorum</strong></span> <span class='ocrx_word' id='word_1_760' title='bbox 3145 3298 3338 3353; x_wconf 88' lang='lat' dir='ltr'><strong>onera,</strong></span> <span class='ocrx_word' id='word_1_761' title='bbox 3370 3285 3601 3354; x_wconf 86' lang='lat' dir='ltr'><strong>pulchre</strong></span> 
     </span>
    </p>
   </div>
   <div class='ocr_carea' id='block_1_94' title="bbox 2030 3375 3604 3444">
    <p class='ocr_par' dir='ltr' id='par_1_94' title="bbox 2030 3375 3604 3444">
     <span class='ocr_line' id='line_1_94' title="bbox 2030 3375 3604 3444; baseline -0.003 -12"><span class='ocrx_word' id='word_1_762' title='bbox 2030 3378 2191 3432; x_wconf 83' lang='lat' dir='ltr'><strong>etiam</strong></span> <span class='ocrx_word' id='word_1_763' title='bbox 2225 3379 2328 3431; x_wconf 90' lang='lat' dir='ltr'><strong>hoc</strong></span> <span class='ocrx_word' id='word_1_764' title='bbox 2373 3377 2534 3431; x_wconf 89' lang='lat' dir='ltr'><strong>modo</strong></span> <span class='ocrx_word' id='word_1_765' title='bbox 2559 3375 2664 3431; x_wconf 91' lang='lat' dir='ltr'><strong>dici</strong></span> <span class='ocrx_word' id='word_1_766' title='bbox 2701 3375 2872 3443; x_wconf 80' lang='lat' dir='ltr'><strong>possit</strong></span> <span class='ocrx_word' id='word_1_767' title='bbox 2897 3375 2950 3427; x_wconf 92' lang='lat' dir='ltr'><strong>in</strong></span> <span class='ocrx_word' id='word_1_768' title='bbox 2997 3375 3261 3444; x_wconf 82' lang='lat' dir='ltr'><strong>martyrio</strong></span> <span class='ocrx_word' id='word_1_769' title='bbox 3288 3391 3318 3430; x_wconf 87' lang='lat' dir='ltr'><strong>a</strong></span> <span class='ocrx_word' id='word_1_770' title='bbox 3371 3377 3604 3434; x_wconf 76' lang='lat' dir='ltr'><strong>vinculis</strong></span> 
     </span>
    </p>
   </div>
   <div class='ocr_carea' id='block_1_95' title="bbox 2033 3465 3606 3536">
    <p class='ocr_par' dir='ltr' id='par_1_95' title="bbox 2033 3465 3606 3536">
     <span class='ocr_line' id='line_1_95' title="bbox 2033 3465 3606 3536; baseline 0.002 -13"><span class='ocrx_word' id='word_1_771' title='bbox 2033 3468 2308 3524; x_wconf 88' lang='lat' dir='ltr'><strong>absolutus</strong></span> <span class='ocrx_word' id='word_1_772' title='bbox 2342 3469 2393 3522; x_wconf 90' lang='lat' dir='ltr'><strong>in</strong></span> <span class='ocrx_word' id='word_1_773' title='bbox 2442 3482 2576 3536; x_wconf 91' lang='lat' dir='ltr'><strong>pace</strong></span> <span class='ocrx_word' id='word_1_774' title='bbox 2607 3465 2894 3531; x_wconf 77' lang='lat' dir='ltr'><strong>exsistere,</strong></span> <span class='ocrx_word' id='word_1_775' title='bbox 2935 3480 3055 3521; x_wconf 90' lang='lat' dir='ltr'><strong>cum</strong></span> <span class='ocrx_word' id='word_1_776' title='bbox 3091 3467 3272 3522; x_wconf 89' lang='lat' dir='ltr'><strong>nullus</strong></span> <span class='ocrx_word' id='word_1_777' title='bbox 3314 3468 3417 3524; x_wconf 85' lang='lat' dir='ltr'><strong>nisi</strong></span> <span class='ocrx_word' id='word_1_778' title='bbox 3464 3469 3606 3526; x_wconf 82' lang='lat' dir='ltr'><strong>Deus</strong></span> 
     </span>
    </p>
   </div>
   <div class='ocr_carea' id='block_1_96' title="bbox 2032 3557 3609 3630">
    <p class='ocr_par' dir='ltr' id='par_1_96' title="bbox 2032 3557 3609 3630">
     <span class='ocr_line' id='line_1_96' title="bbox 2032 3557 3609 3630; baseline 0.001 -14"><span class='ocrx_word' id='word_1_779' title='bbox 2032 3576 2096 3617; x_wconf 91' lang='lat' dir='ltr'><strong>ea</strong></span> <span class='ocrx_word' id='word_1_780' title='bbox 2128 3559 2442 3630; x_wconf 83' lang='lat' dir='ltr'><strong>disruperit.</strong></span> <span class='ocrx_word' id='word_1_781' title='bbox 2473 3557 2589 3613; x_wconf 80' lang='lat' dir='ltr'><strong>Non</strong></span> <span class='ocrx_word' id='word_1_782' title='bbox 2616 3557 2760 3613; x_wconf 88' lang='lat' dir='ltr'><strong>enim</strong></span> <span class='ocrx_word' id='word_1_783' title='bbox 2785 3572 2970 3611; x_wconf 87' lang='lat' dir='ltr'><strong>eorum</strong></span> <span class='ocrx_word' id='word_1_784' title='bbox 3002 3558 3092 3626; x_wconf 89' lang='lat' dir='ltr'><strong>qui</strong></span> <span class='ocrx_word' id='word_1_785' title='bbox 3128 3574 3508 3630; x_wconf 82' lang='lat' dir='ltr'><strong>quamcunque</strong></span> <span class='ocrx_word' id='word_1_786' title='bbox 3537 3562 3609 3617; x_wconf 91' lang='lat' dir='ltr'><strong>ob</strong></span> 
     </span>
    </p>
   </div>
   <div class='ocr_carea' id='block_1_97' title="bbox 2036 3649 3609 3719">
    <p class='ocr_par' dir='ltr' id='par_1_97' title="bbox 2036 3649 3609 3719">
     <span class='ocr_line' id='line_1_97' title="bbox 2036 3649 3609 3719; baseline -0.001 -10"><span class='ocrx_word' id='word_1_787' title='bbox 2036 3669 2258 3709; x_wconf 90' lang='lat' dir='ltr'><strong>causam</strong></span> <span class='ocrx_word' id='word_1_788' title='bbox 2276 3651 2546 3706; x_wconf 81' lang='lat' dir='ltr'><strong>violenter</strong></span> <span class='ocrx_word' id='word_1_789' title='bbox 2566 3664 2596 3703; x_wconf 87' lang='lat' dir='ltr'><strong>a</strong></span> <span class='ocrx_word' id='word_1_790' title='bbox 2623 3663 2851 3719; x_wconf 88' lang='lat' dir='ltr'><strong>corpore</strong></span> <span class='ocrx_word' id='word_1_791' title='bbox 2883 3649 3200 3714; x_wconf 84' lang='lat' dir='ltr'><strong>liberantur,</strong></span> <span class='ocrx_word' id='word_1_792' title='bbox 3228 3651 3369 3707; x_wconf 88' lang='lat' dir='ltr'><strong>Deus</strong></span> <span class='ocrx_word' id='word_1_793' title='bbox 3395 3653 3609 3708; x_wconf 81' lang='lat' dir='ltr'><strong>vincula</strong></span> 
     </span>
    </p>
   </div>
   <div class='ocr_carea' id='block_1_98' title="bbox 2039 3725 3616 3813">
    <p class='ocr_par' dir='ltr' id='par_1_98' title="bbox 2039 3725 3616 3813">
     <span class='ocr_line' id='line_1_98' title="bbox 2039 3725 3616 3813; baseline 0 -12"><span class='ocrx_word' id='word_1_794' title='bbox 2039 3743 2348 3813; x_wconf 86' lang='lat' dir='ltr'><strong>disrumpit.</strong></span> <span class='ocrx_word' id='word_1_795' title='bbox 2373 3741 2682 3812; x_wconf 79' lang='lat' dir='ltr'><strong>Aliquando</strong></span> <span class='ocrx_word' id='word_1_796' title='bbox 2701 3740 2954 3794; x_wconf 87' lang='lat' dir='ltr'><strong>nimirum</strong></span> <span class='ocrx_word' id='word_1_797' title='bbox 2972 3740 3206 3810; x_wconf 88' lang='lat' dir='ltr'><strong>aliquem</strong></span> <span class='ocrx_word' id='word_1_798' title='bbox 3240 3744 3442 3799; x_wconf 89' lang='lat' dir='ltr'><strong>occidit</strong></span> <span class='ocrx_word' id='word_1_799' title='bbox 3473 3725 3616 3801; x_wconf 70' lang='lat' dir='ltr'><strong>Deus</strong></span> 
     </span>
    </p>
   </div>
   <div class='ocr_carea' id='block_1_99' title="bbox 2040 3835 3613 3908">
    <p class='ocr_par' dir='ltr' id='par_1_99' title="bbox 2040 3835 3613 3908">
     <span class='ocr_line' id='line_1_99' title="bbox 2040 3835 3613 3908; baseline 0 -18"><span class='ocrx_word' id='word_1_800' title='bbox 2040 3852 2139 3893; x_wconf 89' lang='lat' dir='ltr'><strong>nec</strong></span> <span class='ocrx_word' id='word_1_801' title='bbox 2192 3846 2480 3905; x_wconf 86' lang='lat' dir='ltr'><strong>propterea</strong></span> <span class='ocrx_word' id='word_1_802' title='bbox 2513 3835 2802 3903; x_wconf 82' lang='lat' dir='ltr'><strong>disrumpit</strong></span> <span class='ocrx_word' id='word_1_803' title='bbox 2837 3837 2954 3905; x_wconf 83' lang='lat' dir='ltr'><strong>ejus</strong></span> <span class='ocrx_word' id='word_1_804' title='bbox 3008 3835 3259 3901; x_wconf 80' lang='lat' dir='ltr'><strong>vincula;</strong></span> <span class='ocrx_word' id='word_1_805' title='bbox 3320 3845 3613 3908; x_wconf 85' lang='lat' dir='ltr'><strong>martyrem</strong></span> 
     </span>
    </p>
   </div>
   <div class='ocr_carea' id='block_1_100' title="bbox 2041 3922 3614 3999">
    <p class='ocr_par' dir='ltr' id='par_1_100' title="bbox 2041 3922 3614 3999">
     <span class='ocr_line' id='line_1_100' title="bbox 2041 3922 3614 3999; baseline -0.002 -18"><span class='ocrx_word' id='word_1_806' title='bbox 2041 3943 2171 3983; x_wconf 73' lang='lat' dir='ltr'><strong>vero</strong></span> <span class='ocrx_word' id='word_1_807' title='bbox 2199 3942 2304 3982; x_wconf 89' lang='lat' dir='ltr'><strong>non</strong></span> <span class='ocrx_word' id='word_1_808' title='bbox 2326 3925 2651 3986; x_wconf 84' lang='lat' dir='ltr'><strong>occidit,sed</strong></span> <span class='ocrx_word' id='word_1_809' title='bbox 2675 3924 3046 3977; x_wconf 87' lang='lat' dir='ltr'><strong>tantummodo</strong></span> <span class='ocrx_word' id='word_1_810' title='bbox 3074 3922 3190 3992; x_wconf 89' lang='lat' dir='ltr'><strong>ejus</strong></span> <span class='ocrx_word' id='word_1_811' title='bbox 3218 3924 3427 3978; x_wconf 78' lang='lat' dir='ltr'><strong>vincula</strong></span> <span class='ocrx_word' id='word_1_812' title='bbox 3452 3926 3614 3999; x_wconf 72' lang='lat'><strong>792</strong></span> 
     </span>
    </p>
   </div>
   <div class='ocr_carea' id='block_1_101' title="bbox 2043 4016 3620 4086">
    <p class='ocr_par' dir='ltr' id='par_1_101' title="bbox 2043 4016 3620 4086">
     <span class='ocr_line' id='line_1_101' title="bbox 2043 4016 3620 4086; baseline -0.004 -14"><span class='ocrx_word' id='word_1_813' title='bbox 2043 4016 2582 4086; x_wconf 87' lang='lat' dir='ltr'><strong>disrumpit.Etenim</strong></span> <span class='ocrx_word' id='word_1_814' title='bbox 2607 4031 2703 4084; x_wconf 84' lang='lat' dir='ltr'><strong>per</strong></span> <span class='ocrx_word' id='word_1_815' title='bbox 2731 4016 3050 4085; x_wconf 80' lang='lat' dir='ltr'><strong>martyrium</strong></span> <span class='ocrx_word' id='word_1_816' title='bbox 3075 4016 3448 4086; x_wconf 86' lang='lat' dir='ltr'><strong>unusquisque</strong></span> <span class='ocrx_word' id='word_1_817' title='bbox 3478 4033 3620 4072; x_wconf 71' lang='lat' dir='ltr'><strong>mar.</strong></span> 
     </span>
    </p>
   </div>
   <div class='ocr_carea' id='block_1_102' title="bbox 2045 4104 3615 4178">
    <p class='ocr_par' dir='ltr' id='par_1_102' title="bbox 2045 4104 3615 4178">
     <span class='ocr_line' id='line_1_102' title="bbox 2045 4104 3615 4178; baseline 0.001 -18"><span class='ocrx_word' id='word_1_818' title='bbox 2045 4118 2223 4178; x_wconf 89' lang='lat' dir='ltr'><strong>tyrum</strong></span> <span class='ocrx_word' id='word_1_819' title='bbox 2272 4105 2626 4175; x_wconf 87' lang='lat' dir='ltr'><strong>semetipsum</strong></span> <span class='ocrx_word' id='word_1_820' title='bbox 2680 4104 2834 4161; x_wconf 81' lang='lat' dir='ltr'><strong>oli&#39;ert</strong></span> <span class='ocrx_word' id='word_1_821' title='bbox 2909 4106 3141 4160; x_wconf 90' lang='lat' dir='ltr'><strong>hostiam</strong></span> <span class='ocrx_word' id='word_1_822' title='bbox 3209 4105 3615 4162; x_wconf 63' lang='lat' dir='ltr'><strong>immacula&#39;tam</strong></span> 
     </span>
    </p>
   </div>
   <div class='ocr_carea' id='block_1_103' title="bbox 2046 4195 3620 4266">
    <p class='ocr_par' dir='ltr' id='par_1_103' title="bbox 2046 4195 3620 4266">
     <span class='ocr_line' id='line_1_103' title="bbox 2046 4195 3620 4266; baseline 0.003 -17"><span class='ocrx_word' id='word_1_823' title='bbox 2046 4197 2175 4261; x_wconf 82' lang='lat' dir='ltr'><strong>Deo,</strong></span> <span class='ocrx_word' id='word_1_824' title='bbox 2224 4196 2503 4250; x_wconf 76' lang='lat' dir='ltr'><strong>Christum</strong></span> <span class='ocrx_word' id='word_1_825' title='bbox 2558 4195 2839 4261; x_wconf 87' lang='lat' dir='ltr'><strong>imitando,</strong></span> <span class='ocrx_word' id='word_1_826' title='bbox 2873 4196 3112 4266; x_wconf 89' lang='lat' dir='ltr'><strong>dicitque</strong></span> <span class='ocrx_word' id='word_1_827' title='bbox 3145 4214 3158 4250; x_wconf 91' lang='lat'><strong>:</strong></span> <span class='ocrx_word' id='word_1_828' title='bbox 3203 4217 3220 4249; x_wconf 78' lang='grc' dir='ltr'><strong>ι</strong></span> <span class='ocrx_word' id='word_1_829' title='bbox 3260 4198 3379 4253; x_wconf 91' lang='lat' dir='ltr'><strong>Tibi</strong></span> <span class='ocrx_word' id='word_1_830' title='bbox 3407 4200 3620 4254; x_wconf 80' lang='lat' dir='ltr'><strong>sacrifi-</strong></span> 
     </span>
    </p>
   </div>
   <div class='ocr_carea' id='block_1_104' title="bbox 2047 4287 3616 4355">
    <p class='ocr_par' dir='ltr' id='par_1_104' title="bbox 2047 4287 3616 4355">
     <span class='ocr_line' id='line_1_104' title="bbox 2047 4287 3616 4355; baseline 0.001 -14"><span class='ocrx_word' id='word_1_831' title='bbox 2047 4287 2180 4343; x_wconf 86' lang='lat' dir='ltr'><strong>cabo</strong></span> <span class='ocrx_word' id='word_1_832' title='bbox 2218 4288 2449 4342; x_wconf 90' lang='lat' dir='ltr'><strong>hostiam</strong></span> <span class='ocrx_word' id='word_1_833' title='bbox 2500 4287 2696 4342; x_wconf 89' lang='lat' dir='ltr'><strong>laudis.</strong></span> <span class='ocrx_word' id='word_1_834' title='bbox 2732 4305 2750 4338; x_wconf 78' lang='grc' dir='ltr'><strong>ι</strong></span> <span class='ocrx_word' id='word_1_835' title='bbox 2785 4287 2838 4340; x_wconf 86' lang='lat' dir='ltr'><strong>in</strong></span> <span class='ocrx_word' id='word_1_836' title='bbox 2873 4287 3174 4342; x_wconf 81' lang='lat' dir='ltr'><strong>Jerusalem</strong></span> <span class='ocrx_word' id='word_1_837' title='bbox 3203 4289 3346 4342; x_wconf 91' lang='lat' dir='ltr'><strong>enim</strong></span> <span class='ocrx_word' id='word_1_838' title='bbox 3388 4290 3616 4355; x_wconf 75' lang='lat' dir='ltr'><strong>cmlesti,</strong></span> 
     </span>
    </p>
   </div>
   <div class='ocr_carea' id='block_1_105' title="bbox 2050 4377 3621 4459">
    <p class='ocr_par' dir='ltr' id='par_1_105' title="bbox 2050 4377 3621 4459">
     <span class='ocr_line' id='line_1_105' title="bbox 2050 4377 3621 4459; baseline 0.001 -28"><span class='ocrx_word' id='word_1_839' title='bbox 2050 4392 2286 4459; x_wconf 76' lang='lat' dir='ltr'><strong>superna</strong></span> <span class='ocrx_word' id='word_1_840' title='bbox 2333 4387 2506 4432; x_wconf 89' lang='lat' dir='ltr'><strong>matre</strong></span> <span class='ocrx_word' id='word_1_841' title='bbox 2535 4389 2744 4440; x_wconf 83' lang='lat' dir='ltr'><strong>nostra,</strong></span> <span class='ocrx_word' id='word_1_842' title='bbox 2777 4377 2966 4431; x_wconf 90' lang='lat' dir='ltr'><strong>reddet</strong></span> <span class='ocrx_word' id='word_1_843' title='bbox 3009 4378 3193 4448; x_wconf 85' lang='lat' dir='ltr'><strong>justus</strong></span> <span class='ocrx_word' id='word_1_844' title='bbox 3227 4389 3351 4432; x_wconf 80' lang='lat' dir='ltr'><strong>vota</strong></span> <span class='ocrx_word' id='word_1_845' title='bbox 3392 4378 3621 4434; x_wconf 91' lang='lat' dir='ltr'><strong>Domino</strong></span> 
     </span>
    </p>
   </div>
   <div class='ocr_carea' id='block_1_106' title="bbox 2052 4466 3622 4539">
    <p class='ocr_par' dir='ltr' id='par_1_106' title="bbox 2052 4466 3622 4539">
     <span class='ocr_line' id='line_1_106' title="bbox 2052 4466 3622 4539; baseline -0.001 -16"><span class='ocrx_word' id='word_1_846' title='bbox 2052 4485 2213 4539; x_wconf 91' lang='lat' dir='ltr'><strong>super</strong></span> <span class='ocrx_word' id='word_1_847' title='bbox 2249 4469 2393 4524; x_wconf 90' lang='lat' dir='ltr'><strong>omni</strong></span> <span class='ocrx_word' id='word_1_848' title='bbox 2424 4476 2658 4538; x_wconf 88' lang='lat' dir='ltr'><strong>martyre</strong></span> <span class='ocrx_word' id='word_1_849' title='bbox 2691 4466 2868 4536; x_wconf 88' lang='lat' dir='ltr'><strong>populi</strong></span> <span class='ocrx_word' id='word_1_850' title='bbox 2903 4467 3026 4534; x_wconf 88' lang='lat' dir='ltr'><strong>Dei,</strong></span> <span class='ocrx_word' id='word_1_851' title='bbox 3065 4467 3525 4538; x_wconf 78' lang='lat' dir='ltr'><strong>etHierosolymae</strong></span> <span class='ocrx_word' id='word_1_852' title='bbox 3566 4469 3622 4522; x_wconf 89' lang='lat' dir='ltr'><strong>in</strong></span> 
     </span>
    </p>
   </div>
   <div class='ocr_carea' id='block_1_107' title="bbox 2055 4561 3624 4626">
    <p class='ocr_par' dir='ltr' id='par_1_107' title="bbox 2055 4561 3624 4626">
     <span class='ocr_line' id='line_1_107' title="bbox 2055 4561 3624 4626; baseline -0.001 -11"><span class='ocrx_word' id='word_1_853' title='bbox 2055 4563 2172 4617; x_wconf 74' lang='lat' dir='ltr'><strong>luco</strong></span> <span class='ocrx_word' id='word_1_854' title='bbox 2203 4563 2412 4626; x_wconf 88' lang='lat' dir='ltr'><strong>electo;</strong></span> <span class='ocrx_word' id='word_1_855' title='bbox 2451 4561 2538 4614; x_wconf 86' lang='lat' dir='ltr'><strong>hic</strong></span> <span class='ocrx_word' id='word_1_856' title='bbox 2567 4568 2745 4613; x_wconf 89' lang='lat' dir='ltr'><strong>autem</strong></span> <span class='ocrx_word' id='word_1_857' title='bbox 2777 4569 2862 4613; x_wconf 88' lang='lat' dir='ltr'><strong>est</strong></span> <span class='ocrx_word' id='word_1_858' title='bbox 2897 4579 2915 4610; x_wconf 75' lang='grc' dir='ltr'><strong>ι</strong></span> <span class='ocrx_word' id='word_1_859' title='bbox 2948 4561 3000 4614; x_wconf 90' lang='lat' dir='ltr'><strong>in</strong></span> <span class='ocrx_word' id='word_1_860' title='bbox 3026 4561 3180 4616; x_wconf 89' lang='lat' dir='ltr'><strong>atriis</strong></span> <span class='ocrx_word' id='word_1_861' title='bbox 3219 4561 3409 4616; x_wconf 86' lang='lat' dir='ltr'><strong>domus</strong></span> <span class='ocrx_word' id='word_1_862' title='bbox 3443 4561 3624 4614; x_wconf 53' lang='lat' dir='ltr'><strong>Domi.</strong></span> 
     </span>
    </p>
   </div>
   <div class='ocr_carea' id='block_1_108' title="bbox 2053 4649 2831 4720">
    <p class='ocr_par' dir='ltr' id='par_1_108' title="bbox 2053 4649 2831 4720">
     <span class='ocr_line' id='line_1_108' title="bbox 2053 4649 2831 4720; baseline -0.006 -14"><span class='ocrx_word' id='word_1_863' title='bbox 2053 4653 2133 4720; x_wconf 92' lang='lat' dir='ltr'><strong>ni,</strong></span> <span class='ocrx_word' id='word_1_864' title='bbox 2167 4653 2219 4707; x_wconf 90' lang='lat' dir='ltr'><strong>in</strong></span> <span class='ocrx_word' id='word_1_865' title='bbox 2254 4651 2432 4707; x_wconf 85' lang='lat' dir='ltr'><strong>medio</strong></span> <span class='ocrx_word' id='word_1_866' title='bbox 2461 4649 2787 4706; x_wconf 85' lang='lat' dir='ltr'><strong>Jerusalem.</strong></span> <span class='ocrx_word' id='word_1_867' title='bbox 2812 4669 2831 4701; x_wconf 82' lang='grc' dir='ltr'><strong>ι</strong></span> 
     </span>
    </p>
   </div>
   <div class='ocr_carea' id='block_1_109' title="bbox 2128 4832 3627 4914">
    <p class='ocr_par' dir='ltr' id='par_1_109' title="bbox 2128 4832 3627 4914">
     <span class='ocr_line' id='line_1_109' title="bbox 2128 4832 3627 4914; baseline -0.007 -16"><span class='ocrx_word' id='word_1_868' title='bbox 2128 4845 2403 4914; x_wconf 76' lang='lat' dir='ltr'><strong>Ejusdem.</strong></span> <span class='ocrx_word' id='word_1_869' title='bbox 2449 4860 2468 4892; x_wconf 79' lang='grc' dir='ltr'><strong>ι</strong></span> <span class='ocrx_word' id='word_1_870' title='bbox 2511 4837 2768 4907; x_wconf 89' lang='lat' dir='ltr'><strong>Dirupisti</strong></span> <span class='ocrx_word' id='word_1_871' title='bbox 2805 4835 3019 4892; x_wconf 84' lang='lat' dir='ltr'><strong>vincula</strong></span> <span class='ocrx_word' id='word_1_872' title='bbox 3063 4848 3204 4892; x_wconf 78' lang='lat' dir='ltr'><strong>mea.</strong></span> <span class='ocrx_word' id='word_1_873' title='bbox 3247 4852 3266 4885; x_wconf 76' lang='grc' dir='ltr'><strong>ι</strong></span> <span class='ocrx_word' id='word_1_874' title='bbox 3294 4832 3412 4888; x_wconf 85' lang='lat' dir='ltr'><strong>Non</strong></span> <span class='ocrx_word' id='word_1_875' title='bbox 3437 4833 3578 4888; x_wconf 81' lang='lat' dir='ltr'><strong>dixit</strong></span> <span class='ocrx_word' id='word_1_876' title='bbox 3610 4850 3627 4888; x_wconf 82' lang='lat' dir='ltr'><strong>r</strong></span> 
     </span>
    </p>
   </div>
   <div class='ocr_carea' id='block_1_110' title="bbox 2059 4923 3629 5000">
    <p class='ocr_par' dir='ltr' id='par_1_110' title="bbox 2059 4923 3629 5000">
     <span class='ocr_line' id='line_1_110' title="bbox 2059 4923 3629 5000; baseline -0.005 -10"><span class='ocrx_word' id='word_1_877' title='bbox 2059 4935 2297 5000; x_wconf 83' lang='lat' dir='ltr'><strong>solvisti,</strong></span> <span class='ocrx_word' id='word_1_878' title='bbox 2328 4933 2422 4988; x_wconf 92' lang='lat' dir='ltr'><strong>sed</strong></span> <span class='ocrx_word' id='word_1_879' title='bbox 2451 4951 2469 4984; x_wconf 79' lang='grc' dir='ltr'><strong>ι</strong></span> <span class='ocrx_word' id='word_1_880' title='bbox 2509 4931 2786 5000; x_wconf 87' lang='lat' dir='ltr'><strong>dirupisti,</strong></span> <span class='ocrx_word' id='word_1_881' title='bbox 2822 4947 2842 4980; x_wconf 74' lang='grc' dir='ltr'><strong>ι</strong></span> <span class='ocrx_word' id='word_1_882' title='bbox 2876 4929 2946 4982; x_wconf 90' lang='lat' dir='ltr'><strong>ita</strong></span> <span class='ocrx_word' id='word_1_883' title='bbox 2987 4937 3049 4981; x_wconf 87' lang='lat' dir='ltr'><strong>ut</strong></span> <span class='ocrx_word' id='word_1_884' title='bbox 3075 4925 3284 4980; x_wconf 88' lang='lat' dir='ltr'><strong>inutilia</strong></span> <span class='ocrx_word' id='word_1_885' title='bbox 3319 4923 3462 4979; x_wconf 82' lang='lat' dir='ltr'><strong>facta</strong></span> <span class='ocrx_word' id='word_1_886' title='bbox 3493 4925 3629 4982; x_wconf 76' lang='lat' dir='ltr'><strong>sint.</strong></span> 
     </span>
    </p>
   </div>
   <div class='ocr_carea' id='block_1_111' title="bbox 2062 5016 3628 5082">
    <p class='ocr_par' dir='ltr' id='par_1_111' title="bbox 2062 5016 3628 5082">
     <span class='ocr_line' id='line_1_111' title="bbox 2062 5016 3628 5082; baseline -0.006 -4"><span class='ocrx_word' id='word_1_887' title='bbox 2062 5028 2289 5082; x_wconf 81' lang='lat' dir='ltr'><strong>Vincula</strong></span> <span class='ocrx_word' id='word_1_888' title='bbox 2342 5027 2444 5080; x_wconf 89' lang='lat' dir='ltr'><strong>hoc</strong></span> <span class='ocrx_word' id='word_1_889' title='bbox 2500 5024 2616 5079; x_wconf 90' lang='lat' dir='ltr'><strong>loco</strong></span> <span class='ocrx_word' id='word_1_890' title='bbox 2673 5019 3050 5076; x_wconf 85' lang='lat' dir='ltr'><strong>tribulationes</strong></span> <span class='ocrx_word' id='word_1_891' title='bbox 3112 5027 3292 5072; x_wconf 85' lang='lat' dir='ltr'><strong>vocat.</strong></span> <span class='ocrx_word' id='word_1_892' title='bbox 3348 5016 3444 5070; x_wconf 84' lang='lat' dir='ltr'><strong>Est</strong></span> <span class='ocrx_word' id='word_1_893' title='bbox 3481 5017 3628 5070; x_wconf 88' lang='lat' dir='ltr'><strong>enim</strong></span> 
     </span>
    </p>
   </div>
   <div class='ocr_carea' id='block_1_112' title="bbox 2058 5106 3633 5178">
    <p class='ocr_par' dir='ltr' id='par_1_112' title="bbox 2058 5106 3633 5178">
     <span class='ocr_line' id='line_1_112' title="bbox 2058 5106 3633 5178; baseline -0.01 -5"><span class='ocrx_word' id='word_1_894' title='bbox 2058 5121 2218 5174; x_wconf 88' lang='lat' dir='ltr'><strong>etiam</strong></span> <span class='ocrx_word' id='word_1_895' title='bbox 2247 5117 2516 5171; x_wconf 80' lang='lat' dir='ltr'><strong>vinculum</strong></span> <span class='ocrx_word' id='word_1_896' title='bbox 2552 5117 2773 5178; x_wconf 88' lang='lat' dir='ltr'><strong>bonum,</strong></span> <span class='ocrx_word' id='word_1_897' title='bbox 2803 5121 2864 5166; x_wconf 90' lang='lat' dir='ltr'><strong>ut</strong></span> <span class='ocrx_word' id='word_1_898' title='bbox 2891 5127 3012 5166; x_wconf 88' lang='lat' dir='ltr'><strong>cum</strong></span> <span class='ocrx_word' id='word_1_899' title='bbox 3053 5110 3185 5164; x_wconf 91' lang='lat' dir='ltr'><strong>dicit</strong></span> <span class='ocrx_word' id='word_1_900' title='bbox 3219 5127 3232 5160; x_wconf 91' lang='lat'><strong>:</strong></span> <span class='ocrx_word' id='word_1_901' title='bbox 3269 5126 3286 5159; x_wconf 83' lang='grc' dir='ltr'><strong>ι</strong></span> <span class='ocrx_word' id='word_1_902' title='bbox 3328 5106 3382 5160; x_wconf 83' lang='grc' dir='ltr'><strong>1η</strong></span> <span class='ocrx_word' id='word_1_903' title='bbox 3412 5107 3633 5160; x_wconf 80' lang='lat' dir='ltr'><strong>vinculo</strong></span> 
     </span>
    </p>
   </div>
   <div class='ocr_carea' id='block_1_113' title="bbox 2059 5205 3633 5272">
    <p class='ocr_par' dir='ltr' id='par_1_113' title="bbox 2059 5205 3633 5272">
     <span class='ocr_line' id='line_1_113' title="bbox 2059 5205 3633 5272; baseline -0.013 -4"><span class='ocrx_word' id='word_1_904' title='bbox 2059 5212 2344 5268; x_wconf 90' lang='lat' dir='ltr'><strong>charitatis</strong></span> <span class='ocrx_word' id='word_1_905' title='bbox 2370 5213 2407 5264; x_wconf 79' lang='grc' dir='ltr'><strong>ι.</strong></span> <span class='ocrx_word' id='word_1_906' title='bbox 2451 5227 2470 5261; x_wconf 74' lang='grc' dir='ltr'><strong>ι</strong></span> <span class='ocrx_word' id='word_1_907' title='bbox 2507 5207 2734 5262; x_wconf 77' lang='lat' dir='ltr'><strong>Vincula</strong></span> <span class='ocrx_word' id='word_1_908' title='bbox 2767 5214 2896 5260; x_wconf 83' lang='lat' dir='ltr'><strong>sunt</strong></span> <span class='ocrx_word' id='word_1_909' title='bbox 2943 5205 3104 5258; x_wconf 90' lang='lat' dir='ltr'><strong>etiam</strong></span> <span class='ocrx_word' id='word_1_910' title='bbox 3146 5209 3491 5272; x_wconf 87' lang='lat' dir='ltr'><strong>peccatorum</strong></span> <span class='ocrx_word' id='word_1_911' title='bbox 3541 5212 3633 5250; x_wconf 81' lang='lat' dir='ltr'><strong>ca-</strong></span> 
     </span>
    </p>
   </div>
   <div class='ocr_carea' id='block_1_114' title="bbox 2063 5287 3629 5370">
    <p class='ocr_par' dir='ltr' id='par_1_114' title="bbox 2063 5287 3629 5370">
     <span class='ocr_line' id='line_1_114' title="bbox 2063 5287 3629 5370; baseline -0.011 -13"><span class='ocrx_word' id='word_1_912' title='bbox 2063 5313 2197 5357; x_wconf 72' lang='lat' dir='ltr'><strong>tena:</strong></span> <span class='ocrx_word' id='word_1_913' title='bbox 2233 5319 2247 5356; x_wconf 91' lang='lat'>:</span> <span class='ocrx_word' id='word_1_914' title='bbox 2278 5315 2396 5370; x_wconf 66' lang='lat' dir='ltr'><strong>qua:</strong></span> <span class='ocrx_word' id='word_1_915' title='bbox 2419 5297 2636 5368; x_wconf 89' lang='lat' dir='ltr'><strong>quidem</strong></span> <span class='ocrx_word' id='word_1_916' title='bbox 2670 5293 2884 5348; x_wconf 78' lang='lat' dir='ltr'><strong>vincula</strong></span> <span class='ocrx_word' id='word_1_917' title='bbox 2918 5308 3023 5346; x_wconf 91' lang='lat' dir='ltr'><strong>non</strong></span> <span class='ocrx_word' id='word_1_918' title='bbox 3058 5295 3228 5344; x_wconf 88' lang='lat' dir='ltr'><strong>solum</strong></span> <span class='ocrx_word' id='word_1_919' title='bbox 3263 5303 3360 5358; x_wconf 89' lang='lat' dir='ltr'><strong>per</strong></span> <span class='ocrx_word' id='word_1_920' title='bbox 3383 5287 3629 5340; x_wconf 88' lang='lat' dir='ltr'><strong>divinum</strong></span> 
     </span>
    </p>
   </div>
   <div class='ocr_carea' id='block_1_115' title="bbox 2062 5377 3630 5462">
    <p class='ocr_par' dir='ltr' id='par_1_115' title="bbox 2062 5377 3630 5462">
     <span class='ocr_line' id='line_1_115' title="bbox 2062 5377 3630 5462; baseline -0.01 -13"><span class='ocrx_word' id='word_1_921' title='bbox 2062 5395 2346 5462; x_wconf 83' lang='lat' dir='ltr'><strong>baptisma,</strong></span> <span class='ocrx_word' id='word_1_922' title='bbox 2377 5390 2471 5445; x_wconf 90' lang='lat' dir='ltr'><strong>sed</strong></span> <span class='ocrx_word' id='word_1_923' title='bbox 2499 5397 2555 5444; x_wconf 90' lang='lat' dir='ltr'><strong>et</strong></span> <span class='ocrx_word' id='word_1_924' title='bbox 2589 5402 2687 5457; x_wconf 89' lang='lat' dir='ltr'><strong>per</strong></span> <span class='ocrx_word' id='word_1_925' title='bbox 2716 5383 3032 5455; x_wconf 85' lang='lat' dir='ltr'><strong>martyrium</strong></span> <span class='ocrx_word' id='word_1_926' title='bbox 3055 5396 3151 5451; x_wconf 87' lang='lat' dir='ltr'><strong>pro</strong></span> <span class='ocrx_word' id='word_1_927' title='bbox 3179 5379 3392 5435; x_wconf 82' lang='lat' dir='ltr'><strong>Christo</strong></span> <span class='ocrx_word' id='word_1_928' title='bbox 3423 5377 3630 5434; x_wconf 83' lang='lat' dir='ltr'><strong>obitum</strong></span> 
     </span>
    </p>
   </div>
   <div class='ocr_carea' id='block_1_116' title="bbox 2063 5475 3352 5556">
    <p class='ocr_par' dir='ltr' id='par_1_116' title="bbox 2063 5475 3352 5556">
     <span class='ocr_line' id='line_1_116' title="bbox 2063 5475 3352 5556; baseline -0.009 -15"><span class='ocrx_word' id='word_1_929' title='bbox 2063 5496 2116 5540; x_wconf 89' lang='lat' dir='ltr'><strong>et</strong></span> <span class='ocrx_word' id='word_1_930' title='bbox 2155 5501 2249 5556; x_wconf 88' lang='lat' dir='ltr'><strong>per</strong></span> <span class='ocrx_word' id='word_1_931' title='bbox 2274 5481 2604 5555; x_wconf 63' lang='lat' dir='ltr'><strong>pmttitentite</strong></span> <span class='ocrx_word' id='word_1_932' title='bbox 2635 5479 2896 5552; x_wconf 84' lang='lat' dir='ltr'><strong>lacrymas</strong></span> <span class='ocrx_word' id='word_1_933' title='bbox 2926 5475 3352 5542; x_wconf 81' lang='lat' dir='ltr'><strong>disrumpuntur.</strong></span> 
     </span>
    </p>
   </div>
   <div class='ocr_carea' id='block_1_117' title="bbox 3251 5857 3327 5919">
    <p class='ocr_par' dir='ltr' id='par_1_117' title="bbox 3251 5857 3327 5919">
     <span class='ocr_line' id='line_1_117' title="bbox 3251 5857 3327 5919; baseline -0.039 0"><span class='ocrx_word' id='word_1_934' title='bbox 3251 5857 3327 5919; x_wconf 72' lang='grc' dir='ltr'><strong>ὅθ</strong></span> 
     </span>
    </p>
   </div>
  </div>
