4106 6456
383 454 511 510 1581

1313 449 1618 502 SELEtLTA
1650 449 1712 502 ΕΝ
1757 446 2094 502 PSALMOS.
2134 475 2198 484 -—
2233 443 2423 499 [’S.\l..
2461 443 2646 500 CXVII

3497 446 3630 506 15δὲ

380 569 518 623 αὑτά
537 569 611 630 ὡς
645 567 894 637 μέλισσαι
925 566 1079 625 εἰσιν,
1116 564 1228 618 ἀλλ’
1258 566 1315 615 οὑ
1353 565 1626 634 μέλισσαι.
1672 565 1778 616 Καὶ
1823 580 1936 616 κατε

2067 561 2156 628 qui
2179 575 2237 611 ea
2261 559 2623 628 promulgant,
2653 560 2685 612 ii
2714 567 2840 613 sunt
2870 557 3013 613 velut
3039 572 3185 626 apes.
3223 558 3320 613 sed
3352 573 3454 613 non
3479 574 3627 628 apes.

379 659 467 712 τὸν
496 657 818 727 Σολομῶντα
876 656 932 708 δὲ
989 675 1006 706 ι
1044 655 1163 725 μέλι
1217 655 1513 718 ἀποστάζει
1581 656 1688 706 ἀπὸ
1735 655 1956 724 χειλέων

378 749 636 818 γυναικὸς
675 748 876 819 πόρνης
897 764 909 776 ·
937 766 955 799 ι
989 747 1108 817 ἥτις
1140 746 1255 796 ἐστί
1283 743 1631 815 ψευδώνυμος
1661 745 1878 812 γνῶσις.
1898 746 1955 796 Ὀ

379 839 710 911 κολλώμενος
741 839 875 910 πρὸς
897 838 1064 908 αὑτὴν
1090 837 1146 890 ἓν
1182 839 1340 909 σῶμά
1362 841 1506 892 ἐστιν
1538 839 1695 907 αὑτῇ,
1725 835 1799 899 ὼς
1821 838 1848 888 ὁ
1879 836 1955 905 τῷ

378 931 565 1002 Κυρίῳ
599 931 693 982 καὶ
725 929 914 1000 ἀληθεῖ
943 929 1100 999 Λόγῳ
1129 929 1185 985 ἒν
1217 930 1448 1000 πνεῦμα.

456 1112 653 1179 Ἰσχύς
674 1128 792 1179 μου
827 1109 923 1163 καὶ
953 1111 1216 1179 ὕμνησίς
1232 1128 1350 1180 μου
1381 1113 1412 1163 ὁ
1445 1111 1694 1175 Κύριος,
1731 1123 1783 1158 κ.
1817 1123 1866 1156 τ.
1904 1107 1949 1156 ὲ.

387 1203 559 1272 ’ἰσχὺς
588 1205 616 1254 ὁ
669 1203 824 1270 λόγος
862 1203 1218 1266 ἀναλαϐόντος
1268 1203 1450 1265 αὑτὸν,
1493 1201 1559 1254 δι’
1611 1200 1670 1251 ὃν
1708 1218 1724 1249 ι
1777 1197 1952 1250 πάντα

378 1293 564 1361 ἰσχύω,
605 1311 624 1344 ι
669 1294 830 1362 φησιν
864 1295 891 1346 ὁ
917 1292 1148 1357 Παῦλος,
1191 1311 1208 1344 ι
1255 1293 1311 1345 ἐν
1340 1290 1416 1361 τῷ
1449 1286 1831 1358 ἐνδυναμοῦντί
1883 1303 1950 1356 με

377 1383 592 1453 Χριστῷ
639 1385 832 1455 Ἰησοῦ.
871 1405 888 1435 ι
934 1379 1100 1448 Οὗτος
1127 1387 1153 1437 ὁ
1179 1385 1335 1453 λόγος
1366 1384 1458 1436 καὶ
1499 1380 1733 1452 ὕμνησίς
1779 1381 1948 1443 ἐστιν,

373 1478 431 1528 ἐν
463 1469 505 1543 ᾧ
542 1479 690 1530 ἐστιν
723 1479 755 1547 ή
793 1477 1060 1544 θεολογία.
1090 1477 1199 1529 Καὶ
1225 1475 1552 1546 Θαρροῦντος
1586 1473 1641 1527 δὲ
1677 1473 1950 1543 μάρτυρος

372 1559 518 1630 εἶ’ηὴ
571 1561 756 1630 φωνή⁶
816 1580 834 1611 ι
879 1560 1051 1630 Ἰσχύς
1110 1577 1210 1630 μου
1261 1562 1356 1612 καὶ
1388 1557 1616 1628 ὕμνησίς
1656 1574 1756 1627 μου
1787 1556 1814 1607 ὁ
1840 1553 1950 1606 Κύ-

375 1667 504 1723 ριος.
539 1670 558 1702 ι

447 1744 568 1795 Οὐκ
597 1742 1026 1812 ἀποθανοῦμαι,
1059 1743 1218 1797 ἀλλὰ
1242 1741 1509 1811 ζήσομαι,
1545 1741 1639 1794 καὶ
1667 1739 1948 1808 διηγήσο-

368 1851 470 1901 μαι
500 1833 570 1886 τὰ
604 1835 746 1903 ἔργα
770 1835 1014 1902 Κυρίου,
1043 1853 1097 1890 κ.
1130 1853 1179 1888 τ.
1206 1837 1252 1887 ἐ.
1279 1834 1398 1886 Τῶν
1425 1833 1639 1896 ζώντων
1669 1832 1784 1884 ἐστὶ
1830 1832 1947 1899 διη-

368 1924 581 1991 γεῖσθαι
608 1928 672 1978 τά
695 1925 832 1997 ἔργα
857 1926 1081 1995 Κυρίου.

449 2009 743 2073 Ἀνοίξατέ
771 2028 868 2078 μοι
899 2011 1096 2074 πύλας
1128 2009 1535 2076 δικαιοσύνης,
1563 2027 1614 2062 κ.
1645 2025 1695 2061 τ.
1729 2009 1774 2060 ἐ.
1816 2008 1942 2059 Ὥσ-

371 2117 476 2170 περ
535 2099 896 2169 δικαιοσύνης,
943 2103 1070 2170 μιᾶς
1099 2100 1206 2152 τῶν
1236 2100 1464 2172 ἀρετῶν,
1511 2101 1616 2152 εἰσὶ
1668 2099 1834 2152 πύλαι
1887 2100 1940 2151 αἱ

370 2190 490 2241 κατ’
519 2190 686 2259 αὑτὴν
718 2189 967 2261 πράξεις,
999 2190 1169 2254 οὕτως
1205 2187 1312 2242 εἷεν
1363 2190 1428 2246 ἂν
1476 2191 1569 2244 καὶ
1626 2191 1941 2260 φρονήσεως

367 2280 554 2343 πύλαι,
585 2281 679 2333 καὶ
705 2280 1078 2351 σωφροσύνης,
1103 2283 1192 2334 καὶ
1221 2282 1491 2353 ἀνδρείας,
1536 2281 1629 2335 καὶ
1667 2281 1776 2334 τῶν
1836 2281 1941 2334 λοι-

366 2373 484 2424 πῶν
518 2371 744 2443 ἀρετῶν,
789 2373 1128 2444 ἀνεῳγμέναι
1169 2374 1265 2443 μὲν
1288 2374 1345 2426 ἐν
1375 2373 1453 2443 τῷ
1504 2373 1793 2443 σπουδαίῳ,
1847 2390 1940 2425 κε-

366 2465 680 2536 κλεισμέναι
708 2467 762 2520 δὲ
790 2468 848 2520 ἐν
875 2465 952 2537 τῷ
991 2466 1198 2536 φαύλῳ.
1237 2467 1358 2520 Εἰσὶ
1409 2467 1658 2536 μέντοιγε
1683 2466 1779 2520 καὶ
1832 2463 1941 2518 τῶν

366 2557 572 2610 κακιῶν
607 2557 770 2609 πύλαι
819 2557 1132 2627 ὴνοιγμέναι
1169 2558 1264 2627 μὲν
1316 2556 1395 2626 τῷ
1452 2557 1638 2626 φαύλῳ
1688 2557 1775 2610 διὰ
1834 2556 1942 2611 τῶν

365 2647 504 2702 κατά
544 2649 738 2702 κακίαν
787 2648 1056 2718 πράξεων,
1119 2649 1610 2719 ἀποκεκλεισμέναι
1658 2649 1715 2704 δὲ
1769 2652 1826 2703 ἐν
1863 2649 1942 2720 τῷ

365 2740 587 2810 ἀστείῳ.
621 2742 845 2812 Μήποτε
878 2740 934 2796 δὲ
964 2742 1057 2793 καὶ
1087 2740 1260 2804 ἄλλως
1299 2741 1387 2794 διά
1409 2740 1469 2793 τό
1498 2758 1510 2772 ο
1547 2761 1566 2792 ι
1607 2742 1809 2811 ’Ἄρατε
1841 2741 1942 2796 πύ-

361 2834 536 2897 λας,οἱ
565 2834 1124 2905 ἄρχοντες,ὑμῶν,καὶ
1158 2833 1456 2905 ἐπάρϐητε,
1487 2833 1650 2886 πύλαι
1676 2833 1934 2886 αἰώνιον»

362 2928 471 2980 eici.
501 2927 660 2980 πύλαι
695 2929 773 2988 είς
805 2927 903 2988 τάς
931 2925 1178 2988 αἰωνίους
1229 2925 1392 2995 μονάς
1420 2925 1623 2995 ἑκάστη
1671 2925 1781 2977 τῶν
1814 2926 1940 2994 ἀρε-

362 3018 468 3070 τῶν
497 3017 816 3078 αίώνιοι,δι⁹
853 3011 926 3071 ὦν
968 3016 1315 3087 καταλλήλως
1370 3016 1762 3070 εἰσελεύσονται
1817 3018 1940 3079 ταῖς

361 3110 624 3179 πράξεσιν
689 3108 894 3162 ἑαυτῶν
950 3109 998 3161 οἱ
1063 3108 1358 3160 σπουδαῖοι.
1419 3109 1522 3162 Τὸν
1581 3109 1638 3161 δὲ
1707 3106 1937 3176 Σωτῆρα

360 3204 527 3273 ἐχρῆν
555 3203 642 3254 διὰ
669 3200 857 3254 πασῶν
903 3199 1158 3266 ἐξελθεῖν,
1194 3200 1568 3270 ἐπαιρομένων
1616 3200 1710 3253 καὶ
1771 3216 1935 3269 μεγε-

360 3293 670 3364 Θυνομένων
697 3292 862 3356 ἀξίως
897 3290 988 3344 τοῦ
1013 3289 1272 3361 μεγέθους
1303 3288 1560 3360 Χριστοῦ.
1606 3290 1791 3353 Πάσας
1821 3288 1929 3359 γὰρ

359 3383 588 3436 ἀνέλαϐε
641 3383 758 3436 κατ’
812 3381 968 3445 ἀξίαν
1028 3381 1126 3450 τῆς
1180 3381 1528 3442 ὑποστάσεως
1577 3379 1929 3452 Πρωτοτόκου

359 3477 540 3544 πάσης
563 3474 810 3536 κτίσεως.
845 3474 956 3526 Καὶ
999 3472 1188 3524 σκόπει
1236 3474 1305 3535 εί,
1357 3471 1546 3541 ῶσπερ
1596 3472 1676 3541 τῷ
1719 3472 1930 3542 Σωτῆρι

359 3567 601 3636 αἴρονται
633 3566 726 3616 καὶ
760 3564 1096 3634 ἐπαίρονται,
1129 3561 1270 3615 οὕτω
1301 3562 1421 3616 κατ’
1445 3562 1600 3628 ἀξίαν
1634 3563 1845 3633 ἑκάστῳ
1895 3563 1929 3630 ἢ

359 3660 602 3729 αἴρονται
633 3658 724 3710 καὶ
757 3655 1150 3728 ἐπαίρονται,ἥ
1200 3654 1433 3708 τίθενται
1486 3656 1580 3710 καὶ
1632 3657 1731 3708 οὑκ
1773 3655 1930 3708 ἐπαί-

360 3765 563 3820 ρονται.
597 3749 715 3800 Εἰσὶ
736 3749 790 3800 δέ
814 3749 907 3801 καὶ
935 3747 1166 3816 ἐμψυχοι
1198 3747 1290 3798 καὶ
1320 3745 1491 3810 ζῶσαι
1534 3742 1690 3801 αὗται
1723 3747 1779 3800 αἱ
1833 3745 1934 3800 πύ-

357 3839 472 3891 λαι·
508 3837 588 3889 διὸ
644 3836 860 3903 λέγεται
903 3836 1094 3896 αὑταῖς
1133 3836 1227 3895 τὸ,
1298 3855 1314 3884 ι
1367 3835 1690 3906 Ἐπάρθητε.
1752 3855 1770 3888 ι
1824 3837 1933 3890 Καὶ

356 3933 495 4000 τάχα
524 3933 570 3983 οἱ
611 3929 867 3999 ἄρχοντες
896 3929 986 3979 καὶ
1019 3929 1074 3978 αἱ
1130 3927 1293 3979 πύλαι
1337 3927 1626 3996 θανόμεναί
1675 3945 1804 3995 φασι
1849 3929 1928 3993 τὸ,

363 4044 378 4073 ι
414 4023 508 4086 Τίς
532 4023 675 4076 ἐστιν
696 4017 849 4083 οὗτος
875 4021 904 4072 ὁ
940 4018 1192 4088 βασιλεὺς
1224 4020 1321 4088 τῆς
1351 4018 1541 4088 δόξης;
1578 4037 1597 4070 ι
1653 4020 1772 4071 Εἰσὶ
1807 4020 1932 4088 μέν-

357 4132 498 4182 τοιγε
528 4116 580 4167 αί
621 4115 716 4183 μὲν
755 4111 860 4164 ὑπὸ
894 4110 1123 4172 πολλοὺς
1177 4108 1341 4162 πύλαι
1378 4109 1814 4179 δικαιοσύνης,ή
1874 4109 1929 4162 δὲ

354 4207 437 4268 τίς
462 4188 620 4274 μόνου
646 4203 738 4257 τοῦ
771 4203 973 4274 Κυρίου
1001 4201 1176 4270 πύλης
1222 4201 1400 4263 Πύλας
1437 4197 1528 4254 οὖν
1588 4201 1928 4271 δικαιοσύνης

354 4299 452 4360 τάς
474 4298 759 4366 διαφόρους
813 4297 910 4365 τῆς
951 4295 1154 4364 ἀρετῆς
1198 4294 1338 4356 ἰδέας
1372 4294 1554 4346 καλεῖ·
1601 4293 1666 4346 δι’
1710 4293 1928 4346 ἐκείνων

356 4391 464 4462 γὰρ
497 4390 718 4443 δυνατὸν
753 4389 917 4454 ἀξίως
947 4387 1184 4455 ὑμνῆσαι
1210 4387 1299 4438 τὸν
1332 4386 1439 4438 τῶν
1473 4385 1607 4440 ὅλων
1635 4385 1784 4438 Θεόν.
1819 4386 1930 4440 Καὶ

352 4484 508 4538 τοῦτο
543 4482 869 4552 σαφέστερον
906 4479 993 4533 διὰ
1025 4479 1133 4531 τῶν
1170 4478 1578 4548 ἐπιφερομένων
1628 4477 1925 4548 ἐδήλωσενο

2062 651 2367 704 Secundum
2411 648 2754 703 Salomonem
2800 665 3018 719 quoque
3048 649 3068 679 ⁸
3105 668 3122 702 ι
3179 649 3282 703 mel
3326 650 3554 704 distillat
3600 665 3630 705 a

2059 743 2216 797 lahiis
2247 741 2488 795 mulieris
2540 740 2872 805 fornicarizn,
2906 761 2924 794 ι
2961 756 3080 811 qua:
3109 753 3190 796 est
3222 741 3346 796 falsi
3393 744 3634 798 nominis
3669 779 3679 788 -

2057 836 2299 888 scientia.
2334 835 2434 900 Qui
2465 835 2703 888 adhaeret
2729 835 2826 897 illi,
2855 851 3018 889 unum
3049 850 3244 903 corpus
3279 844 3361 890 est
3384 851 3507 888 cum
3540 851 3630 899 ea,

2057 926 2198 979 sicut
2229 926 2272 979 is
2311 925 2400 994 qui
2441 924 2666 978 Domino
2695 939 2930 996 veroque
2983 923 3160 980 Verbo
3194 927 3454 994 adhaeret,
3488 941 3629 983 unus

2056 1017 2281 1087 Spiritus
2317 1025 2397 1069 est
2430 1032 2552 1068 cum
2575 1032 2660 1071 eo.

2132 1109 2285 1161 Vens.
2317 1107 2397 1161 Η.
2423 1106 2705 1162 Fortitudo
2729 1125 2841 1162 mea
2863 1117 2909 1160 et
2942 1109 3056 1160 laus
3080 1123 3194 1160 mea
3213 1106 3490 1174 Dominus,
3517 1117 3626 1164 etc.

2058 1199 2414 1265 Suscipientis
2455 1215 2575 1250 eum
2609 1214 2703 1267 per
2741 1215 2900 1269 quem
2939 1217 2956 1249 ι
2997 1199 3178 1252 omnia
3207 1211 3448 1265 possum,
3487 1216 3506 1250 ι
3538 1198 3621 1253 in-

2053 1291 2173 1358 qttit
2208 1288 2404 1343 Paulus
2432 1291 2474 1354 ⁸,
2514 1309 2531 1341 ι
2575 1291 2628 1342 in
2674 1306 2737 1343 eo
2782 1291 2871 1358 qui
2921 1306 3006 1345 me
3067 1290 3358 1353 confortat,
3405 1290 3624 1345 Christo

2051 1377 2201 1443 Jesu,
2249 1397 2267 1429 ι
2305 1388 2497 1446 potens
2528 1389 2610 1433 est
2641 1393 2842 1433 sermo.
2881 1378 2979 1434 Hic
3028 1394 3228 1442 sermo,
3291 1378 3344 1431 in
3387 1394 3494 1446 quo
3543 1386 3628 1433 est

2055 1472 2345 1541 tlteoIOgia,
2397 1473 2562 1526 etiam
2598 1483 2681 1528 est
2712 1472 2851 1527 laus.
2881 1472 3149 1526 Caeterum
3183 1469 3295 1522 [nec
3333 1484 3431 1522 vox
3458 1469 3623 1522 etiam

2051 1577 2169 1617 esse
2205 1565 2372 1631 pussit
2402 1565 2656 1633 martyris
2705 1564 2900 1617 fiducia
2937 1562 3079 1632 pleni
3107 1579 3119 1613 :
3147 1580 3164 1612 ι
3204 1560 3482 1616 Fortitudo
3509 1575 3624 1616 mea

2050 1663 2103 1708 et
2135 1653 2254 1706 laus
2287 1669 2401 1708 mea
2439 1655 2718 1708 Dominus.
2766 1674 2783 1704 ι

2120 1746 2282 1800 Vens.
2345 1746 2425 1802 Π.
2485 1744 2605 1798 Non
2656 1746 2877 1806 moriar,
2928 1745 3020 1797 sed
3073 1745 3265 1806 vivam,
3310 1754 3358 1798 et
3399 1745 3624 1799 narrabo

2049 1853 2205 1904 opera
2252 1835 2481 1898 Domini,
2521 1848 2626 1889 etc.
2662 1835 2917 1889 Vivorum
2948 1845 3030 1891 est
3064 1852 3290 1890 narrare
3316 1851 3479 1906 Opera
3518 1838 3622 1891 Do-

1977 1909 2016 1965 Β
2048 1927 2201 1981 mini.

2121 2017 2281 2072 Vsus.
2308 2017 2393 2072 19.
2428 2017 2634 2085 Aperite
2663 2017 2791 2069 mihi
2819 2024 2994 2085 portas
3012 2015 3261 2085 Justitia',
3281 2025 3384 2069 etc.
3407 2014 3612 2081 Quem-

2043 2109 2336 2162 admodum
2361 2108 2604 2177 justitite,
2651 2119 2774 2176 qua:
2811 2121 2915 2160 una
2951 2116 3033 2161 est
3061 2121 3125 2162 ex
3156 2106 3468 2168 virtutibus,
3499 2120 3620 2174 por-

2044 2210 2107 2253 ιω
2135 2210 2259 2254 sunt
2310 2197 2550 2252 actiones
2593 2201 2644 2255 ei
2699 2206 3076 2256 consentanea:
3133 2236 3149 2263 ,
3181 2197 3252 2250 ita
3276 2198 3617 2250 cruntetiam

2041 2299 2210 2360 portae
2251 2289 2581 2360 prudentiae,
2625 2300 2681 2344 et
2721 2289 3112 2358 temperantiae,
3163 2295 3216 2341 et
3261 2285 3616 2350 fortitudinis,

2042 2399 2104 2438 ac
2137 2384 2395 2436 virtutum
2425 2393 2769 2447 exterarum,
2800 2390 3002 2451 aperta:
3049 2379 3266 2449 quidem
3307 2380 3496 2446 proho,
3524 2382 3616 2432 sed

2041 2474 2237 2529 clausae
2269 2475 2532 2542 improbo.
2573 2475 2713 2529 Sunt
2737 2474 2903 2527 etiam
2931 2473 3185 2526 vitiorum
3218 2483 3390 2541 porta:
3413 2482 3615 2540 apertae

2041 2567 2254 2634 quidem
2281 2566 2526 2634 improbo
2557 2580 2652 2634 per
2678 2565 2906 2619 vitiosas
2929 2564 3190 2630 actiones,
3223 2565 3317 2618 sed
3342 2565 3539 2619 clausa:
3563 2563 3615 2617 in

2042 2659 2159 2711 viro
2203 2659 2392 2727 probo.
2446 2657 2608 2711 Forte
2639 2673 2768 2712 vero
2801 2658 2966 2710 etiam
3001 2656 3159 2709 aliter
3191 2663 3409 2724 propter
3459 2655 3615 2718 illud,

2049 2769 2066 2802 ι
2100 2751 2346 2804 Αιιυιιιιε
2379 2761 2582 2819 portas,
2610 2751 2904 2819 principes,
2943 2758 3148 2803 vestras
3171 2789 3186 2814 ,
3223 2758 3274 2802 et
3305 2748 3618 2812 elevamini,

2045 2853 2215 2910 porta:
2264 2845 2550 2896 aeternales
2578 2842 2620 2905 ⁸,
2661 2861 2679 2892 ι
2713 2841 2939 2909 singula:
2987 2842 3219 2896 virtutes
3274 2850 3399 2895 sunt
3451 2853 3620 2911 portae

2040 2931 2324 2985 :eternalcs
2350 2935 2414 2984 ad
2447 2933 2758 2984 mansiones
2785 2943 3042 2996 aeternas,
3073 2946 3319 2998 perquas
3341 2931 3436 2982 viri
3463 2931 3615 2999 probi

2042 3022 2200 3073 modo
2255 3021 2370 3072 suis
2429 3021 2736 3074 actionibus
2797 3031 3168 3074 consentaneo
3220 3021 3613 3088 ingrcdicntur.

2040 3111 2376 3166 Sulvatorem
2405 3123 2587 3164 autem
2620 3111 2856 3180 oportuit
2891 3127 2987 3179 per
3033 3127 3225 3166 omnes
3255 3111 3472 3180 egredi,
3505 3112 3616 3166 ele-

2042 3213 2193 3256 vatas
2239 3214 2294 3257 et
2342 3204 2720 3273 magnificatus
2777 3219 2873 3272 pro
2924 3203 3188 3272 dignitate
3229 3203 3615 3273 magnitudinis

2035 3292 2256 3344 Christi.
2291 3291 2490 3346 Omnes
2523 3293 2667 3345 enim
2701 3293 2996 3360 assumpsit
3027 3292 3324 3347 secundum
3377 3294 3615 3360 dignita-

2037 3393 2142 3438 tem
2161 3382 2512 3454 Primogeniti
2537 3383 2702 3456 794
2722 3385 2898 3438 omnis
2918 3395 3206 3439 creatura).
3226 3384 3293 3438 Et
3321 3385 3441 3440 vide
3461 3403 3612 3451 num,

2033 3476 2173 3529 sicut
2195 3474 2458 3528 Salvatori
2479 3475 2740 3530 tolluntur
2763 3484 2817 3528 et
2851 3466 3192 3537 attolluntur,
3227 3474 3300 3527 ita
3323 3484 3375 3526 et
3402 3475 3616 3528 unicui-

2034 3580 2137 3633 que
2172 3581 2268 3634 pro
2309 3566 2570 3634 dignitate
2602 3566 2683 3618 vel
2735 3561 2990 3619 tollantur
3027 3574 3080 3617 et
3135 3563 3476 3624 attollantur,
3531 3565 3612 3617 vel

2037 3669 2304 3730 ponantur
2349 3669 2401 3713 et
2445 3676 2549 3713 non
2591 3658 2930 3714 attolluntur.
2961 3658 3098 3712 Sunt
3126 3657 3286 3710 etiam
3327 3658 3408 3712 Ine
3440 3669 3611 3726 porta:

2035 3752 2289 3804 animata:
2317 3763 2371 3805 et
2417 3751 2570 3804 viva}.
2605 3749 2873 3816 Quocirca
2921 3750 3049 3818 ipsis
3080 3749 3278 3802 dicitur
3308 3765 3321 3802 :
3369 3768 3388 3800 ι
3421 3750 3611 3804 Ειενε-

2037 3843 2188 3894 mitti.
2235 3861 2253 3893 ι
2290 3841 2350 3893 Et
2386 3839 2634 3894 fortassis
2679 3839 2948 3908 principes
2990 3854 3052 3893 ac
3084 3849 3251 3908 portae
3285 3848 3509 3895 mortua:
3534 3840 3611 3893 di-

2033 3943 2162 3985 Cnnt
2200 3950 2214 3984 :
2246 3948 2266 3982 ι
2312 3932 2444 3998 Quis
2478 3942 2560 3984 est
2604 3932 2704 3986 iste
2746 3947 2837 3984 rex
2884 3929 3114 3998 gloriae?
3155 3949 3172 3982 ι
3212 3931 3352 3985 Sunt
3394 3932 3610 3999 quidem

2035 4024 2119 4077 lia:
2166 4025 2346 4090 quoad
2383 4022 2580 4076 multos
2613 4031 2782 4090 porta:
2807 4021 3066 4090 justitia',
3113 4021 3204 4074 sed
3235 4037 3482 4088 quznnatn
3517 4023 3606 4076 illa

2031 4117 2197 4168 solius
2228 4115 2434 4168 Domini
2463 4115 2652 4183 porta?
2689 4112 2883 4165 Purtas
2911 4112 3072 4181 igitur
3097 4106 3318 4176 iustitia:
3343 4122 3501 4166 vocat
3529 4115 3602 4166 di-

2033 4219 2216 4258 versas
2265 4205 2485 4257 virtutis
2515 4206 2725 4272 species
2767 4219 2780 4254 :
2817 4217 2910 4271 per
2935 4203 3054 4255 illus
3085 4204 3226 4261 cuitu
3275 4203 3439 4259 Deum
3487 4204 3605 4261 uni-

2032 4312 2311 4350 versurum
2356 4297 2514 4365 digne
2568 4312 2854 4364 possumus
2915 4297 3216 4351 celebrare.
3271 4299 3447 4366 Atque
3505 4299 3605 4353 lto:-

2032 4388 2376 4443 manifestius
2423 4389 2719 4444 declaravit
2766 4406 2860 4458 per
2892 4405 2955 4444 ea
3001 4405 3122 4458 qua:
3167 4389 3604 4457 suhjunguntur:

2033 4497 2152 4535 nam
2187 4496 2285 4534 ceu
2314 4482 2720 4550 responsionem
2760 4481 3052 4549 quamdam
3089 4480 3270 4545 tradit,
3307 4495 3427 4538 cmn
3461 4481 3535 4535 ait
3575 4499 3588 4538 :

352 4571 462 4629 οἷον
506 4576 611 4646 γάρ
663 4591 782 4626 τινα
821 4573 1114 4644 ἀπόκρισιν
1159 4571 1344 4623 δίδωσι
1391 4570 1601 4638 λέγων·
1657 4587 1675 4620 ι
1712 4568 1926 4642 Δύτηὴ

2041 4591 2058 4624 ι
2094 4573 2218 4628 Hane
2251 4582 2403 4642 porta
2432 4573 2664 4629 Domini.
2705 4592 2725 4627 ο

354 4667 494 4736 πύλη
529 4665 621 4717 τοῦ
650 4667 872 4734 Κυρίου.
907 4685 925 4716 ι

425 4747 533 4812 Τοῦ
591 4758 797 4810 αὐτοῦ.
853 4757 940 4820 Ὠς
989 4754 1291 4823 ἀνοίγονται
1338 4753 1502 4806 πύλαι
1555 4754 1922 4826 δικαιοσύνης,

348 4850 489 4903 οὕτω
522 4849 614 4901 και
645 4847 996 4918 σωφροσύνης
1018 4848 1112 4899 καὶ
1142 4845 1392 4916 ἀνδρείας
1421 4846 1516 4898 καὶ
1544 4846 1784 4915 ἀγάπης.
1826 4845 1925 4901 Διά

348 4940 457 5010 γὰρ
477 4939 678 4992 τούτων
701 4938 808 4990 τῶν
833 4937 1015 4989 πυλῶν
1043 4937 1345 5007 εἰσέρχεται
1380 4935 1501 5000 νοῦς
1535 4937 1614 4998 εἰς
1641 4937 1740 5008 τὴν
1773 4937 1925 5007 βασι-

347 5031 496 5084 λείαν
521 5028 630 5082 τῶν
657 5028 918 5099 ούρανῶν.

420 5121 582 5187 Αὕτη
610 5122 649 5189 ἡ
685 5121 847 5186 πύλη
873 5121 977 5173 τοῦ
1014 5120 1256 5186 Κυρίου,
1280 5136 1333 5170 κ.
1373 5135 1421 5169 τ.
1455 5119 1499 5170 ἐ.
1535 5117 1689 5171 Μετά
1707 5118 1766 5171 τὸ
1812 5120 1922 5171 είσ-

347 5211 518 5266 ελθεῖν
551 5211 639 5264 διά
680 5211 789 5265 τῶν
836 5210 1154 5281 πρακτικῶν
1211 5209 1418 5280 ἀρετῶν
1468 5210 1775 5279 εὑρήσομεν
1821 5209 1920 5278 τὴν

348 5306 523 5372 πύλην
553 5303 652 5372 τῆς
676 5303 947 5370 γνώσεως,
979 5302 1100 5370 ἣτις
1127 5302 1272 5354 ἐστιν
1300 5303 1334 5372 ἡ
1375 5301 1576 5371 θεωρία
1613 5300 1720 5354 τῶν
1763 5315 1920 5368 γεγο-

349 5395 538 5457 νότων,
568 5395 834 5464 σωμάτων
860 5394 951 5446 καὶ
985 5393 1314 5462 ἀσωμάτων.

418 5487 599 5539 Λίθον
626 5483 698 5537 ὃν
727 5483 1178 5552 ἀπεδοκίμασαν
1210 5485 1266 5537 οι
1299 5483 1753 5551 οἰκοδομοῦντες
1775 5519 1790 5542 ,
1817 5473 1921 5534 οὖα

342 5593 446 5641 τος
471 5577 721 5648 ἐγενήθη
746 5581 831 5642 εἰς
857 5576 1130 5645 κεφαλὴν
1153 5575 1388 5644 γωνίας,
1423 5593 1476 5630 κ.
1513 5591 1563 5629 τ.
1595 5575 1644 5626 ὲ.
1674 5573 1842 5624 Τοῦτο
1864 5570 1924 5624 τὸ

346 5677 505 5746 ρητδν
563 5669 645 5731 εἰς
685 5667 918 5738 Χριστὸν
969 5666 1330 5737 ἀναφέρεται·
1375 5665 1469 5716 καὶ
1521 5663 1626 5735 γὰρ
1665 5662 1824 5725 αὑτὸς
1866 5665 1923 5715 ἐν

1458 5867 1476 5895 ⁸
1507 5863 1652 5922 Psal.
1697 5879 1853 5930 χχιιι,

413 5869 430 5900 ³
476 5867 629 5923 Prov.
659 5883 710 5932 v,
739 5870 772 5927 '5
869 5866 890 5899 ⁸
915 5865 1143 5938 Philipp.
1179 5881 1254 5934 tv,
1296 5865 1378 5919 l5.

2104 4753 2377 4823 Ejusdem.
2414 4754 2569 4809 Sicut
2598 4754 2918 4823 aperiuntur
2947 4762 3116 4822 perun
3155 4749 3399 4818 justitizn,
3435 4749 3512 4802 sic
3554 4766 3584 4799 ε

2033 4844 2423 4912 ιειιιιιενείιιὶίε,
2463 4853 2516 4896 ει
2549 4842 2906 4904 fortitudinis,
2943 4851 2995 4896 et
3030 4839 3336 4894 charitatis.
3368 4837 3470 4890 Per
3509 4835 3608 4889 has

2030 4937 2171 4990 enim
2200 4945 2383 5006 portas
2411 4933 2711 5003 ingreditur
2733 4949 2883 4987 mens
2911 4933 2966 4986 in
2997 4946 3218 5000 regnum
3242 4927 3530 4982 caelorum.

2106 5113 2264 5165 Vens.
2312 5111 2400 5165 9.0.
2459 5111 2585 5165 ΙΙαέ
2634 5122 2784 5177 porta
2819 5109 3054 5170 Domini,
3084 5117 3191 5161 etc.
3234 5106 3599 5172 Posteaquam

2029 5205 2258 5272 ingressi
2293 5204 2555 5257 fuerimus
2577 5219 2672 5271 per
2691 5203 2964 5272 practicas
2984 5202 3230 5262 virtutes,
3264 5197 3601 5250 inveniemus

2029 5305 2239 5364 portam
2275 5295 2535 5357 scientia,
2582 5309 2700 5362 qua:
2741 5303 2824 5347 est
2867 5308 3056 5346 eorum
3093 5306 3211 5358 qua:
3249 5290 3389 5342 facta
3437 5296 3601 5352 sunt,

2025 5386 2443 5456 contemplatio,
2476 5400 2862 5453 corpureorum
2892 5393 2946 5437 et
2982 5384 3446 5451 incorporearum.

2100 5478 2260 5532 Vens.
2289 5477 2378 5532 22.
2415 5477 2668 5546 Lapidem
2693 5492 2843 5544 quem
2869 5473 3274 5542 reprobntterunt
3318 5467 3600 5536 redi/icon-

2027 5579 2123 5635 tes,
2147 5571 2231 5624 hic
2259 5570 2430 5626 factus
2458 5579 2532 5622 est
2554 5571 2606 5620 in
2632 5577 2785 5635 caput
2814 5566 3016 5634 anguli,
3043 5574 3143 5618 etc.
3181 5563 3303 5616 llme
3330 5559 3600 5613 sententia

2030 5660 2265 5715 refertur
2295 5659 2362 5713 ad
2395 5657 2698 5714 Christum:
2721 5656 2833 5726 ipse
2857 5653 3000 5709 enitn
3039 5654 3090 5708 iu
3121 5652 3430 5724 Evangeliis
3459 5651 3600 5705 hanc
