4106 6422
550 401 653 455 5*ξό

1859 395 1944 446 EX
1989 395 2287 448 Ollit’il-ZXE

3633 408 3767 461 trgst

517 521 649 570 citat
706 515 1039 584 [Il'Opiteliulll
1111 514 1383 567 dicens’:
1422 533 1439 563 ι
1487 512 1772 578 Nunquam
1835 513 2039 580 legistis

2195 514 2301 573 τοῖς
2357 514 2699 581 Εὑαγγελίοις
2749 516 2951 586 ταύτην
3006 520 3238 589 παράγει
3283 520 3377 592 τὴν
3439 524 3773 593 προφητείαν

517 608 773 676 Lapidem
826 622 981 675 quem
1025 609 1452 674 I‘Opt'ObaVBl‘tllll
1495 603 1855 664 :cdiﬁcantcs,
1893 604 1978 656 hic
2010 602 2089 655 fu-

521 706 642 750 ctus
670 707 753 748 cst
793 697 845 748 in
893 707 1053 764 caput
1085 694 1312 763 anguli?
1353 714 1370 744 ι
1403 692 1762 747 ᾹΞιΙὶΙὶοειιιιυε
1791 702 1973 745 autem
2006 692 2092 744 hic

517 789 645 840 dicit
683 786 918 850 Judacos,
957 788 1166 841 scribas
1211 799 1258 839 ct
1291 785 1619 849 Pharisacos,
1651 783 2090 853 quandoquidem

519 879 874 944 reprobarunt
914 878 1089 946 ipsum
1123 877 1362 930 dicentes
1399 895 1413 930 :
1456 895 1473 928 ι
1515 874 1892 930 Samaritanus
1917 887 1975 927 es
2008 883 2086 936 tu,

514 978 567 1021 et
601 969 924 1022 tlmtiiuiiium
979 969 1147 1022 habes
1177 969 1218 1022 ⁸.
1257 986 1274 1018 ι
1315 970 1380 1022 Et
1413 982 1638 1022 rursus:
1675 985 1692 1018 ι
1724 965 1820 1019 Hie
1853 979 1957 1018 non
2007 972 2088 1019 est

514 1075 576 1112 ex
608 1058 737 1120 Deo,
767 1059 860 1112 sed
887 1060 1096 1112 seducit
1125 1060 1338 1113 turbam
1362 1061 1404 1112 θ.
1438 1078 1453 1109 ι

590 1241 748 1296 Visus.
788 1240 877 1294 25.
920 1243 962 1293 Α
1006 1241 1228 1294 Domino
1268 1242 1466 1309 factum
1503 1249 1577 1294 est
1626 1241 1786 1303 istud,
1829 1248 1936 1292 etc.
1970 1237 2084 1292 Non

515 1344 631 1386 erat
655 1335 948 1386 humanum
983 1335 1084 1388 hoc
1109 1335 1253 1403 quod
1284 1334 1482 1386 factum
1509 1343 1608 1396 est,
1640 1348 1743 1385 non
1778 1343 1895 1386 erat
1929 1333 2088 1384 unius

513 1440 576 1476 ex
633 1425 852 1478 multis:
888 1441 990 1478 non
1037 1437 1153 1479 erat
1195 1424 1530 1494 angelorum,
1577 1439 1682 1476 non
1710 1431 1827 1476 erat
1857 1422 2085 1475 archan-

514 1516 755 1581 gclorum
817 1517 976 1569 talem
1034 1517 1284 1582 angulum
1321 1529 1666 1583 componere.
1723 1513 1890 1568 Nemo
1942 1513 2084 1567 enim

515 1608 617 1660 hoc
642 1607 832 1675 potuit,
859 1621 963 1659 non
995 1607 1201 1674 justus,
1228 1620 1330 1657 non
1371 1605 1630 1672 propheta
1654 1643 1668 1668 ,
1709 1619 1813 1658 non
1840 1605 2083 1673 angelus,

515 1713 619 1750 non
645 1697 1018 1766 archangelus.
1052 1698 1143 1751 sed
1167 1697 1333 1749 solius
1368 1695 1458 1749 Dei
1488 1707 1607 1752 erat
1639 1696 1740 1751 hoc
1766 1695 2084 1766 praeclarum

515 1789 727 1842 facilius
760 1806 772 1841 :
802 1798 919 1842 erat
946 1789 1044 1842 hoc.
1068 1788 1281 1857 proprie
1310 1788 1478 1855 ipsius
1505 1803 1663 1857 opus.

2195 603 2397 671 λέγων·
2441 625 2458 657 ι
2503 607 2768 660 Οὐδέποτε
2805 611 3070 682 ἀνέγνωτε
3096 630 3107 641 ·
3144 612 3304 664 Λίθον
3344 614 3401 665 ὃν
3433 603 3771 685 ἀπεδοκίμα-

2197 713 2292 747 σαν
2332 700 2384 750 οἱ
2441 699 2865 769 οἰκοδομοῦντες,
2912 696 3065 765 οὗτος
3109 703 3337 774 ἐγενήθη
3394 707 3474 766 είς
3527 707 3770 778 κεφαλὴν

2193 790 2427 856 γωνίας;
2457 810 2475 842 ι
2510 791 2936 862 Οἰκοδομοῦντας
2984 793 3038 844 δὲ
3081 796 3206 856 τοὺς
3270 795 3552 858 Ἰουδαίους
3597 798 3767 864 λέγει,

2190 882 2315 943 τοὺς
2335 887 2699 953 γραμματεῖς,
2735 884 2860 948 τοὺς
2892 885 3236 954 Φαρισαίους,
3268 886 3347 938 ὅτι
3370 887 3769 958 ἀπεδοκίμαζον

2192 974 2354 1028 αὑτὸν
2429 975 2714 1044 λέγοντες·
2778 999 2794 1026 ι
2851 977 3194 1048 Σαμαρείτης
3249 973 3318 1038 εί,
3361 979 3456 1030 καὶ
3494 978 3769 1048 δαιμόνιον

2191 1066 2352 1134 ἔχεις.
2391 1085 2409 1117 ι
2451 1067 2562 1119 Καὶ
2596 1067 2758 1119 πάλιν
2779 1084 2790 1095 ·
2824 1084 2840 1116 ι
2872 1062 3038 1130 Οὗτος
3062 1068 3161 1120 οὐκ
3195 1067 3338 1120 ἔστιν
3372 1070 3437 1121 ἐκ
3467 1067 3562 1120 τοῦ
3610 1069 3766 1131 Θεοῦ,

2191 1157 2323 1210 ἀλλά
2346 1158 2520 1228 πλανᾷ
2539 1159 2628 1210 τὸν
2653 1158 2826 1228 ὄχλον.
2873 1179 2890 1208 ι

2263 1249 2428 1314 Παρὰ
2475 1248 2697 1316 Κυρίου
2727 1248 2962 1318 ἐγένετο
3015 1250 3185 1312 αὕτη.
3222 1268 3274 1302 κ.
3303 1267 3350 1301 τ.
3376 1252 3399 1302 ἐ
3452 1252 3563 1303 Οὐκ
3589 1247 3656 1322 ἦν
3684 1254 3769 1306 ἀν-

2191 1339 2459 1409 θρώπινον
2485 1339 2546 1390 τὸ
2573 1340 2872 1409 γινόμενον,
2899 1341 2996 1392 οὐκ
3026 1336 3091 1411 ἦν
3123 1341 3239 1403 ἐνὸς
3273 1342 3379 1393 τῶν
3408 1344 3633 1396 πολλῶν·
3668 1346 3768 1397 οὐκ

2189 1426 2255 1500 ἦν
2284 1430 2548 1499 ἀγγέλων,
2577 1431 2677 1482 οὐκ
2704 1426 2772 1501 ἦν
2804 1431 3162 1501 ἀρχαγγέλων
3188 1432 3246 1483 τὸ
3269 1432 3524 1504 τοιαύτην
3576 1433 3768 1498 πλέξαι

2190 1522 2390 1589 γωνίαν
2417 1539 2429 1551 ’
2456 1522 2628 1585 οὐδεὶς
2661 1521 2769 1592 γάρ
2807 1521 3008 1590 ἴσχυεν,
3029 1523 3090 1574 οὐ
3112 1523 3336 1586 δίκαιος,
3363 1524 3421 1575 ού
3458 1527 3765 1595 προφήτης,

2188 1613 2288 1665 οὐκ
2340 1613 2589 1680 ἄγγελος,
2635 1613 2735 1665 οὐκ
2787 1613 3146 1682 ἀρχάγγελος,
3197 1614 3332 1666 ἀλλὰ
3372 1615 3466 1667 τοῦ
3516 1615 3652 1668 Θεοῦ
3705 1617 3769 1670 τὸ

2191 1702 2520 1774 κατόρθωμα
2546 1720 2558 1733 ·
2602 1703 2759 1756 τοῦτο
2780 1697 2847 1772 ἦν
2865 1703 3040 1756 αὑτοῦ
3073 1704 3253 1767 tame;
3282 1705 3339 1757 τὸ
3366 1704 3549 1777 ἔργον.

583 1878 746 1933 Vsus.
775 1880 868 1933 24.
908 1878 1035 1932 Ηαέ
1079 1889 1153 1932 est
1201 1879 1309 1932 dies
1333 1896 1490 1948 quam
1510 1879 1634 1947 fecit
1666 1880 1937 1944 Dominus,
1971 1891 2075 1934 etc.

2255 1886 2415 1953 Αὕτη
2447 1888 2484 1954 ἡ
2525 1885 2712 1954 ἡμέρα
2745 1885 2825 1954 ἢν
2856 1887 3148 1952 ἐποίησεν
3181 1890 3212 1940 ό
3264 1889 3497 1955 Κύριος,
3540 1906 3593 1941 κ.
3626 1907 3671 1942 τ.
3713 1891 3761 1942 ἐ.

515 1972 661 2025 llane
700 1973 839 2026 diem
885 1987 988 2026 non
1049 1971 1416 2040 legislatores,
1470 1988 1576 2026 non
1631 1973 1906 2042 prophetae
1946 1973 2082 2025 fece-

515 2073 663 2127 runt,
691 2065 780 2118 sed
812 2064 924 2131 ipse
953 2063 1031 2118 sol
1055 2063 1298 2131 justitie.
1335 2063 1483 2117 Diem
1513 2072 1692 2117 autem
1721 2073 1879 2117 vocat
1902 2064 2085 2134 cogni-

511 2157 714 2207 tionem
739 2155 962 2210 Christi.

583 2247 860 2316 Ejusdem.
890 2247 1008 2301 Non
1049 2248 1178 2301 solis
1211 2265 1426 2303 cursum
1463 2250 1561 2302 hoc
1592 2249 1704 2304 loco
1732 2249 1870 2303 diem
1902 2259 2080 2312 vocat,

509 2340 601 2392 sed
630 2340 884 2408 praeclara
907 2339 1140 2393 facinora
1169 2356 1288 2408 qum
1331 2343 1381 2393 in
1419 2357 1484 2394 eo
1520 2350 1670 2408 gesta
1702 2350 1846 2395 sunt.
1886 2343 2082 2407 Quem—

508 2431 796 2484 admodum
834 2431 976 2482 enim
1017 2432 1108 2499 qui
1151 2433 1290 2485 diem
1345 2432 1542 2484 malum
1595 2431 1750 2496 dicit,
1803 2445 1908 2483 non
1954 2429 2083 2484 solis

508 2537 748 2584 cursum,
789 2524 882 2575 sed
939 2524 1080 2575 mala
1129 2538 1249 2591 qua:
1299 2523 1350 2576 in
1386 2523 1502 2590 ipso
1538 2530 1662 2577 sunt
1696 2521 1970 2590 intelligit,
2007 2523 2078 2573 ita

504 2615 668 2667 etiam
702 2616 900 2667 bonum
937 2615 1097 2678 diem,
1134 2616 1394 2684 prwclara
1431 2613 1571 2667 facta
1594 2628 1712 2680 quae
1745 2613 1796 2665 in
1830 2612 1919 2664 illo
1949 2626 2080 2664 con-

509 2706 761 2772 tigerunt.
797 2705 950 2768 Quod
982 2714 1162 2757 autem
1197 2705 1350 2768 dicit,
1405 2712 1487 2758 est
1536 2703 1801 2771 ejusmodi
1836 2719 1850 2753 :
1887 2703 2078 2757 Omnia

508 2798 763 2864 pr;.rc|ara
798 2797 1040 2851 facinora
1077 2814 1194 2866 quae
1239 2797 1289 2850 in
1322 2812 1386 2851 eo
1425 2805 1573 2866 gesta
1627 2805 1774 2862 sunt,
1817 2796 1959 2851 Deus
2003 2796 2080 2850 l‘e-

506 2894 578 2946 cit
612 2909 625 2947 :
660 2901 777 2946 erat
800 2892 942 2946 enim
971 2892 1112 2944 illius
1142 2889 1308 2945 solius
1333 2903 1527 2943 manus
1559 2887 1773 2942 elﬁcere
1795 2903 1913 2956 qua:
1937 2887 2078 2941 facta

505 2994 650 3038 sunt.
699 2983 837 3049 Quid
875 2984 1018 3037 enim
1060 2983 1230 3052 possit
1279 2997 1400 3037 eum
1456 2983 1557 3036 hoc
1589 2981 1676 3035 die
1701 2977 1964 3043 conferri,
2024 2981 2077 3032 in

504 3091 610 3144 quo
639 3091 759 3130 cum
809 3076 1127 3130 hominibus
1170 3076 1313 3129 facta
1349 3086 1434 3129 est
1469 3073 1562 3128 Dei
1596 3071 1988 3136 reconciliatio,
2025 3080 2080 3123 et

505 3170 814 3220 diuturnum
849 3167 1047 3221 bellum
1099 3167 1202 3220 fuit
1230 3167 1579 3236 diremptum,
1606 3173 1660 3217 ct
1697 3171 1842 3216 terra
1876 3160 2072 3215 cmlum

505 3263 706 3322 evasit,
731 3271 784 3313 et
815 3259 1063 3313 homines
1089 3259 1249 3329 795
1281 3271 1425 3313 terra
1471 3255 1672 3324 indigni
1724 3268 1890 3324 regno
1923 3254 2070 3322 digni

503 3354 600 3407 visi
656 3361 807 3413 sunt,
833 3359 887 3405 et
918 3362 1121 3406 nostra:
1175 3361 1380 3404 natura:
1409 3347 1659 3418 primitiae
1704 3360 1869 3417 super
1907 3345 2075 3398 coelos

501 3448 725 3503 sublatae
759 3456 905 3510 sunt,
933 3461 987 3502 et
1034 3444 1320 3518 paradisus
1359 3451 1578 3512 apertus
1609 3449 1714 3504 est,
1758 3449 1812 3492 et
1837 3446 2074 3493 veterem

503 3540 734 3608 patriam
773 3541 1098 3609 reccpinms,
1136 3551 1190 3593 et
1223 3547 1550 3607 expunctum
1599 3544 1682 3588 est
1727 3534 2074 3588 maledictum

506 3642 558 3686 et
590 3631 858 3686 sublatum
895 3631 1222 3701 peccatum?
1280 3631 1391 3683 Etsi
1446 3630 1591 3684 enim
1641 3641 1830 3683 omnes
1858 3636 2077 3694 quoque

503 3725 619 3778 dies
646 3723 860 3787 fecerit,
899 3723 1047 3777 illum
1087 3731 1269 3776 tamen
1295 3719 1514 3785 eximie,
1553 3717 1988 3789 quandoquidem
2021 3713 2074 3767 in

499 3821 595 3878 illo
650 3819 884 3873 maxima
938 3833 1034 3873 sua
1092 3815 1350 3885 mysteria
1410 3812 1674 3882 implevit.
1733 3810 2077 3880 Quapmpter

499 3913 660 3965 etiam
698 3927 796 3965 ttOs
838 3909 1175 3965 exsultemus
1225 3915 1278 3958 et
1314 3905 1560 3958 laatemur
1592 3901 1644 3955 in
1683 3916 1770 3967 eo,
1808 3900 2073 3970 duplicem

498 4001 787 4072 quiamdam
818 3999 1218 4055 solemnitatem
1249 3995 1798 4049 celebranteszunam
1827 3991 2073 4060 quidem,

496 4095 639 4166 quod
669 4110 697 4147 a
727 4093 1046 4162 captivitate
1092 4087 1290 4142 diaboli
1334 4086 1505 4140 simus
1559 4084 1811 4146 liberati;
1844 4082 2073 4135 alteram

499 4198 644 4245 vero,
701 4181 844 4249 quod
894 4180 1060 4233 etiam
1119 4177 1184 4231 ad
1243 4190 1464 4246 regnum
1520 4173 1784 4228 caelorum
1840 4171 2075 4225 adduca-

493 4296 632 4338 ΠιυΓ.

564 4374 730 4428 Vens.
765 4370 855 4424 26.
892 4369 1208 4422 Benedictus
1229 4369 1316 4436 qui
1351 4366 1482 4420 venit
1510 4367 1566 4418 in
1590 4365 1798 4418 nomine
1829 4361 2071 4426 Domini,

493 4479 600 4519 etc.
637 4463 789 4516 Ilanc
817 4461 982 4514 etiam
1015 4471 1198 4511 vocem
1229 4457 1294 4508 de
1323 4455 1543 4508 Christo
1575 4452 1921 4523 prephetiam
1947 4465 2070 4506 esse

2186 1977 2400 2046 Ταύτην
2426 1976 2522 2047 τὴν
2544 1979 2757 2048 ἡμέραν
2783 1979 2842 2030 οὐ
2877 1977 3192 2045 νομοθέται,
3230 1980 3290 2031 οὐ
3345 1981 3619 2050 προφῆται
3668 1999 3765 2034 πε-

2186 2072 2498 2140 ποιήκασιν,
2533 2069 2645 2121 ἀλλ’
2673 2069 2833 2132 αὐτὸς
2865 2070 2892 2122 6
2916 2069 3013 2138 τῆς
3042 2069 3382 2138 δικαιοσύνης
3409 2071 3579 2140 ἥλιος.
3599 2072 3766 2143 Ἡμέ-

2187 2179 2287 2234 ραν
2320 2162 2375 2214 δὲ
2412 2161 2553 2230 λέγει
2577 2162 2675 2233 τὴν
2697 2160 2897 2229 γνῶσιν
2918 2161 3009 2214 τοῦ
3043 2162 3295 2233 Χριστοῦ.

2261 2253 2371 2306 Τοῦ
2393 2253 2599 2306 αὐτοῦ.
2636 2254 2879 2324 Ἡμέραν
2905 2252 3136 2306 ἐνταῦθα
3164 2255 3284 2324 ούχὶ
3318 2255 3409 2307 τὸν
3431 2254 3626 2326 δρόμον
3675 2257 3766 2310 λέ-

2183 2358 2268 2410 γει
2294 2343 2385 2394 τὸν
2416 2343 2661 2412 ἡλιακὸν,
2693 2343 2828 2396 ἀλλά
2853 2343 2920 2396 τά
2954 2343 3354 2416 κατορθώματα
3397 2347 3464 2400 τά
3506 2348 3564 2400 ἐν
3618 2350 3760 2419 αὐτῇ

2182 2435 2463 2503 γινόμενα.
2500 2435 2709 2504 Ὥσπερ
2733 2434 2844 2506 γὰρ
2867 2436 3078 2506 ἡμέραν
3115 2435 3356 2506 πονηρὰν
3389 2435 3534 2504 λέγει
3563 2438 3624 2490 οὐ
3668 2438 3763 2491 τὸν

2180 2526 2378 2596 δρόμον
2409 2525 2502 2577 τοῦ
2543 2526 2711 2595 ἡλίου,
2766 2525 2900 2578 ἀλλά
2951 2525 3018 2578 τὰ
3069 2528 3126 2578 ἐν
3163 2528 3300 2597 αὐτῇ
3352 2527 3532 2580 κακά’
3586 2528 3759 2592 οὕτως

2182 2620 2272 2671 καὶ
2295 2619 2506 2689 ἡμέραν
2533 2618 2739 2688 ἀγαθὴν
2770 2618 2837 2671 τά
2863 2621 2919 2671 ἐν
2954 2619 3088 2690 αὐτῇ
3121 2619 3542 2690 κατορθώματα.
3592 2623 3656 2674 '0
3698 2623 3758 2675 δὲ

2181 2711 2326 2779 λέγει
2355 2709 2595 2763 τοιοῦτόν
2626 2712 2778 2762 ἐστι’
2827 2711 3011 2763 Πάντα
3053 2710 3120 2762 τὰ
3147 2711 3548 2782 κατορθώματα
3586 2712 3656 2764 τὰ
3699 2715 3759 2766 ἐν

2181 2803 2316 2873 αὐτῇ
2345 2801 2602 2870 γινόμενα
2627 2803 2654 2854 6
2679 2801 2810 2862 Θεὸς
2831 2801 3071 2869 ἐποίησε·
3091 2802 3188 2870 τῆς
3209 2800 3317 2873 γὰρ
3343 2802 3520 2872 χειρὸς
3544 2802 3759 2874 ἐκείνης

2184 2894 2352 2964 μόνης
2384 2888 2452 2963 ἦν
2482 2892 2552 2945 τά
2575 2892 2853 2962 γινόμενα.
2895 2892 2958 2944 Τί
2997 2891 3104 2963 γὰρ
3152 2893 3248 2963 τῆς
3291 2893 3502 2964 ἡμέρας
3552 2894 3758 2966 ταύτης

2179 2986 2291 3037 ἴσον
2311 2984 2517 3053 γένοιτο
2540 2985 2626 3049 ἂν,
2651 2986 2708 3036 ἐν
2736 2978 3098 3056 ᾖκαταλλαγὴ
3117 2983 3250 3037 Θεοῦ
3273 2985 3409 3054 πρὸς
3437 2983 3757 3057 ἀνθρώπους

2179 3077 2522 3145 ἐγένετο,κα“ι
2543 3079 2571 3130 6
2594 3076 2804 3147 χρόνιος
2833 3074 3100 3145 κατελύθη
3133 3076 3388 3146 πόλεμος,
3406 3078 3498 3132 καὶ
3527 3077 3757 3149 οὐρανὸς

2179 3171 2471 3241 ἀπεδείχθη
2509 3172 2540 3241 ἡ
2577 3171 2666 3241 γῆ,
2698 3171 2790 3222 καὶ
2807 3171 2855 3222 οί
2878 3171 2974 3239 τῆς
2996 3170 3100 3239 γῆς
3126 3169 3331 3236 ἀνάξιοι
3361 3170 3635 3242 ἄνθρωποι
3656 3171 3757 3242 τῆς

2180 3262 2457 3333 βασιλείας
2491 3262 2765 3331 ἐφάνησαν
2791 3261 2948 3327 ἄξιοι,
2974 3263 3067 3313 καὶ
3097 3263 3130 3331 ἡ
3162 3261 3382 3332 ἀπαρχὴ
3413 3262 3512 3330 τῆς
3541 3261 3754 3330 φύσεως

2177 3354 2273 3424 τῆς
2299 3352 2574 3424 ἡμετέρας
2609 3353 2863 3421 ὑπεράνω
2906 3350 3014 3404 τῶν
3046 3351 3289 3421 οὐρανῶν
3333 3350 3622 3420 ἀνηνέχθη,
3659 3354 3755 3404 καὶ

2177 3445 2502 3516 παράδεισος
2558 3444 2787 3514 ἠνοίγη,
2829 3444 2922 3495 καὶ
2972 3442 3071 3512 τὴν
3127 3442 3358 3512 ἀρχαίαν
3407 3443 3753 3513 ἀπελάϐομεν

2179 3537 2434 3608 πατρίδα,
2476 3537 2570 3589 καὶ
2604 3535 2815 3603 κατάρα
2843 3534 3116 3603 ἠφανίσθη
3140 3573 3153 3595 ,
3184 3536 3278 3586 καὶ⁵
3304 3535 3337 3604 ἡ
3367 3535 3608 3605 ἁμαρτία
3632 3533 3755 3586 ἐλύ-

2179 3631 2281 3701 θη;
2315 3630 2376 3681 Εἰ
2421 3626 2528 3698 γὰρ
2581 3627 2675 3678 καὶ
2708 3627 2885 3688 πάσας
2917 3626 3017 3688 τὰς
3049 3624 3261 3695 ἡμέρας
3308 3626 3585 3695 ἐποίησεν,
3633 3626 3752 3679 ἀλλ’

2176 3721 2390 3790 ἐκείνην
2420 3717 2732 3790 ἐξαιρέτως,
2760 3716 2948 3788 ἐπειδὴ
2979 3715 3048 3769 τὰ
3083 3717 3311 3786 μέγιστα
3344 3717 3401 3770 ἐν
3453 3717 3590 3787 αὐτῇ
3640 3716 3752 3769 τῶν

2175 3813 2386 3864 οἰκείων
2449 3809 2759 3881 μυστηρίων
2823 3808 3126 3879 ἐπλήρωσε.
3180 3806 3375 3878 Διόπερ
3433 3809 3526 3860 καὶ
3589 3809 3750 3878 ἡμεῖς

2177 3901 2630 3972 ἁγαλλιασώμεθα
2664 3903 2758 3954 καὶ
2805 3899 3196 3971 εὐφρανθῶμεν
3243 3901 3300 3951 ἐν
3361 3901 3496 3968 αὐτῇ
3557 3899 3750 3968 διπλῆν

2175 4013 2295 4048 τινα
2337 3993 2511 4064 χαρὰν
2561 3994 2864 4063 πανήγυριν
2900 3991 3122 4059 ἄγοντες
3145 4006 3159 4020 ο
3194 3989 3320 4059 μίαν
3353 3989 3473 4058 μὲν,
3521 3989 3601 4040 ὅτι
3650 3990 3750 4059 τῆς

2178 4087 2554 4158 αἰχμαλωσίας
2573 4085 2668 4139 τοῦ
2692 4085 2937 4138 διαϐόλου
2970 4082 3314 4153 ἐρρύσθημεν
3333 4097 3345 4111 ·
3383 4081 3640 4153 δευτέραν
3690 4080 3748 4134 δὲ

2175 4181 2253 4233 ὅτι
2281 4179 2373 4230 καὶ
2401 4178 2536 4248 πρὸς
2562 4175 2838 4246 βασιλείαν
2860 4173 3104 4244 οὐρανῶν
3130 4171 3461 4243 ἀναγόμεθα.

2249 4359 2667 4429 Εὐλογημένος
2701 4361 2733 4410 o’
2765 4359 3085 4427 ἐρχόμενος
3116 4356 3185 4408 ἐν
3215 4355 3456 4422 ὀνόματι
3497 4353 3744 4422 Κυρίου,

2174 4469 2227 4505 κ.
2252 4471 2301 4506 τ.
2334 4453 2379 4504 ἐ.
2405 4453 2514 4505 Καὶ
2538 4450 2738 4522 ταύτην
2767 4449 2864 4520 τὴν
2899 4449 3080 4518 φωνὴν
3102 4448 3151 4501 οἱ
3186 4445 3566 4515 εύαγγελισταὶ
3617 4445 3746 4516 περὶ

491 4562 861 4624 exposuerunt
907 4548 1260 4618 evangelista
1285 4563 1299 4600 :
1334 4548 1446 4615 ipse
1469 4545 1614 4599 enim
1642 4559 1830 4598 revera
1857 4550 1940 4596 est
1969 4541 2061 4609 qui

2179 4546 2403 4617 Χριστοῦ
2455 4545 2788 4617 προφητείαν
2820 4539 2958 4596 εἶναι
2997 4541 3382 4612 ἐξειλήφασιν·
3427 4539 3587 4601 αὐτὸς
3634 4539 3742 4609 γὰρ

492 4663 615 4702 eum
680 4643 1004 4698 auctoritate
1059 4641 1206 4694 venit
1261 4640 1313 4692 in
1365 4637 1583 4692 nomine
1637 4633 1882 4695 Domini,
1939 4647 2061 4686 cum

491 4753 681 4791 onincs
735 4735 803 4788 ab
869 4734 984 4801 ipso
1045 4743 1153 4785 tam
1204 4730 1304 4783 viri
1359 4744 1523 4799 quam
1583 4724 1756 4793 angeli
1813 4722 2062 4778 venerint

493 4843 750 4897 tanquam
797 4827 937 4880 servi
977 4825 1208 4880 Domini.
1240 4823 1473 4890 Quilibet
1519 4818 1662 4874 enim
1691 4831 1877 4872 eorum
1912 4817 2061 4870 dice-

491 4923 582 4974 bat
617 4937 630 4972 :
667 4918 789 4973 "me
819 4919 945 4972 dicit
977 4917 1234 4971 Dominus
1266 4933 1280 4969 :
1322 4925 1376 4968 et
1421 4911 1789 4979 unusquisque
1834 4906 2056 4978 angelo-

492 5029 610 5068 rum
643 5013 689 5066 ei
742 5011 804 5062 ad
837 5026 995 5080 quem
1032 5009 1266 5063 mittitur
1310 5009 1408 5071 ait,
1457 5005 1721 5059 Dominus
1755 5003 1902 5058 misit
1949 5018 2058 5057 me.

493 5102 686 5157 Verum
741 5103 828 5155 ille
875 5103 965 5171 qui
1005 5102 1151 5156 venit
1184 5099 1238 5152 in
1282 5099 1499 5151 nomine
1549 5096 1781 5158 Domini,
1833 5095 2057 5148 bencdi-

489 5207 609 5248 ('lllS
639 5207 738 5248 CSI.

563 5286 724 5343 γης.
764 5288 853 5343 Ἦ.
894 5291 1029 5338 nens
1061 5282 1316 5336 Dominus
1348 5291 1394 5333 et
1435 5279 1608 5332 illuxit
1639 5279 1806 5342 nobis,
1842 5289 1948 5332 etc.
1979 5278 2060 5348 lp-

487 5396 606 5435 sum
670 5381 812 5433 enim
868 5377 1085 5437 venire,
1149 5390 1253 5426 non
1288 5381 1373 5425 est
1422 5370 1597 5425 locum
1656 5361 1872 5422 mutare
1909 5411 1922 5434 ,
1969 5371 2060 5424 sed

498 5486 784 5542 apparere,
823 5468 914 5537 qui
947 5479 1104 5521 antea
1155 5465 1377 5519 minime
1413 5463 1740 5516 videbatur:
1784 5478 1906 5514 nam
1936 5477 2059 5516 cum

493 5565 784 5619 invisibilis
816 5570 986 5624 esset,
1025 5577 1089 5614 eo
1117 5559 1259 5630 quod
1291 5568 1436 5612 esset
1475 5557 1653 5624 imago
1683 5554 1774 5608 Dei
1815 5554 2061 5607 invisibi-

486 5657 570 5719 lis,
597 5653 827 5706 formam
863 5651 1003 5705 servi
1035 5648 1397 5718 accipiens,et
1431 5643 1662 5699 Verbum
1699 5658 1826 5697 caro
1860 5643 2058 5697 factum

555 5820 572 5848 ⁷
603 5818 788 5869 Μηιιιι.
819 5833 930 5874 xxi.
963 5816 1048 5868 ιε.
1133 5816 1152 5846 ⁸
1186 5813 1332 5869 Joan.
1373 5829 1490 5877 \‘lll,
1523 5812 1608 5864 .48.

1689 5810 1708 5841 ⁹
1740 5809 1897 5862 Joan.
1933 5825 2021 5865 vn.
2059 5809 2139 5861 ΓΞ.

2170 4637 2384 4710 ἀληθῶς
2409 4639 2555 4689 ἐστιν
2587 4638 2614 4688 ὁ
2639 4633 2969 4696 αύθεντικῶς
2999 4633 3093 4684 καὶ
3133 4635 3190 4684 ὲν
3239 4631 3464 4702 ὀνόματι
3508 4631 3600 4683 τοῦ
3641 4633 3745 4682 Κυ-

2173 4729 2287 4801 ρίου
2315 4730 2623 4799 ἐρχόμενος,
2653 4728 2869 4781 πάντων
2897 4725 3001 4778 τῶν
3026 4724 3152 4794 παρ’
3185 4723 3351 4775 αὐτοῦ
3385 4723 3588 4794 ἀνδρῶν
3605 4722 3741 4792 ὁμοῦ

2170 4821 2264 4874 καὶ
2287 4819 2532 4889 ἀγγέλων
2558 4817 2891 4888 ἐληλυθότων
2919 4815 2994 4877 ὡς
3022 4815 3224 4884 Κυρίου
3261 4813 3479 4866 δούλων.
3527 4813 3742 4884 Ἀμέλει

2169 4911 2294 4964 τάδε
2321 4911 2466 4977 λέγει
2499 4909 2734 4979 Κύριος,
2782 4908 3008 4968 ἕκαστος
3031 4904 3133 4974 ἔφη
3163 4922 3173 4932 ’
3232 4905 3326 4957 καὶ
3370 4905 3596 4968 ἕκαστος
3633 4905 3743 4956 τῶν

2171 5002 2416 5069 ἀγγέλων
2439 5001 2572 5070 φησὶ
2597 5000 2731 5069 πρὸς
2756 4998 2814 5050 ὃν
2838 4997 3054 5067 ἔρχεται
3077 5015 3088 5026 ·
3136 4997 3192 5050 Ὀ
3220 4997 3426 5067 Κύριος
3452 4995 3740 5050 ἀπέστειλέ

2172 5113 2258 5164 με.
2307 5093 2444 5145 Ἀλλ’
2474 5093 2634 5154 αὐτὸς
2667 5094 2694 5143 6
2735 5093 2790 5142 ἐν
2821 5091 3041 5158 ὀνόματι
3075 5089 3279 5159 Κυρίου
3320 5087 3612 5160 ἐρχόμενος
3644 5087 3737 5142 εὐ-

2167 5188 2298 5255 λογη
2307 5186 2463 5256 μένος
2489 5183 2623 5236 ἐστί.

2241 5277 2382 5341 Θεὸς
2403 5276 2614 5342 Κύριος
2645 5271 2741 5324 καὶ
2767 5271 3067 5338 ἐπέφανεν
3097 5270 3257 5338 ἡμῖν,
3281 5287 3333 5322 κ.
3365 5287 3413 5322 τ.
3452 5270 3496 5324 ὲ.
3526 5269 3598 5323 Τὸ
3629 5269 3741 5342 γὰρ

2160 5368 2334 5420 ἐλθεῖν
2371 5366 2530 5418 αὐτὸν
2562 5365 2622 5416 οὐ
2651 5363 2812 5415 τόπον
2845 5362 2994 5413 ἐστὶν
3020 5359 3272 5430 ἀμεῖψαι,
3308 5357 3421 5411 ἀλλ’
3468 5361 3736 5432 ἐπιφανῆ-

2160 5477 2269 5522 ναι,
2299 5457 2560 5528 πρότερον
2585 5455 2682 5524 οὐχ
2701 5451 2974 5524 ὁρώμενον
2998 5468 3011 5480 ·
3053 5452 3316 5522 ὑπάρχων
3347 5449 3456 5521 γὰρ
3484 5452 3738 5519 ἀόρατος,

2159 5550 2237 5620 τῷ
2271 5545 2409 5602 εἶναι
2432 5547 2592 5600 εἰκὼν
2623 5544 2757 5598 θεοῦ
2785 5543 3040 5614 ἀοράτου,
3087 5540 3300 5612 μορφὴν
3327 5540 3512 5592 δούλου
3537 5539 3739 5602 λαϐὼν,

2161 5643 2253 5694 καὶ
2277 5640 2564 5710 γενόμενος
2602 5640 2629 5691 6
2662 5636 2832 5703 Λόγος
2857 5633 2993 5704 σὰρξ
3026 5633 3202 5704 ὤφθη,
3233 5633 3322 5700 ἵν’,
3353 5632 3493 5686 οὕτω
3528 5633 3741 5701 φανεὶς,
