4106 6406
359 353 500 409 1585

1295 348 1601 402 ΞΙέΙΛιΕΤᾹ
1651 347 1713 400 IN
1759 344 2095 401 PSALMOS.
2137 377 2201 383 --
2237 341 2431 396 PSAL
2475 341 2708 397 CXVIII.

3482 344 3503 396 1
3517 342 3615 395 586

358 473 745 544 χειραγωγήσῃ
772 471 918 540 ἡμᾶς
948 470 1035 522 διὰ
1069 469 1268 540 ταύτης
1303 471 1398 540 τῆς
1438 471 1817 539 κατανοήσεως
1858 469 1933 531 είς

2041 465 2321 536 apparuit,
2353 471 2410 518 ut
2440 463 2541 517 hoc
2577 463 2736 516 modo
2764 476 3052 531 apparens.
3074 476 3173 515 nos
3206 461 3496 514 adduceret
3525 476 3618 528 per

353 563 417 616 τὸ
457 562 546 614 καὶ
586 561 683 630 τὴν
716 561 872 626 δόξαν
903 560 1064 612 αὐτοῦ
1094 559 1387 613 Οεάσασῦαι
1416 601 1430 622 ,
1470 580 1486 610 ι
1527 559 1682 624 δόξαν
1721 559 1794 621 ὡς
1830 560 1939 612 Μο-

356 652 608 723 νογενοῦς
644 653 791 724 παρὰ
845 653 1076 724 Πατρος,
1144 654 1353 724 πλήρης
1413 653 1633 724 χάριτος
1677 653 1769 704 καὶ
1812 653 1940 722 ἀλη-

357 745 528 808 Θείας.
551 767 568 798 ι

431 841 784 905 Συστήσατε
806 837 1023 906 ἑορτὴν
1060 838 1129 889 ἐν
1165 835 1285 902 τοῖς
1309 834 1772 895 πυκάζοι·σιν,κ.
1808 853 1854 888 τ.
1889 837 1933 888 ὲ.

358 926 516 984 Οὗτοι
559 931 910 995 πυκάζουσιν,
936 931 984 981 οἱ
1022 929 1240 998 φύλλοις
1271 928 1361 981 καὶ
1383 931 1613 999 καρποῖς
1639 927 1934 998 κομῶντεςο

357 1020 577 1091 φύλλοις
620 1020 719 1092 μὲν
755 1025 866 1083 τοῖς
898 1019 1221 1090 καθήκουσι,
1267 1023 1498 1090 καρποῖς
1531 1020 1586 1071 δὲ
1643 1021 1764 1082 ταῖς
1813 1020 1939 1090 ἀρε-

355 1115 476 1175 ταῖς
499 1131 510 1141 ⁸
550 1114 640 1165 καὶ
668 1113 776 1184 γάρ
813 1132 832 1164 ι
858 1113 918 1166 τὸ
951 1113 1144 1182 φύλλον
1179 1112 1356 1166 αὐτῶν
1385 1112 1482 1164 οὐκ
1507 1113 1934 1182 ἁπορῤυήσεταιε

359 1203 452 1253 καὶ
497 1201 587 1253 τὸν
645 1203 855 1273 καρπὸν
905 1201 1082 1254 αὐτῶν
1121 1201 1380 1254 δώσουσιν
1408 1203 1465 1254 ἐν
1492 1201 1666 1272 καιρῷ
1700 1201 1934 1266 abi-(Trin

357 1294 446 1346 διὰ
476 1294 536 1346 τὺ
567 1295 892 1365 γεγενῆσθαι
924 1295 1119 1358 αὐτοὺς
1148 1314 1164 1344 ι
1197 1294 1330 1361 ξύλα
1361 1293 1744 1363 πεφυτευμένα
1790 1294 1939 1365 παρὰ

358 1385 458 1448 τὰς
491 1385 756 1449 διεξόδους
779 1385 887 1438 τῶν
920 1385 1144 1439 ὑδάτων.
1196 1408 1212 1435 ο

438 1474 545 1529 Τοῦ
568 1473 777 1528 αὑτοῦ.
826 1494 844 1527 ι
887 1476 1208 1541 Πυκάζοντα
1239 1495 1255 1526 ι
1291 1473 1441 1528 δὲτὰ
1495 1472 1760 1545 χερουϐίμ
1808 1491 1938 1543 φησι

358 1565 426 1618 τὰ
459 1566 841 1630 ὲπισκιάζοντα
873 1568 932 1620 τὸ
970 1568 1304 1638 ἱλαστήριον·
1361 1564 1519 1619 τοῦτο
1567 1565 1674 1634 γάρ
1712 1567 1827 1616 ἐστι
1881 1564 1940 1616 τὸ

366 1677 382 1706 ι
420 1656 743 1721 πυκάζουσι.
791 1677 806 1709 ι
839 1658 1108 1722 Πυκάζειν
1143 1658 1250 1727 γὰρ
1281 1656 1338 1709 τὸ
1365 1657 1606 1708 σκέπειν.
1634 1655 1714 1707 Τὰ
1751 1671 1941 1724 χερου-

359 1747 459 1821 σιμ
489 1749 544 1802 δὲ
567 1750 798 1802 ἔσκεπον
831 1753 954 1812 ταῖς
989 1747 1214 1821 πτέρυξι
1234 1750 1294 1802 τὸ
1321 1749 1652 1819 ἱλαστήριον.

2042 560 2183 612 hanc
2225 556 2593 626 cognitionem
2645 553 2712 607 ad
2769 553 2994 622 gloriam
3028 567 3250 623 quoque
3285 553 3455 622 ipsius
3487 567 3615 606 cou-

2043 646 2407 718 templandam
2433 686 2448 711 ,
2490 665 2508 698 ι
2569 644 2795 715 gloriam
2841 647 2998 713 quasi
3043 644 3317 714 Unigeniti
3351 659 3380 697 α
3415 643 3577 696 Patre
3605 682 3618 702 .

2042 741 2257 811 plemnn
2297 739 2489 809 gratiae
2518 748 2574 792 et
2602 736 2851 791 veritatis
2885 736 2948 788 '°.
2998 755 3014 786 ι

2112 830 2241 884 lum.
2285 828 2604 883 Constituile
2652 827 2788 879 diem
2849 825 3132 879 solemnem
3188 825 3240 876 in
3302 823 3598 876 condensis.

2049 918 2111 971 lli
2144 919 2483 972 condensam
2511 917 2601 986 qui
2651 915 2793 969 foliis
2824 923 2878 969 et
2917 913 3188 969 fructibus
3211 926 3504 978 ornantur;
3535 909 3619 965 io-

2042 1011 2126 1065 liis
2154 1010 2400 1080 quidem,
2434 1010 2486 1063 id
2533 1018 2617 1063 est
2651 1006 2880 1071 olIiciis,
2920 1005 3188 1060 fructibus
3229 1020 3380 1069 vero,
3410 1005 3513 1059 hoc
3535 1011 3612 1058 est

2032 1103 2339 1158 virtutibus.
2371 1104 2582 1158 Etenim
2625 1122 2642 1153 ι
2688 1103 2872 1156 folium
2915 1117 3100 1155 eorum
3149 1116 3256 1156 non
3285 1100 3515 1161 detinet,
3549 1109 3604 1150 et

2038 1197 2274 1250 fructum
2311 1213 2467 1250 suum
2515 1196 2718 1249 dabunt
2749 1195 2802 1247 in
2843 1205 3080 1263 tempore
3116 1209 3234 1258 suo,
3270 1212 3288 1242 ›
3323 1201 3604 1261 propterea

2037 1289 2182 1358 quod
2210 1297 2336 1343 sunt
2367 1287 2464 1357 ipsi
2497 1308 2514 1339 ι
2550 1289 2688 1357 ligna
2715 1288 2948 1356 plantata
2973 1303 3128 1341 secus
3151 1287 3410 1340 decursus
3441 1298 3607 1350 aqua-

2041 1397 2160 1435 rum
2197 1383 2259 1434 “.
2297 1400 2314 1432 ι

2117 1461 2394 1532 Ejusdem.
2457 1482 2475 1515 ι
2537 1464 2820 1519 (Iondensa
2875 1482 2893 1516 ι
2954 1471 3112 1518 vocat
3141 1461 3463 1524 cherubim,
3503 1473 3618 1528 qua:

2042 1554 2478 1623 propitiatorium
2518 1555 2964 1621 obumbrabant;
3006 1557 3111 1610 hoc
3162 1557 3309 1609 enim
3352 1564 3438 1608 est
3487 1570 3504 1604 ι
3565 1553 3620 1606 in

2045 1646 2352 1700 condensis.
2391 1665 2409 1698 ι
2450 1647 2806 1702 Condensare
2855 1649 3002 1703 enim
3031 1657 3112 1702 est
3153 1658 3337 1716 tegere
3370 1666 3382 1702 :
3418 1648 3620 1702 cheru-

2042 1739 2151 1794 bim
2183 1751 2363 1794 autem
2391 1741 2493 1795 alis
2527 1742 2780 1811 tegebant
2812 1742 3274 1811 propitiatorium.

433 1841 575 1907 Θεός
591 1860 712 1910 μου
731 1839 788 1894 εἴ
813 1842 915 1907 σὺ,
935 1842 1031 1895 καὶ
1056 1840 1576 1910 ἐξομολογιὶσομαί
1593 1855 1710 1901 σοι,
1740 1857 1793 1891 κ.
1817 1855 1866 1891 τ.
1889 1839 1932 1890 ὲ.

2113 1832 2277 1888 Vens.
2315 1832 2404 1888 28.
2442 1833 2581 1888 Deus
2612 1850 2757 1888 meus
2783 1851 2836 1888 es
2861 1844 2938 1898 tu,
2967 1845 3014 1887 et
3045 1834 3334 1903 conﬁtebor
3364 1834 3479 1892 tibi.
3506 1843 3615 1886 etc.

373 1929 633 1982 Ἐνταῦθα
671 1929 975 1993 δείκνυσιν,
1011 1931 1090 1983 ὅτι
1133 1929 1224 1980 καὶ
1256 1926 1425 1997 χωρὶς
1453 1926 1560 1978 τῶν
1611 1922 1936 1994 εὐεργεσιῶν

359 2012 439 2065 δεῖ
459 2014 804 2085 εὐχαριστεῖν
828 2014 906 2085 τῷ
944 2015 1081 2085 Θεῷ,
1129 2013 1223 2069 καὶ
1253 2011 1339 2066 διὰ
1380 2013 1541 2066 τοῦτο
1590 2012 1749 2065 αὐτὸν
1788 2009 1938 2076 δοξὰ-

358 2101 492 2167 ζειν,
523 2105 611 2157 διὰ
632 2105 728 2176 τὴν
763 2106 1134 2177 μεγαλοσύνην
1159 2106 1322 2159 αὐτοῦ
1356 2107 1452 2177 τῆς
1483 2106 1689 2169 οὐσίας,
1713 2104 1799 2158 διὰ
1839 2105 1937 2174 τὴν

356 2197 666 2268 ἀπόρρητον
698 2196 874 2262 δόξαν.
896 2199 1066 2251 Τοῦτο
1094 2199 1223 2267 γοῦν
1249 2199 1341 2251 καὶ
1373 2197 1605 2251 ἐνταῦθα
1621 2198 1935 2258 αἰνίττεται,

357 2286 527 2340 είπὼν
557 2289 654 2352 τὰς
698 2289 1018 2361 εὐεργεσίας
1070 2290 1136 2354 ἃς
1196 2290 1555 2362 εὐηργετήϐη.
1615 2291 1722 2342 Καὶ
1771 2290 1938 2359 χωρὶς

356 2380 578 2441 τούτων,
610 2381 762 2451 φησὶ,
793 2382 886 2434 καὶ
917 2383 1296 2453 εὐχαριστήσω
1325 2385 1416 2436 καὶ
1451 2382 1936 2452 ὲξομολογήσομαι,

356 2475 439 2526 ὅτι
463 2473 700 2526 τοιοῦτον
732 2474 837 2544 ἔχω
854 2477 1156 2548 Δεσπότην,
1198 2477 1370 2541 οὕτως
1407 2476 1630 2546 ὑψηλὸν,
1661 2474 1804 2528 οὕτω
1852 2476 1939 2546 μὲ-

356 2581 492 2633 γαν,
526 2563 694 2628 οὕτως
753 2565 1005 2636 ἀόρατον,
1059 2569 1466 2640 ἀκατάληπτον.
1520 2568 1593 2621 Τὸ
1629 2569 1682 2620 δὲ
1726 2563 1944 2635 ὐψώσω,

364 2677 380 2708 ι
417 2658 624 2724 δοξάσω
662 2678 679 2710 ι
711 2659 846 2712 ἐστί.

439 2840 921 2910 Ἐξομολογεῖσθε
954 2841 1032 2908 τῷ
1061 2846 1170 2912 Κυι
1188 2845 1273 2911 [ῳ.
1309 2844 1395 2896 ὄτι
1430 2843 1681 2913 ἀγαθὸς,
1712 2861 1763 2896 κ.
1808 2861 1856 2896 τ.
1887 2844 1933 2896 ὲ.

355 2932 428 2984 Οὐ
466 2932 642 3002 μάτην
674 2933 736 2984 ὲκ
768 2933 1022 3004 δευτέρου
1051 2935 1192 2988 κατὰ
1218 2936 1306 2987 τὸν
1343 2936 1586 3005 παρόντα
1609 2935 1820 3004 ψαλμὸν
1845 2934 1934 2987 τὸν

358 3023 535 3094 στίχον
567 3026 593 3077 6
616 3023 914 3095 Ψαλμῳδὸς
943 3026 1220 3092 ὲνὲταξεν·
1254 3030 1400 3097 ἡμᾶς
1431 3029 1487 3081 δὲ
1532 3026 1789 3090 πολλάκις
1839 3028 1936 3097 τὴν

359 3115 528 3186 αὐτὴν
555 3115 696 3188 ᾠδὴν
757 3118 982 3188 μελετᾷν
1016 3119 1122 3189 ἄρα
1175 3118 1514 3189 βουλόμενος,
1559 3121 1665 3180 ἵνα,
1725 3136 1927 3188 μεμνηι

357 3208 505 3277 μένοι
530 3209 613 3271 τίς
639 3209 792 3279 ἡμῶν
821 3211 851 3280 ἡ
881 3211 1121 3282 σωτηρία
1154 3211 1388 3279 ἐγένετο,
1427 3213 1621 3282 μηκέτι
1656 3213 1791 3282 πρὸς
1842 3211 1933 3264 τὸν

357 3298 548 3369 ἐχθρὸν
592 3299 1139 3371 παλινδρομήσωμεν,
1176 3302 1347 3371 ὅσπερ
1380 3303 1510 3370 ἡμῖν
1539 3304 1616 3365 είς
1662 3300 1933 3354 ἀπώλειαν

357 3391 597 3460 γέγονεν.

897 3572 1188 3628 ΨΑΛΜΟΣ
1234 3576 1385 3628 Plll'.

428 3660 710 3730 Μακάριοι
740 3666 794 3717 οἱ
822 3664 1046 3734 ἄμωμοι
1082 3667 1152 3719 ἐν
1184 3665 1328 3730 ὀδῷ,
1361 3684 1414 3719 κ.
1437 3685 1486 3719 τ.
1520 3668 1565 3720 ὲ.
1595 3667 1676 3720 Τὰ
1700 3669 1934 3735 στοιχεῖα

350 3751 453 3821 τῆς
481 3753 654 3825 ἀρχῆς
701 3755 810 3808 τῶν
854 3756 1028 3824 λόγων
1059 3756 1151 3809 τοῦ
1191 3758 1324 3810 Θεοῦ
1357 3761 1384 3812 6
1418 3759 1556 3822 θεῖός
1584 3761 1698 3812 ἐστι
1741 3758 1930 3820 τόποςο

355 3845 484 3914 περ)⁸
514 3837 588 3896 ὦν
618 3846 712 3899 καὶ
748 3846 1102 3916 διαλαμϐάνει
1130 3849 1157 3899 6
1196 3848 1484 3910 ἐκατοστὸς
1538 3848 1934 3901 ὀκτωκαιδέκα-

349 3953 442 3997 τος
470 3935 701 4007 ψαλμδς,
739 3938 880 3991 κατὰ
923 3936 1188 4008 Ἐϐραίων
1239 3943 1472 4009 στοιχεῖα
1521 3942 1927 4012 γεγραμμένος,

352 4026 493 4080 ὥστε
518 4030 640 4094 τοὺς
672 4030 768 4100 μὲν
817 4029 1065 4102 πρώτους
1101 4029 1260 4083 αὐτοῦ
1324 4031 1540 4100 στίχους
1593 4029 1728 4083 εἶναι
1786 4031 1930 4084 ὀκτὼ

351 4119 461 4173 ἀπὸ
494 4119 585 4172 τοῦ
625 4120 820 4190 Ἀλεφ·
858 4122 885 4174 ὃ
910 4123 1056 4173 ἐστιν
1093 4121 1233 4192 ἀρχὴ
1257 4121 1361 4174 τῶν
1396 4122 1523 4190 παρ’
1553 4121 1734 4183 αὐτοῖς
1792 4139 1932 4174 στοι-

353 4207 548 4278 χείων·
584 4209 710 4272 τοὺς
748 4209 803 4262 δὲ
847 4210 1130 4280 δευτέρους
1162 4209 1304 4263 ὀκτὼ
1340 4211 1446 4264 ἀπὸ
1482 4211 1610 4280 Βὴθ,
1660 4212 1752 4263 καὶ
1791 4211 1933 4264 οὕτω

2044 1925 2140 1981 llic
2166 1927 2427 1990 ostendit,
2458 1927 2621 1980 etiam
2674 1929 2881 1996 absque
2930 1927 3210 1982 bcneliciis
3242 1928 3450 1995 gratias
3489 1940 3619 1987 csse

2041 2019 2282 2089 agendas
2335 2017 2472 2082 Deo,
2524 2019 2812 2088 ipsumque
2863 2028 3154 2088 propterea
3207 2017 3620 2088 gloriﬁcaudunt

2043 2119 2268 2181 pr0pter
2319 2110 2664 2179 maiestatem
2718 2118 2924 2162 natura:
2955 2109 3095 2178 ejus,
3140 2118 3360 2178 promer
3385 2109 3617 2178 gloriam

2042 2200 2396 2257 inell'abilem.
2418 2199 2530 2255 lIoc
2562 2201 2725 2269 igitur
2751 2199 2915 2253 etiam
2938 2199 3025 2252 bic
3058 2199 3618 2266 insinuat,postquam

2040 2292 2318 2346 enarravit
2349 2291 2614 2345 beneﬁcia
2643 2288 2846 2359 quibus
2879 2287 3104 2343 alTectus
3141 2289 3258 2342 luit.
3289 2289 3470 2342 Etiam
3500 2288 3623 2342 sine

2042 2385 2147 2449 his,
2188 2383 2389 2452 inquit,
2430 2383 2640 2453 gratias
2693 2398 2846 2452 agam
2897 2391 2949 2434 et
2980 2381 3302 2444 confitebor,
3349 2382 3495 2451 quod
3541 2390 3621 2434 ta-

2043 2474 2144 2528 lem
2180 2475 2410 2528 habeam
2448 2474 2752 2538 Domiuum,
2799 2474 2935 2527 adeo
2980 2473 3290 2537 sublimem,
3328 2474 3464 2528 adeo
3498 2489 3617 2528 ma-

2043 2580 2202 2633 gnum
2234 2605 2248 2629 ,
2305 2567 2440 2621 adeo
2488 2565 2814 2620 invisibilem
2869 2575 2924 2620 et
2974 2565 3615 2634 incompreheusibilem.

2042 2652 2176 2708 Illud
2225 2665 2404 2710 autem
2444 2675 2461 2708 ι
2504 2656 2758 2711 exaltabo
2794 2676 2812 2708 ι
2862 2655 3003 2709 idem
3040 2666 3125 2711 est
3171 2658 3314 2725 quod
3350 2675 3368 2708 ι
3409 2657 3620 2728 gloriﬁ-

2043 2747 2202 2802 cabo.
2261 2766 2280 2800 »
3487 2806 3493 2811 _

2119 2839 2278 2892 Vens.
2304 2838 2392 2893 29.
2423 2838 2759 2906 Conﬁtentini
2782 2839 3280 2910 Domino,quouiant
3305 2841 3491 2904 bonus,
3513 2857 3620 2900 etc.

2043 2930 2207 3001 796
2248 2930 2363 2984 Non
2402 2943 2604 2984 temere
2638 2929 2928 2985 Psalmista
2972 2933 3212 2986 secundo
3262 2933 3406 2985 hunc
3450 2934 3622 2988 versi-

2040 3023 2218 3077 Culum
2267 3023 2390 3077 huic
2443 3023 2652 3092 psalmo
2693 3022 2965 3086 inseruit,
3005 3023 3190 3078 volens
3233 3026 3484 3079 videlicet
3520 3041 3618 3080 nos

2042 3114 2354 3184 frequenter
2424 3113 2528 3168 Itoc
2597 3113 2864 3167 canticum
2933 3114 3227 3178 meditari,
3300 3127 3356 3168 ut
3428 3119 3617 3172 menti--

2045 3205 2286 3261 nerimus
2338 3206 2461 3276 quis
2516 3206 2659 3261 salus
2712 3216 2897 3261 nostra
2929 3209 3223 3271 exstiterit,
3280 3224 3451 3277 tthtle
3499 3227 3617 3263 am-

2045 3297 2189 3369 plius
2235 3299 2301 3353 ad
2351 3298 2630 3353 inimicum
2689 3313 3040 3354 recurramus
3099 3302 3189 3368 qui
3243 3299 3395 3356 nobis
3449 3303 3618 3358 exitio

2047 3391 2170 3444 fuit.

2423 3633 2426 3636 ,
2533 3572 2856 3629 P.-'ALMUS
2901 3573 3128 3629 CXVIII.

2123 3665 2292 3720 Vens.
2333 3665 2375 3719 I.
2416 3665 2560 3719 Beati
2600 3667 2927 3719 immaculati
2978 3668 3029 3719 in
3066 3667 3166 3730 via,
3196 3675 3300 3720 etc.
3341 3665 3619 3720 Elementa

2045 3759 2295 3830 principii
2329 3775 2640 3812 sermonum
2689 3759 2778 3814 Dei
2811 3759 3028 3813 divinus
3059 3767 3143 3813 est
3185 3758 3332 3812 locus
3366 3775 3378 3810 :
3407 3759 3471 3810 de
3501 3759 3620 3825 qni-

2046 3852 2144 3903 bus
2201 3851 2364 3904 etiam
2415 3849 2638 3904 disserit
2698 3850 3032 3904 centesimus
3099 3850 3340 3904 decimus
3391 3858 3621 3900 octavus

2041 3943 2299 4010 psalmus,
2333 3943 2424 4010 qui
2466 3944 2764 3997 secundum
2811 3942 3162 3996 I‘Iebramrum
3187 3943 3453 3996 elementa
3481 3940 3615 3992 scri-

2040 4043 2162 4100 ptus
2187 4043 2294 4097 est,
2345 4034 2416 4086 ita
2449 4041 2508 4085 ut
2558 4033 2714 4102 primi
2765 4033 2882 4103 ejus
2923 4044 3046 4088 octo
3088 4033 3348 4088 versiculi
3386 4033 3494 4085 sint
3551 4032 3618 4083 ab

2039 4125 2209 4194 Aleph
2247 4145 2258 4178 :
2295 4141 2416 4194 qua:
2448 4125 2627 4179 littera
2657 4126 2798 4192 apud
2852 4126 3001 4195 ipsos
3034 4124 3360 4194 principium
3388 4135 3471 4176 est
3499 4123 3612 4175 ele—

2042 4226 2342 4270 mentorum
2372 4231 2386 4280 ;
2415 4226 2709 4284 sequentes
2735 4229 2863 4269 vero
2899 4223 3023 4268 octo
3053 4214 3164 4267 sint
3196 4228 3224 4264 a
3255 4211 3406 4271 Belli,
3442 4220 3496 4264 ct
3533 4212 3615 4260 sic

352 4297 606 4367 καθεξῆς.
643 4299 751 4353 Καὶ
794 4301 1033 4372 περιέχει
1070 4319 1132 4370 γε
1165 4305 1192 4355 6
1227 4303 1440 4372 ψαλμὺς
1483 4296 1635 4365 οὗτος
1680 4303 1798 4354 ὅλον
1839 4302 1932 4354 τὸν

2041 4307 2312 4375 deinceps.
2343 4307 2520 4375 Atque
2549 4306 2634 4360 hic
2661 4307 2896 4375 psalmus
2922 4307 3235 4360 universum
3265 4303 3439 4358 locum
3495 4318 3615 4355 mo-

351 4387 516 4440 τόπον
553 4389 642 4442 τὸν
681 4391 867 4460 ἠθικὸν
903 4393 1038 4463 μετὰ
1076 4394 1254 4464 πάσης
1286 4393 1514 4461 Θεωρίας
1546 4393 1642 4462 τῆς
1669 4393 1792 4464 περὶ
1824 4392 1930 4444 τῶν

352 4479 627 4552 διαφόρων
669 4485 725 4535 ὲν
754 4486 864 4548 τοῖς
909 4485 1119 4551 ἠθικοῖς
1156 4485 1342 4548 τόποις
1388 4485 1669 4554 ὀνομάτων
1703 4486 1759 4536 ἐν
1811 4487 1930 4547 ταῖς

356 4570 619 4640 Γραςαῖς.
669 4575 862 4627 Ίστὲον
917 4576 971 4627 δὲ
1025 4577 1099 4640 ὡς
1144 4577 1271 4629 ἄλλο
1327 4577 1425 4645 μὲν
1478 4577 1660 4646 νόμος,
1704 4575 1830 4631 ἄλλο
1875 4576 1930 4627 δὲ

349 4660 648 4734 δικαίωμα,
709 4665 836 4718 ἄλλο
897 4668 1244 4738 πρόσταγμα,
1288 4668 1414 4721 ἄλλο
1450 4670 1766 4740 μαρτύριον,
1805 4669 1932 4723 ἄλλο

353 4757 548 4826 κρῖμα.
587 4757 685 4811 Διὰ
716 4758 872 4811 τοῦτο
917 4760 972 4812 δὲ
1012 4760 1244 4812 ἐνταῦθα
1283 4760 1350 4812 τὰ
1395 4765 1630 4831 στοιχεῖα
1673 4762 1932 4833 προτέτα-

353 4863 498 4909 κται,
535 4849 620 4900 ἴνα
641 4850 853 4920 δηλωθῇ
884 4854 993 4914 τοῖς
1027 4852 1459 4921 ἐντυγχάνουσιν,
1496 4854 1577 4905 ὅτι
1602 4853 1668 4905 τὰ
1696 4854 1932 4922 στοιχεῖά

352 4939 558 5008 ἐστινὴ
597 4940 796 5007 γνῶσις
829 4942 920 4994 τοῦ
959 4943 1150 5011 τί,οικοῦ
1193 4945 1380 4997 τόπου.
1438 4943 1593 4998 Οὕτω
1626 4946 1718 4998 καὶ
1741 4947 1789 4996 οἱ
1825 4953 1930 5015 ρια¹

352 5030 447 5083 καὶ
479 5032 579 5101 ρι6⁹
609 5032 842 5104 ψαλμοὶ,
878 5036 998 5088 τινα
1031 5037 1227 5106 τρόπον
1262 5039 1503 5090 κάκεῖνοι
1543 5039 1722 5107 ὴοικοὶ
1758 5039 1928 5102 ὄντες,

351 5116 496 5191 εἶχον
521 5124 618 5194 τὴν
648 5127 824 5197 ἀρχὴν
851 5125 958 5178 τῶν
993 5128 1186 5196 στίχων
1221 5129 1326 5180 άπὸ
1359 5129 1465 5180 τῶν
1496 5131 1623 5199 παρ’
1664 5130 1930 5200 Ἑϐραίοις

354 5213 652 5281 στοιχείων.
699 5216 848 5268 Ἐκεῖ
884 5215 981 5286 μὲν
1004 5212 1096 5269 οὖν
1127 5218 1158 5286 ἡ
1198 5218 1531 5285 στοιχείιυσις
1580 5219 1676 5270 οὐκ
1713 5219 1931 5271 ἐκτέτα-

351 5321 462 5366 ται,
496 5306 630 5359 ἀλλὰ
657 5308 744 5361 διὰ
782 5308 1026 5379 βραχέων
1055 5309 1430 5377 παραδέδοται.
1481 5309 1676 5361 Ἰστέον
1732 5310 1926 5372 τοίνυν,

353 5395 543 5467 ὥσπερ
575 5398 729 5460 ἄλλα,
783 5399 924 5451 οὕτω
978 5401 1070 5452 καὶ
1127 5399 1297 5452 ταῦτα
1345 5402 1401 5452 ὲν
1457 5401 1732 5472 Πνεύματι
1791 5404 1928 5473 ἁγίῳ

355 5487 682 5556 γεγράφθαι,
713 5489 868 5557 λόγον
894 5507 950 5542 τε
988 5490 1131 5560 ἔχειν
1165 5489 1262 5541 οὐκ
1288 5491 1776 5560 εὐκαταφρόνητον.
1823 5494 1928 5545 Καὶ

358 5578 562 5646 ἡαῐτία
608 5580 699 5633 τοῦ
748 5581 976 5635 ἕκαστον
1030 5581 1135 5635 τῶν
1191 5584 1466 5651 στοιχείων
1529 5584 1749 5647 ὀκτάκις
1801 5589 1926 5656 παρ’

444 5753 483 5775 "’
515 5757 668 5807 Joan.
709 5770 762 5816 ι,
806 5755 886 5808 Η.
971 5758 1006 5787 ¹¹
1059 5757 1196 5812 I’sal.
1242 5774 1276 5812 ι.

2040 4398 2204 4452 ralem
2253 4397 2630 4468 complectitur
2663 4413 2784 4449 cum
2822 4397 2967 4450 omni
3021 4394 3478 4464 contemplatione
3510 4408 3607 4446 no—

2039 4489 2242 4541 minum
2291 4502 2410 4557 qua:
2446 4488 2498 4542 in
2530 4487 2662 4542 locis
2713 4487 3007 4541 litoralibus
3043 4487 3260 4541 adhibet
3305 4485 3608 4552 Scriptura.

2039 4577 2327 4632 Sciendum
2373 4588 2553 4633 autem
2604 4577 2876 4648 quomodo
2924 4577 3068 4632 aliud
3114 4577 3333 4645 quidem
3385 4579 3456 4630 sit
3501 4575 3612 4638 lcx,

2037 4671 2182 4724 aliud
2215 4686 2342 4724 vero
2370 4669 2690 4738 justiticatio
2715 4711 2730 4736 ,
2761 4671 2908 4726 aliud
2954 4679 3306 4740 praeceptum,
3340 4667 3486 4722 aliud
3521 4678 3605 4722 te-

2038 4763 2374 4827 stimonium,
2407 4763 2551 4816 aliud
2585 4763 2868 4830 judicium.
2898 4760 3106 4817 Idcirco
3133 4769 3314 4814 autem
3337 4759 3610 4814 elementa

2041 4853 2128 4907 hic
2155 4853 2440 4922 przeposita
2471 4863 2617 4916 sunt,
2644 4863 2700 4904 ut
2726 4852 3026 4921 legentibus
3066 4852 3468 4905 demonstretur
3501 4849 3615 4903 ele-

2041 4954 2221 4998 menta
2253 4960 2373 5000 esse
2405 4946 2626 5000 moralis
2654 4945 2752 4998 loci
2789 4944 3099 4998 scientiam.
3145 4942 3238 4997 Sic
3269 4944 3433 4997 etiam
3467 4942 3614 5011 psal-

2040 5035 2110 5088 mi
2167 5037 2503 5090 centesimus
2547 5037 2865 5090 umlecimus
2895 5045 2950 5089 et
2979 5035 3312 5090 centesimus
3357 5035 3613 5089 duodeci‘

2039 5144 2179 5193 mus,
2209 5144 2329 5182 cum
2372 5137 2430 5182 et
2470 5128 2545 5182 illi
2584 5129 2984 5197 quodammodo
3029 5127 3263 5182 morales
3290 5128 3422 5190 sint,
3461 5128 3609 5194 priu-

2038 5220 2236 5289 cipium
2287 5221 2678 5274 versiculorum
2730 5221 3038 5274 habuerunt
3071 5221 3140 5272 ab
3183 5219 3466 5272 elementis
3503 5217 3606 5270 Ile-

2039 5314 2325 5368 brmorum.
2359 5313 2432 5367 lbi
2483 5314 2644 5380 igitur
2672 5313 3020 5368 elementalio
3068 5328 3171 5364 non
3221 5321 3299 5365 est
3332 5311 3600 5378 exposita,

2039 5405 2132 5458 sed
2176 5406 2416 5459 breviter
2454 5407 2671 5475 quidem
2710 5406 2927 5459 tradita.
2980 5404 3269 5457 Sciendum
3315 5403 3477 5474 igitur
3525 5407 3600 5456 uti

2037 5494 2142 5548 alia
2172 5534 2186 5559 ,
2233 5495 2311 5550 sic
2353 5505 2407 5549 et
2436 5497 2548 5551 hanc
2577 5497 2629 5550 in
2672 5495 2876 5563 Spiritu
2907 5503 3096 5547 sancto
3119 5493 3319 5561 scripta
3349 5505 3470 5545 esse
3499 5531 3514 5553 ,
3551 5503 3606 5546 et

2041 5587 2260 5642 minimc
2313 5590 2760 5644 contemnendam
2827 5588 3026 5642 habere
3079 5585 3362 5639 rationem.
3425 5584 3603 5654 Atque
