4106 6410
521 287 657 346 ίῧϐἷ

517 413 630 468 hee
663 423 744 468 est
777 430 939 470 causa
987 430 1088 470 cur
1117 417 1326 486 singula
1375 417 1640 472 elementa
1674 419 1846 473 octies
1887 419 1954 472 ab
1987 419 2088 474 lle-

518 513 678 567 brmis
717 513 864 568 dicta
890 513 1000 566 sint
1041 513 1095 568 in
1125 514 1226 568 hoc
1255 514 1486 581 psalmo.
1523 514 1656 568 Veni
1689 515 1855 584 igitur
1877 515 1945 568 ad
1979 529 2084 568 nu-

517 615 724 656 merum
777 603 1144 664 octonarium.
1185 611 1238 658 et
1285 604 1456 658 sicubi
1495 605 1548 657 in
1583 604 1866 674 Scriptum
1913 607 2088 658 nomi-

515 705 674 750 natus
717 705 822 764 est,
855 697 1203 768 apprehende
1233 697 1410 758 illum.
1434 707 1488 752 et
1517 699 1638 751 vide
1669 699 1734 752 ad
1765 699 1898 767 quid
1940 699 2086 752 dica-

513 792 619 848 tur,
649 797 812 855 atque
845 790 950 844 erit
983 789 1080 843 tibi
1125 789 1274 844 utilis
1319 791 1406 844 hic
1461 805 1646 844 sermo
1678 790 1747 844 ad
1775 789 2082 854 sciendum,

511 879 931 948 unumquodque
954 879 1280 934 elementum
1313 880 1714 950 perfectionem
1751 896 1874 936 esse
1919 881 2081 936 simul

507 975 562 1022 et
613 983 921 1025 numerum.
973 970 1202 1038 Quando
1235 982 1415 1028 autem
1465 973 1690 1041 perfecti
1748 973 2083 1028 evaserimns

509 1057 561 1111 in
593 1059 898 1125 elementis,
929 1065 1272 1132 septenarius
1305 1063 1462 1118 nobis
1494 1080 1752 1117 numerus
1784 1062 2080 1132 prtnferen—

507 1151 631 1214 dus,
659 1153 786 1222 quia
809 1154 1068 1208 nimirum
1101 1157 1186 1211 hic
1216 1171 1311 1224 per
1340 1157 1625 1211 materiam
1656 1156 1969 1226 perﬁcitur;
2006 1158 2082 1210 si-

505 1245 724 1313 quidem
755 1247 1100 1314 septenarius
1145 1249 1358 1318 signum
1403 1257 1485 1302 est
1519 1249 1791 1304 crassitici
1821 1249 2080 1302 materia-

506 1335 606 1400 lis;
647 1337 960 1392 octonarius
989 1353 1118 1392 vero
1167 1346 1343 1393 status
1385 1339 1762 1393 immaterialis
1791 1349 1950 1409 atque
1981 1355 2079 1408 po-

505 1425 658 1480 tioris
694 1426 1018 1496 principium
1065 1437 1173 1482 est.
1209 1427 1265 1482 Si
1319 1429 1463 1484 enim
1517 1437 1574 1482 ut
1611 1429 1899 1497 plurimum
1935 1430 2068 1482 dici-

505 1531 629 1572 mus
679 1521 994 1574 sextcnario
1041 1535 1265 1574 numero
1313 1521 1596 1574 materiam
1655 1521 1836 1574 mundi
1891 1520 2072 1575 habitu

503 1611 750 1676 indicari,
782 1625 834 1666 at
861 1615 1010 1667 illum
1047 1615 1264 1684 quidem
1296 1615 1360 1666 ad
1397 1617 1642 1669 materia:
1685 1616 2072 1686 integritatem,

503 1703 646 1758 hunc
690 1721 816 1760 vero
849 1707 912 1759 ad
945 1707 1274 1760 habitnalem
1324 1705 1616 1760 referimus
1656 1708 2070 1777 perfectionem,

497 1797 796 1850 secundum
845 1812 1005 1866 quam
1040 1798 1162 1866 quis
1193 1799 1386 1852 animm
1419 1799 1656 1852 maculas
1699 1800 1964 1870 abstergit
2007 1811 2070 1855 'et

501 1887 810 1943 mundatur.
845 1879 1152 1958 Antequam
1202 1891 1348 1943 enim
1395 1891 1605 1944 veniret
1631 1899 1828 1945 octava
1857 1892 2066 1946 Domini

494 1969 620 2032 Jesu
645 1978 842 2032 Christi
864 1979 1000 2042 dies,
1019 1989 1166 2034 totus
1189 1980 1424 2034 mundus
1459 1980 1704 2049 impurus
1720 1989 1834 2034 erat
1861 1991 1912 2034 et
1933 1997 2070 2050 pra:-

493 2068 988 2137 pntiatus;quando
1005 2082 1182 2123 autem
1207 2080 1396 2124 octava
1417 2071 1836 2125 resurrectionis
1865 2071 1992 2125 Chri
2031 2071 2066 2126 ti

496 2161 615 2213 dies
645 2160 886 2228 advenit,
939 2161 1228 2215 confestim
1277 2176 1470 2216 omnes
1503 2163 1746 2216 muntlati
1779 2177 1968 2216 sumus
2015 2163 2064 2217 in

495 2253 911 2308 circumcisione
938 2253 1164 2317 Christi,
1197 2254 1500 2322 consepulti
1555 2261 1610 2308 et
1663 2269 2064 2324 courcsnrgen-

493 2355 574 2398 tes
602 2345 673 2408 ei,
705 2353 760 2396 ut
788 2345 1165 2415 aitApostolus
1193 2347 1254 2397 ι’.
1291 2345 1454 2416 79⁸1
1476 2345 1608 2400 Cum
1639 2345 1802 2414 igitur
1833 2361 1928 2414 per
1957 2346 2066 2401 ele-

495 2437 882 2491 mentationem
929 2438 1110 2492 anima
1163 2447 1348 2493 nostra
1395 2438 1679 2506 expietur,
1721 2439 1846 2492 dum
1883 2455 2065 2492 mora-

493 2525 597 2580 lem
627 2527 806 2581 locum
839 2529 1221 2596 perdiscimus.
1253 2539 1308 2582 et
1351 2530 1402 2582 in
1437 2531 1662 2584 scientia
1707 2531 1824 2600 ejus
1852 2532 2054 2600 pertici-

493 2629 635 2682 mur,
664 2618 872 2672 idcirco
925 2620 1418 2686 impraesentiarum
1468 2635 1725 2674 numerus
1749 2624 2062 2678 octonarius

492 2705 544 2762 in
575 2709 802 2778 singulis
825 2710 1112 2765 elementis
1143 2711 1472 2764 continetur.
1500 2711 1685 2782 Itaque
1711 2715 1762 2768 in
1797 2715 1896 2768 hoc
1921 2715 2062 2783 psal-

492 2813 578 2856 tno
609 2813 920 2856 sanctorum
955 2803 1168 2856 vivendi
1215 2803 1528 2856 institutum
1567 2805 1844 2868 describit,
1869 2821 2058 2860 eorum

488 2895 805 2958 certamina,
855 2893 1256 2957 aﬂlictiouesmt
1287 2904 1500 2949 αιτιοι-ε,
1533 2895 1634 2962 Qui
1677 2907 1858 2950 autem
1909 2897 2059 2954 nullo

1869 293 1958 348 EX
2001 291 2305 350 ORIGENE

3649 299 3668 351 ί
3681 301 3788 354 588

2126 421 2170 476 Α
2212 415 2484 486 Ἑϐραίοις
2505 416 2759 487 εἰρῆσθαι
2781 418 2838 470 ὲν
2859 417 3031 488 τούτῳ
3055 418 3132 488 τῷ
3163 417 3384 488 ψαλμῷ.
3418 417 3568 471 Ἐλθὲ
3603 420 3786 472 τοίνυν

2191 508 2284 559 ἐπὶ
2305 507 2396 560 τὶν
2420 506 2563 560 ὀκτὼ
2594 507 2844 579 ἀριθμὸν,
2890 510 2982 562 καὶ
3035 513 3089 564 εί
3129 529 3230 564 που
3265 511 3556 584 ὠνομάσθη
3603 513 3661 564 ἐν
3711 515 3780 584 τῇ

2189 597 2402 670 Γραφῇ,
2428 599 2822 671 παραλάμϐανε
2844 601 3026 664 αὐτὸν,
3049 601 3144 654 καὶ
3171 601 3263 656 ἐπὶ
3287 603 3392 655 τίνι
3419 603 3656 674 εἴρηται,
3684 604 3780 657 καὶ

2187 691 2340 744 ἔσται
2369 710 2450 745 σοι
2483 693 2752 763 χρήσιμος
2790 695 2818 746 ὁ
2859 692 3017 761 λόγος
3067 694 3204 764 πρὸς
3239 693 3301 747 τὸ
3335 694 3481 758 ἰδεῖν,
3523 697 3608 748 ὅτι
3644 697 3776 748 ’ἐκα-

2189 801 2312 837 στον
2348 786 2608 854 στοιχεῖον
2629 783 2908 850 τελείωσίς
2933 788 3076 840 ἐστιν
3101 787 3218 858 ἅμα
3237 787 3316 858 τῷ
3337 789 3460 860 ἀριο
3470 789 3576 860 μῷ.
3607 791 3777 844 Ὅταν

2185 873 2240 925 δὲ
2265 873 2596 944 τελειὼμεεα
2628 877 2684 926 ἐν
2710 879 2820 938 τοῖς
2846 875 3149 946 στοιχείοις,
3179 877 3206 929 ὁ
3231 877 3370 930 ἑπτά
3399 877 3630 949 ἀριθμὸς
3649 895 3780 949 προ-

2185 967 2440 1036 τιμητέος
2466 969 2616 1037 ἡμίν,
2664 967 2743 1020 ὅτι
2793 967 2854 1038 δὴ
2909 970 3003 1022 καὶ
3056 971 3120 1040 τῇ
3175 969 3272 1041 ὕλῃ
3317 972 3526 1024 ἀνεῖται
3578 965 3774 1035 οὗτος·

2185 1057 2343 1128 εἴπερ
2369 1059 2513 1111 ἐστὶν
2547 1061 2574 1111 ὁ
2611 1057 2748 1110 ἑπτὰ
2786 1061 3008 1128 σημεῖον
3035 1059 3226 1130 ὑλικῆς
3251 1061 3560 1132 παχύτητθς
3581 1079 3594 1092 ’
3631 1064 3659 1115 ⁶
3713 1061 3774 1116 δὲ

2182 1149 2325 1204 ὀκτὼ
2357 1151 2497 1222 ἁρχὴ
2525 1151 2623 1220 τῆς
2652 1151 2946 1223 ἁῦλοτέρας
2963 1151 3056 1204 καὶ
3085 1153 3330 1224 μείζονος
3356 1155 3770 1217 καταστάσεως.

2181 1241 2242 1294 Ei
2269 1241 2378 1312 γὰρ
2412 1242 2595 1294 καὶτὰ
2629 1241 2863 1312 μάλιστά
2895 1261 3076 1314 φαμεν
3113 1243 3206 1297 καὶ
3235 1243 3325 1298 τὸν
3351 1245 3410 1309 ἓξ
3437 1245 3534 1316 τὴν
3567 1263 3769 1317 κοσμι-

2183 1329 2280 1402 κὴν
2313 1331 2578 1401 σχετικῶς
2619 1331 2748 1402 ὓλην
2779 1333 3079 1402 ὑποδηλοῦν
3099 1377 3111 1398 ,
3149 1335 3260 1388 ἀλλ’
3291 1333 3382 1390 οῦν
3414 1355 3476 1404 γε
3523 1337 3616 1390 τὸν
3667 1337 3770 1408 μὲν

2180 1427 2259 1488 εἰς
2283 1425 2380 1496 τὴν
2415 1425 2558 1478 κατὰ
2592 1427 2756 1478 ποσὸν
2793 1425 3022 1496 όλότητα
3056 1427 3422 1500 ἀναφέρομεν,
3455 1430 3545 1483 τὸν
3594 1431 3652 1484 δὲ
3685 1431 3770 1495 είς

2176 1516 2274 1586 τὴν
2305 1517 2425 1569 καθ’
2447 1517 2559 1583 ἐἶξιν
2591 1517 2890 1582 τελείωσιν,
2915 1518 3034 1571 καθ’
3062 1519 3129 1590 ἦν
3157 1538 3239 1584 τις
3275 1521 3654 1590 ἀποσμήχεται
3695 1521 3772 1577 τὰ

2179 1608 2509 1678 ρυπάσματα
2543 1610 2641 1680 τῆς
2690 1609 2886 1680 ψυχῆς.
2916 1611 3011 1663 καὶ
3061 1611 3406 1682 καθαίρεται.
3449 1613 3589 1683 Πρὶν
3653 1615 3768 1686 γὰρ

2176 1699 2305 1772 ἔλθῃ
2348 1703 2380 1774 ἡ
2416 1701 2574 1773 ὀγδόη
2605 1703 2694 1756 τοῦ
2717 1705 2920 1774 Κυρίου
2961 1705 3132 1776 Ἰησοῦ
3162 1705 3397 1775 Χριστοῦ
3423 1707 3454 1776 ἡ
3465 1707 3628 1776 μὲρα,
3641 1707 3766 1769 ὅλος

2174 1793 2201 1844 ὁ
2225 1791 2426 1862 κόσμος
2455 1795 2894 1865 άπερικάθαρτος
2919 1791 2987 1867 ἦν
3025 1795 3119 1848 καὶ
3164 1797 3500 1868 ἁκρὸϐυστος
3521 1813 3536 1827 ⁸
3572 1799 3661 1850 ὅτε
3702 1797 3764 1851 δὲ

2172 1879 2333 1954 ἦλθεν
2381 1887 2412 1956 ἡ
2457 1887 2614 1958 ὀγδόη
2671 1890 2769 1958 τῆς
2827 1889 3176 1952 ἀναστάσεως
3235 1889 3474 1960 Χριστοῦ
3537 1891 3763 1962 ἡμέρα,

2173 1975 2384 2046 ἀθρόως
2418 1977 2616 2040 πάντες
2647 1979 3086 2050 ὲκαθαρίσθημεν
3116 1981 3173 2032 ὲν
3217 1981 3283 2050 τῇ
3335 1985 3605 2053 περιτομῇ
3660 1977 3762 2035 τοῦ

2171 2065 2430 2136 Χριστοῦ,
2475 2069 2836 2135 συντασέντες
2856 2070 2949 2122 καὶ
2985 2072 3434 2135 συναναστάντες,
3466 2071 3542 2134 ὣς
3591 2089 3760 2142 φησιν

2169 2155 2197 2206 ὁ
2235 2157 2575 2220 ludat-010;.
2611 2159 2762 2210 Ἐπεὶ
2792 2155 2884 2212 οῦν
2905 2159 2992 2213 διὰ
3017 2159 3118 2228 τῆς
3155 2160 3540 2230 στοιχειώσεως
3557 2161 3758 2216 καθαί-

2171 2261 2320 2316 ρεται
2353 2247 2508 2318 ἡμῶν
2547 2248 2772 2320 ἡψυχὴ,
2812 2249 3190 2320 μανθανόντων
3215 2251 3306 2304 τὸν
3339 2253 3526 2321 ἠθικὸν
3567 2253 3754 2314 τόπον,

2168 2339 2260 2391 καὶ
2297 2339 2685 2410 τελειουμένων
2725 2343 2786 2396 ὲν
2815 2345 2879 2413 τῇ
2909 2341 3108 2410 γνώσει
3153 2344 3343 2400 αὑτοῦ.
3376 2344 3463 2397 διὰ
3517 2346 3676 2398 τοῦτο
3727 2346 3759 2399 ὁ

2165 2430 2308 2483 ὀκτὼ
2333 2433 2562 2503 ἁριθμδς
2589 2433 2910 2506 παρελήφθη
2937 2438 3058 2490 καθ’
3086 2439 3312 2492 ἕκαστον
3341 2438 3448 2490 τῶν
3471 2439 3756 2508 στοιχείων

2165 2523 2224 2574 ἐν
2254 2523 2330 2594 τῷ
2368 2528 2737 2598 προκειμένῳ.
2781 2530 2869 2582 Ἐν
2917 2529 3092 2600 τούτῳ
3137 2532 3266 2600 γοῦν
3297 2529 3374 2600 τῷ
3417 2529 3617 2600 ψαλμῷ
3651 2531 3755 2600 τὴν

2163 2615 2273 2666 τῶν
2302 2616 2472 2682 ἁγίων
2503 2616 2792 2689 διαγράφει
2838 2621 3133 2686 πολιτείαν,
3184 2621 3309 2684 τοὺς
3362 2621 3602 2688 ἀγῶνας,
3649 2621 3754 2683 τὰς

2166 2714 2394 2785 θλίψεις,
2428 2718 2521 2771 καὶ
2543 2719 2607 2771 τὰ
2640 2718 2785 2788 ἑξῆς.
2819 2721 2876 2772 Ὀ
2905 2719 2962 2774 δὲ
2993 2721 3214 2791 μηδαμῆ
3259 2721 3522 2791 μηδαμῶς
3567 2723 3752 2791 ἀμαρ-

2162 2809 2358 2874 τάνων,
2391 2803 2545 2872 οὗτος
2595 2810 2662 2862 ἂν
2707 2813 2790 2880 εἴη
2823 2811 3071 2882 ἄμωμος,
3105 2813 3198 2866 καὶ
3261 2812 3367 2884 μὴν
3421 2813 3516 2866 καὶ
3565 2814 3749 2882 μακά-

2165 2917 2300 2970 ριος.

2107 1759 2145 1811 Β

487 2985 644 3038 modo
675 2997 911 3053 unquam
935 2995 1146 3053 peccat,
1181 2985 1228 3039 is
1256 2985 1441 3054 utique
1483 2987 1890 3054 intmaculatus,
1921 2991 2052 3060 quin
2099 2987 2110 3006 ’

483 3085 540 3130 et
566 3073 759 3130 beatus
784 3077 1020 3132 exsistit.

553 3165 826 3235 Ejusdem.
859 3167 975 3223 Non
1017 3179 1236 3239 propter
1279 3170 1678 3227 immaculatam
1725 3173 1892 3228 vitam
1919 3175 2055 3230 bea-

483 3265 568 3314 tus
595 3259 760 3314 homo
789 3261 1122 3328 nominatur,
1155 3263 1250 3318 sed
1297 3274 1521 3333 propter
1551 3265 1643 3319 Dei
1685 3267 2050 3335 cognitionem

479 3357 642 3412 quam
677 3347 778 3402 sibi
837 3363 934 3418 per
989 3351 1400 3405 immaculatam
1439 3353 1604 3407 vitam
1635 3366 2054 3423 comparaturus

476 3446 560 3492 est
596 3455 610 3491 :
643 3455 766 3492 nam
799 3455 818 3490 ι
851 3443 988 3495 beati
1023 3443 1220 3498 mundo
1242 3443 1427 3509 corde,
1457 3446 1712 3514 quoniam
1751 3447 1852 3516 ipsi
1885 3447 2049 3502 Deum

475 3528 736 3584 videbunt
765 3531 826 3585 ¹³.
853 3551 871 3582 ι

551 3622 713 3678 Vnus.
743 3625 800 3680 3.
844 3621 967 3681 Non
1007 3629 1145 3681 enim
1172 3629 1262 3697 qui
1291 3641 1577 3696 operantur
1625 3633 1952 3702 iniquitatem
1994 3637 2047 3688 in

474 3713 704 3782 tviis‘ejus
733 3715 1154 3780 ambulaverunt,
1185 3727 1292 3771 etc.
1329 3717 1384 3773 Si
1408 3719 1498 3787 qui
1528 3733 1826 3788 operantur
1849 3721 2048 3792 iniqui-

477 3811 665 3868 tatem,
693 3805 744 3857 in
771 3805 870 3860 viis
901 3805 990 3860 Dei
1035 3823 1140 3860 non
1177 3809 1475 3872 ambulant,
1509 3819 1658 3864 certe
1685 3811 1772 3879 (ιιιί
1809 3828 2047 3880 operan-

476 3895 865 3964 turjustitiam,
894 3899 944 3952 in
967 3900 1067 3954 viis
1095 3899 1184 3953 Dei
1212 3900 1584 3955 ambulabunt.
1625 3902 1736 3956 Vite
1759 3904 1919 3972 igitur
1953 3905 2042 3960 Dei

471 3997 602 4044 sunt
641 4003 819 4046 rerum
867 4003 985 4059 qua:
1034 3991 1190 4046 factae
1233 4002 1362 4047 sunt
1393 3994 1921 4062 contemplationes,
1982 4001 2034 4054 in

469 4083 667 4150 quilms
707 4083 1108 4142 ambulabimus
1155 4087 1432 4156 operando
1468 4088 1760 4158 justitiam.
1796 4092 1853 4146 Si
1913 4109 2042 4149 veru

465 4173 674 4244 iustitia
709 4187 892 4232 nostra
921 4189 1003 4234 est
1031 4179 1310 4247 Christus,
1339 4197 1463 4235 nam
1502 4202 1522 4234 ι
1565 4185 1740 4242 factus
1773 4197 1854 4243 est
1880 4189 2038 4244 nobis

465 4265 732 4336 sapientia
764 4285 790 4322 a
817 4269 947 4332 Deo,
971 4271 1178 4340 iustitia
1213 4273 1345 4327 item
1380 4284 1434 4328 et
1464 4277 1826 4333 sanctificatio
1859 4296 1923 4335 ac
1952 4297 2036 4335 re—

466 4359 704 4429 demptio
752 4359 840 4427 ”,
902 4381 920 4414 ι
959 4363 1182 4430 pulchre
1218 4365 1270 4418 in
1323 4364 1629 4424 Proverbiis
1677 4369 1719 4402 ¹⁵
1772 4372 2032 4428 Salomon

465 4445 596 4504 dicit
654 4452 865 4505 via-rum
939 4455 1032 4507 Dei
1092 4455 1418 4524 principium
1481 4475 1604 4514 esse
1666 4463 2032 4531 sapientiam,

464 4553 586 4610 qum
625 4553 709 4596 est
752 4543 1020 4599 Christus.
1071 4545 1354 4602 Christum
1407 4563 1586 4605 autem
1643 4553 1764 4608 dico
1796 4553 2032 4610 Verbum

462 4637 604 4708 quod
649 4653 768 4691 cum
809 4639 916 4692 Deo
955 4649 1072 4694 erat
1141 4651 1190 4695 et
1240 4643 1292 4696 in
1347 4645 1486 4700 hunc
1541 4647 1802 4702 mundum
1863 4649 2032 4701 adve-

529 4815 805 4890 Ejusdem.
833 4823 888 4878 Si
915 4826 1038 4895 quis
1069 4827 1416 4898 iniquitatem
1445 4838 1720 4898 operetur,
1749 4829 1838 4883 ille
1869 4831 2030 4885 haud-

457 4925 728 4981 quaquam
756 4913 915 4967 invia
951 4915 1160 4970 Domini
1187 4919 1460 4982 ambulat;
1493 4927 1828 4988 quapropter
1854 4935 2028 4990 neque

459 5003 834 5058 inmaculatus
855 5016 940 5060 est
969 5009 1021 5060 in
1055 5009 1162 5062 via.

531 5093 690 5149 Vens.
713 5095 768 5148 4.
825 5095 900 5150 Tu
935 5099 1200 5151 mandasti
1239 5099 1494 5152 mandata
1531 5109 1622 5154 tua
1653 5101 1912 5154 custodiri
1941 5103 2026 5156 ni-

455 5188 576 5251 mis,
612 5199 720 5242 etc.
753 5188 854 5253 Qui
906 5205 972 5243 ne
1005 5189 1334 5258 cogitatione
1359 5189 1582 5259 quidem
1611 5201 1818 5259 peccat,
1857 5191 2026 5246 vehe-

455 5289 664 5334 menter
697 5281 928 5334 custodit
963 5282 1214 5334 mandata
1241 5279 1358 5334 Dei.

519 5365 796 5439 Ejusdem.
849 5371 940 5424 Est
993 5371 1346 5424 vehementer
1391 5379 1445 5424 et
1483 5379 1577 5428 est.
1599 5371 1809 5441 placide
1851 5383 2030 5428 custo-

451 5455 569 5513 dire
603 5462 854 5514 mandata
888 5459 1004 5516 Dei.
1059 5461 1152 5512 Vel
1191 5461 1542 5516 vehementer
1574 5465 1832 5534 praecepit
1882 5465 2022 5520 Deus

451 5549 708 5603 custodiri
745 5553 992 5608 mandata
1025 5565 1144 5603 sua.

523 5705 564 5738 ¹¹
601 5701 734 5762 Rom
791 5719 838 5762 γι
869 5745 881 5774 ,
917 5707 987 5772 4;
1047 5710 1251 5764 (Ioluss.
1287 5723 1366 5774 ιιι,
1407 5709 1450 5761 l.
1535 5711 1574 5740 ‘3
1610 5707 1797 5762 Matth.
1841 5725 1890 5772 ι’,
1932 5711 1981 5763 8.

2241 3175 2350 3228 Τοῦ
2381 3176 2585 3230 αὑτοῦ.
2618 3175 2692 3230 Οὐ
2720 3177 2806 3231 διὰ
2839 3178 2932 3250 τὴν
2965 3177 3300 3250 ἀμωμότητα
3338 3179 3608 3254 μακάριος
3645 3183 3744 3238 ἇν-

2164 3265 2380 3338 θρωπος
2427 3268 2781 3338 ὀνομάζεται,
2813 3269 2946 3322 ἀλλὰ
2982 3271 3069 3324 διὰ
3111 3271 3207 3344 τὴν
3251 3273 3452 3342 γνῶσιν
3498 3277 3596 3347 τὴν
3647 3275 3744 3330 τοῦ

2161 3359 2316 3424 Θεοῦ,
2345 3361 2413 3431 ἢν
2449 3360 2628 3430 μέλλει
2653 3363 2882 3415 κτᾶσθαι
2911 3361 2998 3415 διὰ
3031 3365 3128 3435 τῆς
3149 3367 3504 3437 άμωμότητος
3523 3385 3536 3398 ·
3575 3388 3592 3420 t
3621 3371 3746 3422 Mat-

2161 3452 2339 3521 κάριοι
2367 3451 2475 3522 γὰρ
2506 3453 2556 3505 οἱ
2579 3453 2808 3523 καθαροὶ
2839 3457 2904 3526 τῇ
2935 3456 3150 3523 καρδία,
3175 3457 3256 3510 ὅτι
3293 3457 3445 3512 αὐτοὶ
3488 3459 3578 3514 τὸν
3605 3461 3744 3516 Θεὸν

2157 3539 2396 3612 ὄψονται.
2428 3563 2446 3594 ι

2232 3635 2314 3688 Οὐ
2355 3636 2464 3703 γὰρ
2509 3640 2563 3688 οἱ
2613 3636 2984 3706 ἑργτιζὶἴμενοι
3041 3639 3156 3708 τὴν
3202 3641 3458 3711 ἀνομίαν
3497 3643 3567 3698 ἐν
3607 3645 3744 3713 ταῖς

2155 3725 2317 3794 ὁδοῖς
2357 3727 2544 3781 αὑτοῦ
2596 3729 3035 3798 ἐπορεύθησαν,
3079 3751 3130 3787 κ.
3161 3752 3212 3787 τ.
3247 3735 3292 3788 ὲ.
3329 3737 3392 3789 Ei
3424 3739 3472 3789 oi
3507 3739 3742 3810 ἐργαζό-

2157 3836 2305 3888 μενοι
2335 3819 2430 3890 τὴν
2476 3820 2704 3889 ἀνομίαν
2735 3823 2792 3873 ὲν
2825 3826 2944 3886 ταῖς
2967 3824 3104 3888 ὁδοῖς
3131 3825 3225 3878 τοῦ
3261 3826 3400 3880 Θεοῦ
3437 3830 3496 3881 οὐ
3542 3831 3744 3903 πορεύ-

2151 3925 2336 3971 ονται,
2382 3910 2428 3960 οἱ
2463 3909 2817 3980 ἐργαζόμενοι
2862 3911 3104 3982 δηλονότι
3137 3912 3233 3984 τὴν
3279 3913 3628 3986 δικαιοσύνην
3677 3920 3739 3970 ἐν

2149 4005 2266 4065 ταῖς
2301 4001 2438 4066 ὁδοῖς
2467 4003 2560 4055 τοῦ
2589 4001 2723 4056 Θεοῦ
2767 4003 3211 4074 πορευθήσονται.
3246 4005 3454 4060 Οὐκοῦν
3491 4008 3600 4062 ὁδοὶ
3641 4009 3737 4064 τοῦ

2148 4093 2281 4146 Θεοῦ
2315 4095 2450 4146 εἰσιν
2477 4095 2530 4148 αἱ
2566 4093 2786 4165 θεωρίαι
2820 4093 2928 4147 τῶν
2966 4096 3288 4164 γεγονότων,
3320 4099 3378 4150 ὲν
3413 4095 3501 4162 αἷς
3543 4117 3736 4170 πορευ-

2149 4185 2352 4256 σόμεθα
2383 4183 2726 4254 δικαιοσύνην
2771 4185 3254 4257 κατεργαζόμενοι.
3281 4189 3344 4241 Et
3385 4189 3442 4242 δὲ
3469 4191 3500 4260 ἡ
3529 4190 3732 4243 δικαιο-

2148 4275 2284 4345 σύνη
2317 4277 2474 4346 ἡμῶν
2501 4277 2646 4328 ἐστιν
2669 4279 2696 4329 ὁ
2723 4277 2973 4347 Χριστὸς,
3017 4296 3034 4326 ι
3061 4277 3292 4348 ἐγενήθη
3331 4279 3436 4350 γὰρ
3469 4282 3602 4348 ἡμῖν
3639 4293 3734 4328 σο-

2146 4368 2244 4437 φία
2273 4367 2425 4439 παρὰ
2467 4367 2622 4432 Θεοῦ,
2669 4367 2979 4438 δικαιοσύνη
3025 4385 3084 4420 τε
3135 4369 3232 4422 καὶ
3281 4370 3575 4439 ἁγιασμὸς,
3638 4369 3738 4424 καὶ

2144 4457 2544 4528 ἀπολύτρωσις·
2575 4478 2592 4508 ι
2645 4458 2822 4521 καλῶς
2869 4457 3014 4525 λέγει
3057 4461 3115 4512 ἐν
3161 4463 3282 4523 ταῖς
3315 4461 3664 4529 Παροιμίαις
3703 4463 3734 4514 ὁ

2145 4547 2392 4619 Σολομὼν
2422 4548 2519 4619 τὴν
2547 4547 2737 4617 σοφίαν
2770 4547 2944 4619 ἀρχὴν
2978 4543 3115 4602 εἶναι
3147 4549 3256 4602 τῶν
3295 4550 3430 4604 ὁδῶν
3475 4551 3568 4603 τοῦ
3611 4553 3730 4603 Κυ-

2145 4640 2281 4712 ρίου,
2303 4641 2423 4710 ἥτις
2453 4641 2598 4694 ἐστὶν
2615 4641 2644 4693 ό
2671 4639 2920 4710 Χριστός.
2947 4639 3107 4708 Λέγω
3129 4641 3186 4694 δὲ
3213 4641 3446 4714 Χριστὸν
3469 4641 3560 4696 τὸν
3589 4641 3730 4712 μετὰ

2139 4731 2232 4784 τοῦ
2256 4732 2389 4785 Θεοῦ
2424 4731 2594 4802 Λόγον
2621 4731 3036 4804 ἐπιδημήσαντα
3069 4733 3294 4804 Κύριον.

2217 4823 2322 4876 Τοῦ
2355 4824 2562 4878 αὑτοῦ.
2612 4823 2679 4876 Εἴ
2726 4841 2808 4886 τις
2859 4823 3085 4894 ἀνομίαν
3139 4822 3465 4894 ἐργάζεται,
3516 4825 3726 4888 ἐκεῖνος

2137 4913 2234 4966 οὐκ
2262 4913 2318 4965 ὲν
2345 4911 2450 4982 ὁδῷ
2485 4911 2686 4984 Κυρίου
2721 4913 3041 4986 πορεύεται·
3071 4913 3151 4968 διὸ
3182 4913 3290 4967 οὐδ’
3318 4913 3548 4985 ᾶμωμὸς
3575 4917 3727 4970 ἐστιν

2135 5005 2191 5058 ὲν
2215 5003 2340 5074 ὀδῷ.

2205 5095 2286 5148 Σὺ
2332 5096 2608 5150 ἐνετείλω
2671 5095 2777 5162 τὰς
2832 5095 3086 5164 ἐντολάς
3151 5111 3268 5152 σου
3335 5093 3724 5166 φυλάξασθαι

2134 5187 2388 5255 σφόδρα,
2423 5205 2477 5240 κ.
2507 5206 2556 5239 τ.
2596 5187 2642 5240 ὲ.
2691 5189 2748 5240 Ὀ
2786 5189 2860 5259 μὴ
2907 5189 3048 5242 κατὰ
3096 5190 3336 5243 διάνοιαν
3385 5189 3725 5258 ἁμαρτάνων

2136 5279 2338 5350 σφόδρα
2367 5280 2625 5348 φυλάσσει
2659 5279 2758 5344 τὰς
2787 5281 3008 5346 ἐντολὰς
3037 5281 3130 5336 τοῦ
3164 5282 3320 5336 Θεοῦ.

2212 5373 2320 5426 Τοῦ
2357 5373 2564 5425 αὐτοῦ.
2601 5373 2756 5426 Ἔστι
2803 5375 3043 5446 σφόδρα,
3084 5375 3178 5428 καὶ
3221 5375 3368 5428 ἔστιν
3397 5371 3577 5444 ἡρέμα
3619 5387 3728 5441 φυ-

2131 5462 2422 5516 λάσσεσθαι
2454 5463 2671 5527 ἐντολὰς
2701 5465 2855 5518 Θεοῦ.
2883 5469 2950 5518 Ἢ
2983 5467 3188 5538 σφόδρα
3217 5466 3515 5519 ἐνετείλατο
3539 5469 3566 5518 ὀ
3585 5464 3724 5530 Θεὸς

2133 5554 2502 5622 φυλάσσεσθαι
2528 5555 2626 5620 τὰς
2657 5557 2878 5621 ἐντολὰς
2905 5557 3092 5612 αὑτοῦ.

2072 4443 2115 4496 Ι)

2063 5707 2102 5742 ³⁵
2149 5710 2160 5762 l
2201 5711 2325 5762 (Zur.
2363 5727 2397 5773 ι,
2429 5712 2516 5764 50.
2601 5711 2640 5744 ¹⁸
2674 5727 2790 5778 vut,
2825 5713 2913 5768 2'2.
