4106 6450
481 392 619 448 1595

479 611 498 644 ι
545 591 914 660 Ἐταπεινώθη
946 594 1024 655 είς
1079 590 1206 661 χοῦν
1238 593 1269 661 ἡ
1321 590 1467 659 ψυχὴ
1509 591 1664 660 ἡμῶν
1687 608 1698 619 ·
1731 611 1746 641 ι
1784 591 1878 643 καὶ
1931 591 2007 661 τῷ
2031 609 2042 621 ·

480 699 498 733 ι
528 681 598 733 Τὸ
634 680 794 750 σῶμα
829 681 925 750 τῆς
959 678 1339 742 ταπεινώσεως
1372 679 1558 749 ἠμῶνο
1585 698 1602 728 ι
1639 680 1732 731 καὶ
1767 680 1863 750 τῷ,
1906 700 1923 732 ι
1954 681 2048 743 Τίς

476 789 544 841 με
575 772 799 842 ῥύσεται
843 773 906 823 ἐκ
943 771 1036 823 τοῦ
1083 770 1334 840 σώματος
1372 769 1468 822 τοῦ
1505 770 1736 824 θανάτου
1769 771 1997 838 τούτου;
2025 791 2043 824 ι

472 865 581 935 Τὴν
627 863 932 934 ὑπερϐολὴν
959 864 1058 933 τῆς
1087 862 1464 925 ταπεινώσεως
1497 863 1585 915 διὰ
1616 863 1817 916 τούτων
1852 863 2050 934 ἐδήλω-

473 973 583 1010 σεν.
627 955 784 1009 υῦτω
837 955 945 1026 γὰρ
978 958 1035 1008 ἐν
1081 962 1170 1025 μγ¹
1197 953 1431 1024 ψαλμῷ·
1492 974 1508 1006 t
1542 955 1660 1008 ’Ὁτι
1710 954 2046 1027 ἐταπεινώθη

471 1050 549 1111 εἰς
588 1047 718 1116 χοῦν
762 1049 794 1117 ἡ
839 1047 983 1118 ψυχὴ
1023 1047 1201 1118 ἡμῶν,
1233 1047 1496 1116 ἐκολλήθη
1526 1050 1605 1111 εἰς
1641 1048 1740 1118 γῆν
1773 1050 1804 1118 ή
1837 1047 2047 1118 γαστὴρ

471 1138 648 1207 ἡμῶν.
681 1157 694 1187 ι

555 1230 720 1282 Ὀδόι-
769 1228 1176 1297 δικαιωμάτων
1237 1243 1354 1280 σου
1401 1226 1728 1280 συνέττσόν
1777 1243 1884 1295 με,
1947 1228 2044 1282 καὶ

468 1319 866 1387 ἀδολεσχήσω
915 1319 984 1371 ἐν
1035 1318 1157 1384 τοῖς
1217 1319 1570 1387 θαυμασίοις
1626 1336 1761 1385 σου,
1821 1335 1872 1372 κ.
1915 1337 1965 1374 τ.
1997 1322 2042 1374 ὲ.

471 1409 690 1464 Σύνεσιν
720 1412 827 1482 γὰρ
858 1411 967 1463 τῶν
1010 1412 1066 1464 ἐν
1117 1410 1299 1473 αὐτοῖς
1349 1410 1664 1480 μυστηρίων
1722 1410 1922 1477 λαϐὼν,
1970 1413 2046 1476 ὡς

470 1508 564 1557 καὶ
602 1504 804 1573 ταύτην
835 1504 1079 1566 ὁδεύσας,
1115 1504 1414 1574 δυνήσομαι
1448 1503 1574 1574 περὶ
1621 1504 1728 1555 τῶν
1773 1507 1830 1557 ἐν
1862 1506 2047 1570 αὐτοῖς

471 1594 784 1664 θαυμασίων
810 1595 1016 1665 ὁμιλεῖν
1041 1612 1100 1646 τε
1129 1597 1222 1648 καὶ
1251 1595 1407 1663 λόγον
1438 1595 1725 1648 ποιεῖσθαι.

538 1686 906 1749 Ἐνύσταξεν
953 1688 989 1754 ἡ
1035 1686 1202 1755 ψυχή
1253 1704 1372 1754 μου
1421 1686 1536 1740 ἀπὸ
1599 1686 1883 1754 ἀκηδίας·
1934 1688 2046 1754 ,ϐε-

466 1778 728 1832 ϐαίωσόν
773 1795 850 1848 με
885 1781 955 1832 ἐν
985 1779 1107 1843 τοῖς
1153 1780 1355 1847 λόγοις
1388 1794 1523 1842 σου,
1558 1797 1610 1834 κ.
1644 1799 1692 1834 τ.
1722 1782 1769 1834 ἐ.
1822 1783 2045 1854 Ἀκηδία

1400 385 1710 442 SELECTA
1753 385 1817 439 IN
1853 383 2188 440 PSALMOS.
2232 415 2298 424 —
2337 379 2534 436 PSAL.
2572 373 2805 438 CXVIII.

473 502 551 572 τῷ
574 518 588 531 ·
630 520 647 552 ι
681 502 774 564 Εἰς
825 500 953 570 χοῦν
989 499 1217 553 θανάτου
1250 499 1560 570 κατήγαγες
1600 517 1698 569 με·
1729 519 1746 550 ι
1809 501 1902 551 καὶ
1947 499 2037 570 τῷ,

2153 497 2428 567 pulverem
2461 496 2652 550 mortis
2687 494 2960 551 deduxisti
2995 510 3080 549 me
3113 495 3159 526 ²⁰
3192 515 3202 548 :

3593 389 3612 440 i
3624 388 3728 442 5.1M

3249 516 3265 547 ι
3307 496 3454 560 item,
3495 517 3514 548 ι
3549 500 3725 556 Humi-

2153 591 2278 643 liata
2306 601 2390 643 est
2414 589 2466 642 in
2491 589 2714 659 pulvere
2747 591 2925 643 anima
2957 599 3140 642 nostra
3171 591 3252 656 “;
3292 611 3310 642 ι
3345 592 3496 658 item,
3535 613 3552 645 ι
3591 595 3722 649 Cor-

2151 695 2249 749 pus
2280 679 2598 733 humilitatis
2617 688 2820 732 nostras
2845 680 2912 741 ";
2949 698 2966 728 ι
2990 688 3064 740 et,
3091 698 3108 729 ι
3135 680 3266 744 Quis
3287 696 3372 736 me
3395 681 3644 737 liberabit
3664 685 3726 738 de

2150 785 2375 839 corpore
2403 772 2595 825 mortis
2629 768 2786 837 hujus
2811 770 2896 822 '3‘?
2921 789 2938 819 ι
2981 771 3082 824 Per
3108 771 3221 824 haec
3250 786 3533 826 excessum
3552 773 3726 826 humi-

2149 862 2313 916 litatis
2343 862 2599 916 ostendit.
2651 863 2744 916 Sic
2787 864 2932 915 enim
2985 862 3038 914 in
3075 862 3284 929 psalmo
3315 864 3727 932 quadragesimo

2151 953 2308 1008 tertio
2339 954 2380 985 “
2416 954 2531 1007 ait:
2573 972 2590 1005 ι
2633 952 2900 1018 Quoniam
2945 954 3227 1007 bumiliata
3278 963 3361 1008 est
3415 955 3467 1008 in
3505 955 3723 1023 pulvere

2147 1059 2328 1099 anima
2386 1061 2594 1110 nosrra,
2649 1046 3056 1115 conglutinatus
3110 1056 3193 1100 est
3243 1045 3294 1100 in
3345 1055 3488 1100 terra
3538 1056 3726 1100 venter

2148 1148 2301 1190 uoste
2311 1151 2352 1189 Γ.
2389 1155 2408 1188 ι

2219 1227 2384 1284 Vsus.
2426 1227 2517 1281 27.
2566 1227 2719 1280 Viam
2764 1228 3218 1298 justiﬁeationum
3269 1238 3479 1280 tuarum
3524 1229 3727 1280 instrue

2147 1335 2248 1384 me,
2282 1329 2328 1373 et
2353 1320 2632 1373 exercebar
2679 1320 2733 1372 in
2771 1319 3101 1372 mirabilibus
3135 1322 3264 1381 tuis,
3313 1331 3420 1372 etc.
3464 1319 3726 1387 Percepta

2145 1414 2289 1467 enim
2328 1412 2712 1482 mysteriorum
2750 1427 2872 1482 quae
2926 1413 2978 1465 in
3021 1413 3100 1465 eis
3150 1423 3298 1475 sunt,
3350 1411 3723 1480 intelligentia,

2145 1515 2198 1560 et
2233 1505 2370 1560 hanc
2413 1506 2556 1559 viam
2611 1520 2893 1569 emensus,
2930 1507 2995 1560 de
3030 1506 3385 1576 mirabilibus]
3410 1521 3528 1575 quae
3563 1506 3617 1560 in
3645 1507 3725 1560 eis

2147 1606 2273 1651 sunt
2307 1607 2495 1666 potero
2523 1597 2837 1651 conversari
2872 1607 2926 1651 et
2951 1597 3115 1652 verba
3153 1597 3358 1654 facere.

2221 1689 2384 1743 Vnus.
2425 1687 2515 1742 28.
2561 1688 2878 1772 Dormitan
2909 1690 3087 1741 anima
3121 1706 3234 1742 mea
3261 1703 3373 1758 pne
3396 1691 3578 1755 ta’dio,
3604 1707 3726 1743 con-

2147 1782 2302 1851 ﬁrma
2331 1798 2411 1834 me
2440 1783 2496 1834 in
2525 1781 2690 1836 verbis
2719 1782 2852 1845 tuis,
2888 1789 2995 1836 etc.
3033 1779 3276 1834 Ttedium
3310 1791 3393 1835 est
3435 1783 3487 1835 in
3537 1784 3723 1837 eodem

465 1871 585 1924 ἐστὶ
639 1871 848 1943 κίνησις
896 1875 952 1925 ἐν
1005 1872 1082 1942 τῷ
1125 1871 1275 1942 αύτῷ
1335 1872 1686 1945 πολυχρόνιος
1728 1875 1901 1946 θυμοῦ
1946 1878 2037 1932 καὶ

2146 1873 2234 1926 diu
2287 1872 2585 1942 perdurans
2629 1878 2808 1926 motus
2852 1870 3056 1924 furoris
3106 1879 3162 1924 et
3213 1870 3719 1939 concupiscentim;

464 1961 786 2032 ἐπιθυμίας·
820 1962 913 2016 τοῦ
952 1965 1049 2033 μὲν
1087 1968 1197 2024 τοῖς
1237 1964 1501 2035 παροῦσιν
1526 1966 1902 2038 ὀργιζομένου,
1939 1967 2043 2039 τῆς

462 2049 521 2104 δὲ
573 2054 868 2125 ἐφιεμένης
914 2053 1022 2106 τῶν
1083 2055 1156 2126 μὴ
1195 2056 1498 2126 παρόντων.
1547 2056 1875 2127 Νυσταγμός
1924 2059 2041 2112 ἐστι

459 2142 638 2214 ψυχῆς
668 2143 890 2214 λογικῆς
933 2145 1162 2215 ἀμέλεια
1211 2147 1319 2199 τῶν
1363 2146 1574 2216 ἀρετῶν
1612 2149 1704 2200 καὶ
1751 2150 1848 2219 τῆς
1899 2150 2040 2218 γνώ-

466 2253 603 2298 σεως
641 2236 741 2304 τῆς
781 2238 873 2290 τοῦ
914 2237 1079 2290 Θεοῦ·
1119 2237 1284 2301 ὕπνος
1313 2240 1429 2291 ἐστὶ
1460 2239 1637 2310 ψυχῆς
1683 2240 1905 2310 λογικῆς
1937 2259 2042 2312 χω-

462 2325 653 2398 ρισμδς
689 2327 934 2392 ἑκούσιος
957 2329 1061 2382 ἀπὸ
1085 2331 1184 2400 τῇς
1205 2331 1372 2395 ὅντως
1401 2331 1574 2401 ζωῆς·
1601 2332 1679 2384 διὸ
1706 2332 1800 2385 καὶ
1823 2335 1850 2386 ὁ
1879 2332 2040 2400 σοφὸς

459 2412 712 2484 Σολομῶν
756 2419 1012 2486 παραινεῖ
1062 2417 1133 2488 μὴ
1189 2419 1369 2471 δοῦναι
1429 2419 1592 2472 ὕπνον
1647 2423 1758 2482 τοῖς
1806 2421 2038 2492 ὃμμασι,

463 2505 585 2575 μηδ’
607 2507 963 2572 ἐπινυστάξαι
993 2513 1104 2572 τοῖς
1137 2509 1448 2582 βλεφάροις.

543 2615 710 2669 Ὀδόν
760 2618 996 2684 ἀδικίας
1057 2620 1413 2687 ἀπόστησον
1453 2621 1554 2675 ἀπ’
1595 2620 1761 2690 ἐμοῦ,
1809 2623 1907 2676 καὶ
1963 2622 2041 2689 τῷ

456 2709 619 2776 νόμῳ
674 2727 790 2765 σου
827 2711 1094 2782 ἐλέησόν·
1141 2731 1236 2783 με,
1271 2733 1323 2767 κ.
1365 2733 1412 2768 τ.
1444 2716 1489 2769 ἐ.
1524 2717 1636 2768 Uine
1689 2718 1815 2787 ἐμὲ,
1853 2721 2037 2791 φησιν,

457 2801 766 2873 ἀπόστησον
798 2805 905 2856 ἀπὸ
941 2805 1062 2857 ὁδοῦ
1110 2806 1345 2869 ἀδικίας,
1375 2807 1489 2860 ἀλλ’
1532 2810 1699 2879 αὐτὴν
1744 2810 1838 2862 ἀπ’
1881 2811 2037 2882 ἐμοῦ,

453 2889 530 2955 ὡς
563 2894 975 2964 ἐνυπάρχουσαν
1007 2897 1129 2966 ῆδηο
1167 2899 1259 2950 καὶ
1299 2898 1559 2968 δεομένην
1592 2899 1690 2968 μὲν
1722 2900 1878 2970 ἡμῶν
1903 2902 2041 2972 πρὸς

454 2981 723 3050 ἐξέλασιν,
763 2986 995 3056 μάλιστα
1031 2987 1087 3040 δὲ
1127 2989 1224 3058 τῆς
1269 2989 1333 3039 ἐκ
1367 2989 1501 3041 Θεοῦ
1543 2989 1816 3058 βοηθείας,
1857 2991 1932 3055 ὡς
1973 2992 2039 3045 ἂν

453 3074 766 3146 ἐλεηθῶμεν
799 3077 949 3148 νόμῳ
982 3078 1116 3131 Θεοῦ
1138 3096 1150 3109 ·
1184 3081 1368 3149 ὅμοιον
1411 3081 1468 3133 δὲ
1501 3081 1578 3150 τῷ
1608 3080 1786 3150 λέγειν
1836 3083 2034 3156 ἰατρῷο

466 3167 735 3238 ’ἰατρικῆς
767 3168 910 3239 λόγῳ
965 3169 1099 3239 πρὸς
1152 3171 1362 3238 ὑγίειάν
1407 3189 1475 3240 με
1515 3173 1761 3242 κόμισον,
1805 3174 1906 3228 κᾶν
1947 3193 2037 3229 το-
2063 3194 2104 3249 C

457 3259 563 3328 μῆς
598 3259 692 3332 δέῃ
727 3261 820 3313 καὶ
856 3261 1125 3324 καύσεως,
1170 3262 1273 3315 κᾶν
1326 3263 1515 3334 ἐτέρου
1570 3265 1716 3328 τινὸς
1769 3265 1877 3318 τῶν
1917 3268 2036 3320 ἐπι-

455 3349 736 3420 σταμένων
779 3351 989 3405 λυπεῖν.
1029 3353 1234 3406 Τούτου
1279 3354 1337 3406 δέ
1368 3354 1460 3407 τοῦ
1513 3356 1678 3424 νόμου
1723 3357 1842 3408 οὐδὲ
1890 3359 2031 3430 ἀρχή

451 3440 568 3492 ἐστι
592 3444 704 3503 τοῖς
739 3443 964 3514 μηδέπω
994 3445 1504 3515 ἐπισκοπουμένας,
1539 3445 1654 3498 ἀλλ’
1679 3446 1759 3498 ἔτι
1800 3449 2034 3519 παραδι-

450 3531 695 3604 δομένοις
729 3535 958 3589 πάθεσιν
1008 3537 1252 3608 ἀτιμίας,
1301 3537 1333 3608 ἦ
1388 3537 1630 3608 ἁδοκίμῳ
1682 3540 1716 3610 ἧ
1763 3557 1870 3592 τινι
1929 3541 2035 3595 τῶν

450 3623 603 3678 οὔπω
644 3627 742 3698 τὴν
772 3627 1060 3699 διόρθωσιν
1109 3631 1202 3682 καὶ
1253 3629 1548 3700 θεραπείαν
1583 3632 2032 3702 περιποιούντων.

462 3716 578 3786 Ἐφ’
601 3719 724 3772 ὅσον
757 3722 864 3792 γὰρ
899 3723 1056 3793 ἡμῶν
1087 3725 1120 3794 ἡ
1150 3723 1251 3794 τῆς
1281 3725 1495 3789 ἀδικίας
1538 3727 1653 3790 ὁδὸς
1679 3727 1776 3780 οὐκ
1807 3729 2037 3797 ἀφίστα-

449 3821 557 3873 ται,
593 3810 685 3862 ἐπὶ
721 3811 974 3864 τοσοῦτον
1005 3813 1124 3866 ούδέ
1171 3816 1347 3885 ἀρχὴν
1395 3816 1590 3887 ἔχομεν
1632 3818 1724 3871 τοῦ
1769 3819 2035 3873 ἐλεεῖσθαι

450 3895 601 3968 νόμῳ
639 3899 796 3953 Θεοῦ.

531 3989 698 4064 ὈὁἏν
741 4010 1006 4067 ἐντολῶν
1046 4029 1162 4068 σου
1196 4013 1473 4084 ἔδραμον,
1505 4014 1651 4070 ὅταν
1690 4015 2034 4083 ἑπλάτυνας

449 4104 564 4171 τὴν
609 4107 862 4174 καρδίαν
899 4124 1038 4174 μου,
1077 4127 1130 4162 κ.
1177 4126 1226 4160 τ.
1266 4110 1312 4163 ἐ.
1350 4111 1412 4161 Οἱ
1448 4109 1594 4177 λόγοι
1647 4109 1754 4161 τῶν
1802 4111 2031 4163 ἐντολῶν

449 4196 811 4260 πλατύνοντες
855 4198 950 4268 τὴν
984 4200 1211 4271 καρδίαν
1254 4199 1473 4252 εῦκολον
1507 4202 1640 4270 αὐτῇ
1684 4200 2033 4271 παρασκευά-

449 4287 602 4354 ζουσι
629 4292 726 4361 τῆς
762 4295 1072 4364 πρακτικῆς
1102 4295 1198 4364 τὴν
1232 4294 1368 4347 ὁδόν.

524 4406 634 4460 Τοῦ
668 4407 874 4460 αὐτοῦ.
915 4427 931 4459 ι
970 4409 1116 4472 Ὁδὸς
1159 4410 1257 4480 μὲν
1293 4409 1452 4480 στενὴ
1495 4408 1589 4460 καὶ
1619 4407 1952 4478 τεθλιμμένη
1995 4409 2027 4478 ή

447 4497 738 4565 ἀπάγουσα
789 4499 868 4561 εἰς
919 4501 1017 4570 τὴν
1060 4497 1238 4570 ζωήν·
1272 4521 1288 4552 ι
1334 4500 1532 4570 καρδία
1565 4499 1621 4551 δὲ
1656 4499 1884 4551 πλατεῖα
1933 4501 2026 4552 καὶ

2143 1962 2287 2016 illius
2319 1961 2539 2030 quidem
2592 1961 2954 2030 praesentibus
3002 1959 3152 2025 irati,
3192 1958 3350 2027 hujus
3400 1975 3528 2013 vero
3558 1959 3729 2030 800

2143 2054 2386 2107 absentia
2420 2052 2800 2107 desiderantis.
2825 2050 3148 2106 Dormitatio
3170 2059 3252 2106 est
3284 2051 3477 2105 anima}
3509 2053 3723 2105 ratione

2143 2144 2383 2212 prteditre
2408 2143 2736 2213 negligentia
2762 2144 3026 2197 virtutum
3064 2151 3116 2197 et
3143 2143 3387 2196 scientia'
3419 2142 3534 2197 Dei.
3567 2141 3723 2197 Som-

2142 2253 2245 2291 nus
2289 2245 2373 2291 est
2419 2235 2616 2290 animae
2649 2234 2861 2288 ratione
2897 2233 3142 2304 praedita:
3195 2233 3506 2288 voluntaria
3553 2249 3724 2302 sepa-

2143 2329 2282 2384 ratio
2309 2343 2338 2381 a
2368 2342 2496 2382 vera
2539 2327 2674 2381 vita.
2716 2328 3063 2396 Quapropter
3103 2334 3157 2379 et
3192 2326 3416 2394 sapiens
3463 2325 3718 2380 Salomon

2143 2423 2394 2476 hortatur
2417 2420 2482 2484 ³⁸,
2513 2429 2571 2473 ιιι
2599 2436 2706 2472 nou
2741 2420 2896 2474 detur
2925 2433 3152 2474 somnus
3177 2419 3349 2474 oculis
3385 2431 3562 2487 neque
3592 2418 3720 2472 dor-

2142 2513 2355 2567 mitatio
2387 2511 2676 2581 palpebris.

2213 2625 2378 2680 Vens.
2420 2625 2509 2680 29.
2567 2623 2713 2678 Viam
2761 2625 3055 2693 iniquitatis
3106 2642 3286 2679 amove
3325 2643 3356 2678 a
3411 2643 3513 2690 me,
3557 2637 3602 2679 et
3657 2627 3722 2678 de

2142 2726 2252 2788 lege
2282 2729 2372 2770 tua
2400 2718 2640 2770 miserere
2675 2717 2794 2780 mei,
2822 2727 2929 2772 etc.
2961 2715 3078 2770 Non
3128 2732 3236 2781 me,
3285 2717 3487 2785 inquit,
3528 2733 3720 2770 amove

2142 2826 2172 2864 a
2201 2811 2285 2865 via
2317 2809 2643 2878 iniquitatis,
2669 2809 2762 2861 sed
2794 2809 2966 2875 ipsam
3000 2822 3029 2861 a
3059 2823 3164 2872 me,
3195 2818 3253 2860 ut
3279 2823 3400 2877 qua:
3432 2807 3561 2861 mihi
3594 2808 3720 2860 insit

2141 2912 2198 2955 et
2235 2899 2389 2953 nobis
2439 2897 2656 2966 quidem
2699 2906 2878 2965 egeat,
2931 2905 2991 2949 ut
3043 2907 3420 2960 removeatur,
3484 2899 3720 2950 maxime

2148 3006 2278 3044 vero
2307 2989 2398 3044 Dei
2434 2989 2658 3054 auxilio,
2706 2997 2763 3040 ut
2799 2991 2917 3057 lege
2965 2987 3056 3041 Dei
3105 2989 3532 3041 miscricordiam
3587 3005 3718 3042 con-

2139 3091 2470 3146 sequamur:
2504 3076 2660 3144 quasi
2696 3076 2846 3128 dicat
2898 3076 3108 3129 medico
3155 3095 3168 3129 :
3226 3077 3354 3130 Arte
3405 3077 3715 3130 mediciuali

2141 3171 2205 3223 ad
2227 3169 2510 3224 sanitatem
2538 3182 2728 3221 revoca
2758 3183 2862 3229 me,
2885 3168 3001 3222 sive
3031 3167 3176 3224 ferro
3198 3170 3312 3223 sive
3340 3170 3553 3224 ustione
3581 3185 3716 3238 opus

2139 3261 2230 3323 sit,
2257 3263 2373 3315 sive
2407 3259 2514 3313 alio
2551 3258 2792 3326 quolibet
2823 3259 3060 3312 remedio
3085 3261 3225 3330 quod
3250 3260 3488 3314 dolorem
3519 3262 3712 3330 pariat.

2141 3351 2312 3419 llujus
2354 3351 2486 3420 legis
2515 3365 2581 3404 ne
2619 3349 2837 3402 initium
2871 3351 3086 3418 quidem
3128 3349 3325 3406 habent
3369 3353 3403 3405 ii
3451 3354 3540 3420 qui
3577 3370 3713 3406 non-

2139 3444 2265 3499 dum
2320 3443 2520 3498 visitati
2570 3450 2716 3503 sunt,
2778 3443 2876 3496 sed
2933 3445 3110 3496 adhuc
3170 3443 3353 3498 traditi
3426 3442 3714 3500 all'ectibus

2141 3535 2486 3606 ignominiae;
2521 3534 2602 3588 vel
2652 3534 2937 3605 reprobus,
2971 3535 3052 3588 vel
3086 3536 3352 3604 quispiam
3385 3549 3569 3588 eorum
3621 3535 3711 3604 qui

2141 3627 2378 3682 nondum
2409 3629 2680 3681 emendati
2709 3637 2764 3680 et
2797 3628 3018 3682 sanitati
3068 3629 3302 3682 restituti
3353 3634 3501 3680 sunt.
3526 3625 3713 3690 Quan-

2141 3730 2251 3773 tum
2304 3719 2446 3772 enim
2501 3719 2584 3772 via
2633 3717 2941 3787 iniquitatis
2980 3733 3009 3771 a
3061 3719 3215 3771 nobis
3244 3733 3350 3771 non
3385 3727 3711 3780 removetur,

2141 3820 2345 3864 tantum
2376 3811 2635 3864 absmnus
2667 3811 2734 3864 ab
2769 3809 2927 3863 initio
2975 3808 3371 3865 misericordia:
3406 3826 3506 3878 per
3543 3809 3714 3878 legem

2143 3903 2231 3958 Dei
2265 3903 2661 3969 consequendi!)

2213 4013 2373 4068 Vens.
2414 4015 2503 4067 52.
2577 4011 2724 4066 Viam
2769 4012 3148 4065 mandatorum
3204 4024 3414 4068 tuorum
3479 4018 3713 4080 cucurri,

2135 4123 2254 4159 cum
2306 4106 2546 4158 dilatasli
2580 4121 2670 4158 car
2717 4121 2912 4169 meum,
2963 4115 3070 4160 etc.
3121 4104 3500 4159 Mandatorum
3547 4108 3710 4161 verba

2134 4213 2254 4265 quae
2283 4212 2378 4250 cor
2409 4197 2663 4262 dilatant,
2696 4198 2910 4253 facilem
2943 4199 2989 4254 ei
3021 4206 3220 4266 parant
3251 4197 3318 4252 ad
3367 4214 3451 4252 res
3479 4199 3714 4268 agendas

2138 4303 2302 4342 Viam.

2207 4401 2480 4472 Ejusdem.
2525 4420 2543 4453 ι
2581 4402 2676 4457 Via
2701 4401 2916 4472 quidem
2951 4411 3178 4473 angusta
3213 4411 3266 4456 et
3294 4412 3443 4456 arcta
3480 4413 3561 4456 est
3592 4418 3714 4472 quae

2132 4493 2281 4546 ducit
2318 4492 2385 4545 ad
2423 4493 2588 4545 vitam
2616 4492 2700 4558 ²⁶;
2741 4512 2759 4544 ι
2801 4508 2895 4546 cor
2926 4504 3104 4547 autem
3129 4493 3293 4547 latum
3320 4503 3372 4546 et
3406 4494 3708 4562 spatiosum

448 4562 760 4664 εὐρύχωρος
793 4593 897 4644 ὑπὸ
939 4562 1032 4644 τοῦ
1085 4562 1244 4660 λόγου
1303 4562 1637 4662 εὐρυνομένη
1674 4592 1706 4660 ἡ
1743 4591 1894 4657 ἁγία,
1936 4592 2029 4644 καὶ

2140 4601 2163 4637 a
2200 4584 2363 4637 verbo
2393 4583 2676 4637 dilatatam
2707 4593 2959 4639 sanctum
2995 4594 3104 4648 est,
3136 4594 3189 4639 et
3232 4585 3398 4639 Deum
3434 4587 3602 4652 videt,
3647 4601 3714 4640 ac

450 4683 578 4736 Θεὸν
608 4683 875 4754 ὀψομένη,
923 4685 1016 4736 καὶ
1049 4684 1138 4737 τὸν
1171 4684 1330 4737 καλὸν
1377 4683 1574 4754 δρόμον
1615 4687 1881 4756 τρέχουσα
1927 4685 2026 4754 τῆς

444 4772 564 4828 ὁδοῦ
597 4773 706 4826 τῶν
757 4774 983 4827 ἐντολῶν
1031 4773 1123 4826 τοῦ
1175 4774 1329 4827 Θεοῦ.
1367 4774 1522 4827 Οὕτω
1571 4775 1670 4846 μὲν
1715 4778 1748 4846 ἡ
1801 4776 2026 4828 πλατεῖα

446 4865 539 4916 καὶ
567 4863 876 4935 εὐρύχωρος
904 4865 1020 4926 ὁδὸς
1053 4865 1257 4932 ἀπάγει
1293 4867 1386 4918 ἐπί
1431 4866 1529 4935 τὴν
1564 4864 1860 4930 ἀπώλειαν,
1893 4869 1924 4936 ἡ
1968 4866 2026 4919 δὲ

448 4956 608 5027 στενὴ
653 4955 868 5026 καρδία,
907 4957 999 5009 καὶ
1035 4957 1108 5026 μὴ
1139 4957 1387 5028 χωροῦσα
1421 4959 1475 5010 ἐν
1507 4959 1672 5028 ἑαυτῇ
1713 4958 1876 5027 μονὴν
1914 4959 2025 5009 [Ια-

444 5046 573 5117 τρὸς
617 5048 709 5098 καὶ
742 5045 869 5097 Υἱοῦ
918 5047 1138 5114 χωρίζει
1175 5047 1282 5098 ἀπὸ
1326 5045 1460 5098 Θεοῦ
1501 5046 1589 5098 διὰ
1625 5047 1721 5115 τὴν
1763 5062 2026 5115 στενοχω-

452 5137 570 5208 ρίαν
596 5138 686 5191 τὸν
715 5137 976 5206 τοιαύτην
1000 5139 1066 5206 τῇ
1099 5138 1293 5189 ἑαυτοῦ
1321 5139 1487 5207 κακία
1520 5137 1880 5207 πεποιηκότα.

517 5245 936 5314 Νομοθέτησόν
961 5263 1058 5313 με,
1088 5247 1284 5312 Κύριε,
1317 5245 1433 5314 τὴν
1464 5246 1607 5298 ὁδὸν
1644 5245 1760 5298 τῶν
1790 5245 2022 5297 δικαιω-

444 5337 647 5408 μάτων
691 5355 828 5399 σου,
865 5337 960 5388 καὶ
997 5336 1297 5402 exiri-iniam)
1328 5336 1524 5404 αὐτὴν
1555 5337 1652 5389 διὰ
1688 5336 1935 5400 παντὸς,
1968 5353 2021 5389 κ.

447 5443 498 5478 τ.
529 5427 576 5480 ἐ.
614 5427 684 5477 Τὸ
721 5427 820 5495 μὲν
872 5426 983 5496 γὰρ
1033 5426 1180 5497 παρά
1228 5425 1321 5477 τοῦ
1369 5426 1502 5478 Θεοῦ
1551 5429 1813 5490 αἰτεῖται,
1864 5427 1922 5478 τὸ
1967 5427 2023 5478 δὲ

447 5517 842 5586 ιπαγγέλλεται
873 5517 933 5580 ἐξ
977 5517 1170 5569 ἑαυτοῦ
1220 5518 1614 5588 συνεισφέρεινο
1659 5521 1728 5571 Σὺ
1764 5521 1860 5589 μὲν
1893 5520 2020 5591 γάρ’

454 5612 632 5680 φησὶν,
663 5605 708 5662 ὦ
747 5611 936 5677 Κύριε,
980 5610 1344 5681 νομοθέτησὸν
1381 5629 1470 5681 μοι
1517 5611 1615 5681 τὴν
1647 5612 1766 5665 ὁδὸν
1799 5612 1906 5666 τῶν
1947 5613 2024 5664 δι-

521 5747 565 5776 '°
612 5745 755 5798 l’sal.
803 5761 911 5802 MU,
965 5747 1042 5799 16.

456 5813 497 5840 ’θ
522 5816 710 5870 Matth.
745 5830 837 5873 ιιι.
874 5816 953 5870 tl.

1119 5747 1156 5777 "
1197 5744 1338 5802 Psal.
1368 5763 1513 5811 sun,
1547 5748 1636 5801 25.

1719 5751 1759 5780 ²²
1796 5748 1985 5818 Philip.
2017 5766 2096 5816 ιιι,
2128 5749 2219 5803 21.

2136 4677 2276 4730 viam
2314 4675 2693 4730 mandatorum
2744 4677 2836 4730 Dei
2893 4677 3086 4730 currit.
3121 4676 3211 4732 Sic
3258 4679 3365 4732 lata
3407 4679 3624 4746 quidem
3658 4687 3713 4733 et

2133 4771 2372 4836 spatiosa
2420 4767 2503 4821 via
2553 4768 2702 4822 ducit
2757 4769 2822 4822 ad
2871 4769 3255 4836 perditionem,
3301 4788 3397 4825 cor
3437 4787 3566 4826 vero
3615 4787 3713 4826 an—

2135 4870 2348 4928 gustmn
2379 4867 2432 4912 et
2472 4870 2708 4925 arctum,
2738 4869 2793 4914 et
2820 4861 2962 4928 quod
3000 4877 3106 4915 non
3139 4864 3285 4932 capit.
3318 4864 3368 4916 in
3419 4864 3713 4932 semetipso

2132 4952 2466 5004 mansionem
2499 4949 2675 5004 Patris
2699 4963 2752 5006 et
2784 4952 2930 5018 Filii,
2961 4963 3182 5021 propter
3205 4956 3514 5024 angustiam
3554 4972 3708 5008 suam

2129 5052 2346 5110 separat
2390 5059 2420 5096 a
2471 5043 2582 5098 Deo
2636 5044 2783 5098 illum
2836 5046 2928 5115 qui
2983 5047 3192 5100 malitia
3237 5061 3334 5102 sua
3379 5048 3554 5117 ipsum
3604 5047 3710 5101 tale

2133 5132 2385 5188 reddidit.

2208 5244 2366 5299 Vens.
2409 5245 2500 5302 55.
2540 5243 2728 5316 Legem
2755 5263 2890 5316 pone
2925 5250 3080 5314 milii,
3113 5249 3355 5316 Domine,
3387 5252 3518 5303 viam
3542 5248 3706 5318 justi:

2130 5338 2436 5405 ﬁcationum
2480 5347 2725 5404 tuarum,
2767 5350 2814 5394 et
2849 5342 3119 5408 exquiram
3157 5359 3276 5394 eam
3321 5358 3544 5408 semper,
3595 5354 3707 5398 etc.

2133 5429 2262 5482 lllud
2299 5429 2517 5498 quidem
2545 5445 2576 5482 a
2620 5430 2727 5483 Deo
2758 5432 2911 5500 petit,
2967 5433 3110 5486 aliud
3146 5448 3273 5488 vero
3320 5449 3382 5487 ex
3433 5444 3583 5502 parte
3611 5451 3709 5490 sua

2132 5521 2415 5588 pollicetur
2440 5535 2498 5574 sc
2522 5520 2866 5577 collaturum.
2901 5522 3000 5588 Tu,
3029 5525 3222 5592 inquit,
3254 5525 3500 5591 Domine,
3533 5526 3706 5596 legem

2132 5630 2272 5682 pone
2307 5613 2438 5668 mibi
2470 5613 2610 5668 viam
2639 5613 3093 5683 justiticationum
3132 5626 3370 5681 tuarum,
3423 5633 3522 5687 ego
3579 5634 3709 5674 vero

2297 5752 2521 5810 "Rom.
2569 5770 2664 5822 vn,
2710 5756 2797 5811 ‘21.
2881 5754 3081 5811 “Vers.
3114 5755 3204 5813 ‘25.
3282 5758 3326 5787 ³⁵
3359 5754 3514 5811 Prov.
3553 5773 3622 5820 vt,
3651 5757 3703 5810 4.
