4106 6444
433 369 570 424 1595

1771 361 1856 412 ΕΞ
1900 353 2201 413 ORIGENE

3549 348 3684 401 ίῖιῖιϋ

425 503 590 544 Omtte
624 488 745 540 vita:
778 503 908 541 mea:
941 497 1152 555 tempus
1201 486 1251 538 in
1287 484 1404 552 ejus
1457 486 1864 553 inquisitionem
1906 483 1995 536 im-

2113 474 2442 544 καιωμάτων
2479 490 2602 525 σου·
2638 470 2747 539 ἐγὼ
2785 473 2839 524 δὲ
2874 473 2963 526 τὸν
2993 469 3092 540 τῆς
3125 471 3267 539 ζωῆς
3320 486 3420 536 μου
3469 469 3682 521 ἅπαντα

428 581 680 651 petulaln.

501 669 668 724 Vens.
712 670 801 724 54.
833 669 910 722 Da
940 669 1064 722 mihi
1093 669 1433 734 intellectum,
1459 680 1507 722 et
1535 669 1809 722 scrutabor
1841 668 2000 737 legem

425 775 598 825 tuam,
627 775 675 817 et
701 764 996 818 custodiam
1035 763 1180 816 illam
1217 765 1268 815 in
1301 771 1406 815 toto
1438 765 1596 816 corde
1624 779 1756 827 meo,
1787 772 1895 816 etc.
1924 760 2006 815 In-

429 849 642 904 tellecta
671 865 808 917 opus
839 851 1101 903 habemus
1136 853 1200 902 ad
1233 850 1638 918 intelligendam
1672 851 1867 920 legem,
1905 865 2000 906 ne-

428 955 536 1008 que
586 939 729 993 enim
769 939 1056 994 tuauiI'esta
1085 951 1168 994 cst
1206 951 1262 996 et
1303 953 1463 1009 captu
1520 941 1715 1007 facilis,
1753 943 1848 996 sed
1879 950 2004 1010 eget

427 1030 632 1084 auxilio
673 1029 764 1084 Dei
799 1041 852 1085 et
881 1040 1064 1084 nostra
1100 1047 1253 1096 cura,
1292 1043 1349 1085 ut
1377 1047 1444 1085 ex
1486 1032 1599 1100 ipsa
1639 1032 2005 1099 percipiamus

427 1134 608 1172 rerum
664 1122 996 1189 agendarum
1050 1132 1103 1176 et
1154 1123 1696 1192 contemplandarum
1745 1139 1900 1176 usum
1951 1133 2003 1176 et

425 1209 734 1262 scientiam.
765 1208 863 1264 Sic
906 1209 1050 1264 enim
1085 1212 1292 1281 abjecta
1339 1213 1486 1264 omni
1519 1212 1690 1264 animi
1729 1213 2003 1266 anxietate

426 1297 481 1350 in
523 1307 636 1352 toto
689 1301 854 1354 corde
894 1304 1196 1354 custodiam
1249 1301 1421 1354 illam.
1477 1303 1530 1354 Si
1569 1317 1696 1355 vero
1728 1302 2000 1356 intellectu

425 1401 548 1459 eget
597 1394 993 1461 perscrutatio,
1049 1403 1259 1463 quanto
1311 1394 1504 1464 magis.
1562 1403 1620 1448 ut
1671 1393 1792 1447 linis
1850 1395 2003 1448 inve-

426 1483 632 1538 niatur.

499 1575 662 1630 Vens.
701 1577 794 1631 40.
842 1577 974 1634 Ecce
1016 1581 1284 1647 concupiui
1309 1579 1561 1632 mandata
1601 1589 1734 1632 tua:
1764 1579 1815 1632 in
1845 1579 2002 1649 atqui-

431 1677 535 1722 tate
564 1677 656 1722 tua
685 1669 888 1737 vivi/ica
919 1687 1018 1734 me,
1043 1680 1147 1724 etc.
1174 1670 1608 1754 chibutionem
1639 1672 1776 1739 petit
1798 1671 2000 1738 justam

427 1760 591 1814 vitam
645 1771 701 1814 et
753 1762 942 1820 virtuti
1001 1772 1450 1828 consentaneum,
1498 1778 1602 1816 non
1644 1763 1820 1817 solum
1855 1763 2000 1831 quod

2106 569 2294 638 χρόνον
2325 566 2574 619 ἐπιδώσω
2597 570 2676 628 εἰς
2701 563 3033 633 ἀναζήτησιν
3067 561 3258 631 αὐτῆς.

2177 660 2504 715 Συνέτισόν
2531 677 2626 729 με,
2655 659 2750 712 καὶ
2785 655 3157 724 ὲξερευνήσω
3191 654 3298 706 τὸν
3327 651 3518 720 νόμον
3543 665 3680 714 σου,

2105 753 2202 806 καὶ
2261 749 2511 820 φυλάξω
2547 749 2735 801 αὑτὸν
2770 748 2839 800 ἐν
2885 748 2997 814 ὅλῃ
3039 746 3251 812 καρδίᾳ
3287 761 3429 812 μου,
3467 761 3519 797 κ.
3549 760 3598 798 τ.
3631 743 3678 796 ἑ.

2106 843 2377 907 Συνέσεως
2409 842 2678 915 χρῄζομεν
2721 841 2858 912 πρὸς
2895 843 2956 892 τὸ
2994 840 3180 909 νοῆσαι
3211 838 3302 891 τὸν
3345 838 3540 907 νόμον·
3583 837 3682 890 οὐκ

2105 939 2218 990 ἔστι
2266 937 2371 1008 γὰρ
2407 938 2581 1006 σαφὴς
2624 934 2656 1005 ἢ
2699 933 3196 1002 εὐκαταφρόνητος·
3230 930 3400 983 δεῖται
3439 929 3496 982 δὲ
3544 927 3677 981 Θεοῦ

2106 1025 2422 1096 συνεργείας
2461 1025 2555 1076 καὶ
2584 1023 2684 1092 τῆς
2717 1022 2987 1092 ἡμετέρας
3020 1018 3274 1090 σπουδῆς,
3311 1018 3387 1082 ὡς
3417 1017 3476 1082 ἐξ
3511 1016 3674 1069 αὑτοῦ

2103 1117 2286 1170 λαϐεῖν
2326 1116 2423 1186 τήν
2457 1133 2516 1167 τε
2567 1114 2764 1185 χρῆσιν
2813 1113 2905 1165 καλ¹
2957 1112 3056 1181 τὴν
3105 1111 3407 1181 κατάληψιν
3463 1109 3570 1162 τῶν
3618 1127 3674 1162 τε

2105 1206 2424 1278 πρακτικῶν
2467 1207 2560 1258 καὶ
2613 1201 2996 1274 Θεωρητικῶν’
3033 1200 3173 1254 οὕτω
3214 1201 3323 1270 γὰρ
3373 1200 3539 1269 μηδὲν
3591 1200 3678 1252 ὲν-

2104 1297 2352 1362 δοιάζων,
2400 1297 2457 1351 ὲν
2503 1297 2601 1368 ὅλῃ
2657 1295 2856 1366 καρδίᾳ
2929 1291 3147 1363 φυλάξω
3197 1291 3377 1344 αὐτόν.
3429 1293 3492 1343 Ei
3545 1291 3602 1344 δὲ
3643 1294 3678 1360 ἡ

2105 1389 2297 1461 ἔρευνα
2329 1390 2497 1442 δεῖται
2527 1387 2812 1454 συνέσεως,
2857 1388 3006 1455 πόσῳ
3053 1385 3272 1456 μᾶλλον,
3301 1385 3388 1438 ἵνα
3431 1401 3514 1448 τις
3545 1383 3683 1454 εὕρῃ

2105 1483 2166 1536 τὸ
2193 1483 2346 1545 τέλος
2365 1500 2378 1548 ;

2189 1575 2332 1628 Ἰδοὺ
2382 1575 2733 1643 ἐπεθύμησα
2781 1572 2885 1638 τὰς
2916 1570 3168 1636 ἐντολάς
3203 1587 3340 1634 σου,
3372 1569 3440 1620 ὲν
3475 1565 3548 1635 τῇ
3589 1565 3680 1619 δι-

2106 1673 2397 1738 καιοσύνῃ
2439 1687 2554 1724 σου
2597 1669 2782 1738 ξῆσόν
2820 1685 2914 1743 με,
2962 1685 3014 1720 κ.
3049 1683 3097 1718 τ.
3141 1667 3185 1718 ἑ.
3231 1663 3489 1734 ’Λμοιϐὴν
3541 1663 3683 1714 αἰτεῖ

2105 1763 2204 1833 τὴν
2247 1763 2462 1816 δικαίαν
2511 1761 2656 1832 ζωὴν
2703 1761 2796 1814 καὶ
2844 1763 2964 1812 κατ’
3007 1759 3226 1830 ἀρετὴν,
3279 1759 3339 1810 οὐ
3392 1758 3552 1827 μόνον
3606 1755 3682 1818 ὡς

424 1851 740 1904 custodierit
789 1853 1066 1918 mandata,
1111 1855 1271 1923 801
1321 1857 1416 1908 sed
1469 1857 1614 1923 quod
1659 1870 1842 1908 amore
1871 1871 1995 1924 erga

2105 1855 2346 1924 φυλάξας
2375 1855 2474 1917 τὰς
2507 1852 2748 1916 ἐντολὰς,
2789 1851 2926 1904 ἀλλὰ
2975 1851 3068 1903 καὶ
3097 1850 3172 1914 ὡς
3229 1849 3508 1921 ἐρωτικῶς
3555 1848 3682 1917 περὶ

426 1941 518 1994 illa
561 1941 792 1998 aﬂ'ectus
823 1945 916 2007 sit,
956 1961 1056 1998 nec
1101 1946 1325 1998 alterius
1357 1943 1656 2013 cuiuspiam
1707 1947 1781 1998 rei
1811 1960 1999 2010 causa,

425 2031 518 2085 sed
547 2047 608 2085 ea
644 2042 866 2101 propter
917 2035 1030 2102 ipsa
1073 2038 1398 2090 servaverit.
1450 2037 1516 2090 Et
1561 2036 2001 2105 quandoquidem

419 2123 632 2190 iustitia
669 2125 847 2181 Patris
903 2128 1074 2184 Filius
1125 2139 1246 2196 est,
1301 2131 1393 2200 qui
1447 2131 1500 2184 in
1555 2130 1778 2186 Christo
1819 2129 2005 2184 vivere

423 2216 555 2278 vult,
589 2217 705 2272 haec
737 2219 834 2278 ait.

497 2305 658 2362 Vsus.
687 2309 777 2364 42.
807 2311 873 2364 Et
895 2311 1215 2379 respondebo
1241 2314 1682 2380 exprobrantibus
1711 2316 1842 2368 mihi
1885 2334 2002 2371 rer-

427 2403 573 2462 bum,
617 2403 746 2470 quia
789 2406 996 2469 speravi
1039 2405 1092 2456 in
1128 2405 1456 2458 sermonibus
1499 2408 1604 2458 tuis
1635 2447 1649 2470 ,
1681 2415 1786 2460 etc.
1818 2408 1999 2462 Dicam

425 2493 570 2545 cnim
617 2495 896 2563 indEgnum
946 2512 1068 2550 esse
1113 2497 1377 2564 ejusmodi
1430 2499 1681 2566 dogmata
1730 2500 1777 2552 ei
1811 2500 1901 2566 qui
1935 2515 2000 2554 ea

423 2593 684 2648 sectatur,
717 2586 1058 2654 exprobrari.
1092 2587 1182 2640 llla
1209 2589 1460 2643 derident
1485 2605 1513 2640 a
1549 2591 1652 2642 lide
1690 2591 1852 2644 alieni
1879 2602 1999 2647 tan—

420 2691 583 2744 quam
620 2678 786 2730 stulta
815 2717 827 2738 ,
865 2692 968 2746 ego
1016 2694 1146 2732 vero
1176 2680 1461 2734 ostendam
1510 2679 1784 2734 intellectu
1829 2694 1883 2736 et
1916 2700 2004 2739 sa-

423 2765 625 2834 pientia
657 2765 839 2834 plena.
875 2768 1234 2838 Respondebo
1266 2769 1510 2834 verbum,
1540 2770 1664 2838 quia
1711 2771 1762 2825 in
1793 2789 2002 2830 sermo-

421 2857 583 2912 nibus
621 2860 728 2912 tuis
755 2862 1161 2930 supersperavi.

490 2947 648 3003 Vens.
677 2951 767 3004 45.
807 2949 874 3004 Et
899 2968 960 3005 ne
997 2953 1212 3021 auferas
1239 2955 1303 3006 de
1340 2971 1428 3009 ore
1459 2973 1574 3011 meo
1612 2960 1818 3013 verbum
1855 2960 1998 3013 veri-

417 3043 563 3104 :atis,
595 3053 698 3097 etc.
753 3040 819 3096 Et
872 3058 938 3097 nc
989 3043 1207 3098 auferas
1238 3049 1305 3100 de
1355 3052 1519 3103 corde
1555 3065 1672 3104 meo
1709 3052 1994 3106 scientiam

417 3148 626 3188 veram.

485 3228 648 3282 Vsus.
679 3229 770 3284 45.
805 3229 874 3283 Et
905 3231 1238 3286 ambulabant
1275 3236 1330 3286 in
1357 3233 1660 3302 latitudine,
1679 3239 1806 3306 quia
1839 3255 1996 3292 mau-

415 3321 544 3373 data
598 3333 688 3374 tua
730 3324 1034 3393 exquisivi,
1085 3335 1192 3379 etc.
1246 3325 1498 3380 Ambulat
1557 3329 1606 3380 iu
1660 3329 1944 3384 latitudine
1975 3373 1990 3398 ,

414 3417 786 3478 quamtumvis
823 3416 1129 3482 tribuletur,
1157 3418 1245 3485 qui
1273 3419 1405 3472 dicit
1443 3438 1455 3472 :
1493 3438 1510 3471 ι
1548 3419 1602 3472 lu
1640 3422 1994 3478 tribulatione

415 3504 656 3562 dilatasti
685 3508 816 3562 mibi
846 3509 929 3575 '7;
978 3528 997 3560 ›
1029 3519 1083 3564 et
1109 3526 1299 3565 rursus
1333 3529 1345 3564 :
1385 3530 1404 3564 ι
1447 3511 1502 3566 In
1535 3514 1790 3567 omnibus
1823 3515 1996 3569 tribu-

413 3596 667 3654 lationem
693 3601 954 3669 patimur,
988 3603 1083 3657 sed
1116 3618 1222 3656 non
1257 3605 1637 3672 angustiamur
1661 3605 1728 3656 ’⁸.
1763 3625 1783 3656 ι
1823 3605 1993 3660 llabet

412 3691 556 3744 enim
589 3707 708 3746 eam
739 3708 900 3761 quam
939 3695 1162 3750 verbum
1199 3683 1293 3748 dat
1319 3695 1681 3762 latitudinem,
1707 3713 1866 3766 quam
1901 3699 1990 3766 qui

415 3793 622 3850 peccat,
659 3799 764 3838 non
798 3783 980 3839 habet.
1017 3786 1358 3855 Quapropter
1394 3787 1692 3842 Corinthiis
1728 3789 1803 3841 ait
1848 3789 1994 3842 Pau-

415 3875 499 3928 lus
524 3875 591 3928 dc
624 3889 682 3928 se
715 3875 932 3944 quidem
964 3895 977 3929 :
1007 3895 1024 3928 ι
1053 3877 1575 3948 Nonangustiamini
1606 3880 1654 3932 in
1690 3880 1906 3935 uobis'9
1928 3897 1942 3948 ;
1967 3900 1986 3932 ›

415 3965 482 4018 de
539 3964 644 4018 illis
686 3981 814 4019 vero
871 3985 883 4020 :
940 3985 958 4017 ι
1019 3969 1422 4038 Angustiamiui
1477 3970 1530 4021 in
1565 3970 1867 4026 visceribus
1899 3987 1994 4025 ve--

412 4055 542 4108 stris
575 4055 641 4108 ³⁰.
687 4075 706 4106 ι
744 4054 882 4110 Mala
907 4058 1051 4111 enim
1085 4073 1248 4127 opera
1283 4045 1480 4113 malum
1522 4061 1573 4112 in
1606 4060 1790 4128 seipso
1823 4077 1991 4131 angu-

413 4147 597 4202 stiant.

483 4238 758 4308 Ejusdem.
792 4239 1046 4295 Charitas
1081 4241 1174 4295 Dci
1205 4241 1494 4298 animabus
1541 4244 1819 4300 hominum
1851 4246 1992 4302 indit

409 4328 774 4384 latitudinem.
802 4331 1051 4386 Charitas
1071 4333 1242 4398 enim,
1276 4332 1473 4402 inquit,
1509 4350 1616 4388 non
1652 4347 1988 4393 coarctatur.

413 4421 640 4476 [‘ilectio
706 4433 886 4476 autem
942 4423 1036 4477 Dei
1086 4433 1172 4477 est
1227 4426 1600 4479 mandatorum
1645 4429 1759 4498 ejus
1817 4431 1991 4498 inqui-

2107 1948 2275 2010 αὐτὰς
2311 1946 2680 2014 διακείμενος’
2719 1943 2813 1996 καὶ
2843 1943 2941 1994 οὐκ
2965 1941 3126 1994 ᾶλλου
3161 1942 3340 2011 χάριν,
3368 1939 3480 1991 ἀλλ’
3512 1939 3682 2001 αὑτὰς

2106 2040 2197 2091 καὶ
2246 2039 2312 2090 δι’
2353 2037 2520 2099 αὑτὰς
2575 2034 2846 2088 ἐκτελῶψ
2909 2035 3003 2085 καὶ
3060 2034 3182 2085 ἐπεὶ
3235 2029 3547 2100 δικαιοσύνη
3587 2028 3676 2084 τοῦ

2105 2131 2316 2202 Πατρδς
2357 2131 2386 2184 ὁ
2427 2127 2573 2193 Υἱὸς,
2603 2129 2631 2181 6
2673 2129 2730 2180 ὲν
2771 2126 2884 2196 Υἱῷ
2931 2125 3092 2196 ζῆσαι
3149 2124 3469 2194 βουλόμενος
3522 2121 3682 2174 τοῦτό

2105 2240 2258 2294 φησι.

2173 2314 2283 2367 Καὶ
2311 2311 2784 2379 ἀποκριθήσομαι
2819 2309 2943 2375 τοῖς
2975 2307 3328 2367 ὀνειδίζουσί
3361 2325 3438 2376 με
3471 2308 3678 2376 λόγον,

2103 2406 2192 2459 ὅτι
2241 2405 2478 2473 ἤλπισα
2510 2405 2606 2456 ἐπὶ
2639 2403 2781 2468 τοὺς
2813 2403 3036 2470 λόγους
3066 2419 3202 2464 σου,
3251 2419 3304 2453 κ.
3351 2419 3401 2453 τ.
3439 2401 3486 2453 ὲ.
3540 2401 3679 2471 Ἐρῶ

2103 2497 2232 2570 γὰρν
2268 2497 2341 2561 ὡς
2370 2499 2470 2549 οὐκ
2503 2496 2649 2560 ἄξιον
2682 2494 3033 2558 ὀνειδίζεσθαι
3063 2494 3151 2546 τὸν
3183 2493 3408 2546 τοιαῦτα
3437 2493 3680 2562 δόγματα

2101 2589 2314 2662 ἔχοντα.
2346 2589 2536 2641 Ἃτινα
2563 2587 2794 2654 γελῶσιν
2822 2588 2870 2638 οἱ
2895 2587 2993 2654 τῆς
3021 2585 3256 2646 πίστεως
3295 2584 3565 2654 ἀλλότριοι
3605 2583 3678 2646 ὡς

2106 2682 2282 2753 μωρὰ,
2331 2682 2598 2744 συνέσεως
2631 2680 2688 2732 δὲ
2739 2679 2850 2748 ἐγὼ
2889 2675 3157 2741 ἀποδείξω
3201 2677 3294 2730 καὶ
3343 2677 3534 2744 σοφίας
3580 2695 3678 2729 πε-

2102 2773 2454 2844 πληρωμένα.
2503 2771 2965 2842 Ἀποκριθήσομαι
2999 2769 3053 2822 δὲ
3082 2769 3260 2837 λόγον,
3288 2770 3410 2822 ἐπεὶ
3441 2770 3524 2832 είς
3553 2769 3678 2832 τοὺς

2100 2865 2292 2934 λόγους
2325 2882 2416 2916 σου
2445 2864 2741 2935 ἑπήλπισα.

2170 2959 2277 3014 Καὶ
2321 2957 2405 3026 μὴ
2448 2957 2730 3024 περιέλῃς
2761 2955 2830 3008 ἐκ
2859 2954 2966 3007 τοῦ
3005 2955 3302 3024 στόματός
3335 2971 3453 3024 μου
3493 2954 3678 3022 λόγον

2099 3051 2404 3118 ἀληθείας,
2437 3069 2488 3104 κ.
2519 3068 2568 3102 τ.
2607 3051 2654 3102 ὲ.
2694 3051 2802 3101 Καὶ
2829 3048 2904 3119 μὴ
2935 3047 3194 3120 περιέλῃς
3221 3049 3286 3100 ἐκ
3321 3047 3418 3116 τῆς
3449 3046 3676 3117 καρδίας

2105 3159 2204 3214 μου
2238 3141 2436 3210 γνῶσιν
2469 3140 2666 3212 ἀληθῆ.

2171 3237 2280 3291 Καὶ
2327 3237 2702 3304 ἐπορευόμην
2728 3235 2799 3288 ἐν
2840 3232 3193 3302 πλατυσμῷ,
3241 3233 3330 3286 ὅτι
3373 3233 3478 3298 τὰς
3513 3233 3676 3286 ἐντο-

2096 3329 2211 3396 λάς
2235 3345 2351 3382 σου
2383 3325 2731 3394 ἐξεζήτησα,
2770 3343 2824 3380 κ.
2872 3343 2922 3378 τ.
2957 3326 3004 3379 ὲ.
3046 3325 3340 3396 Πορεύεται
3381 3329 3438 3379 ἐν
3477 3327 3678 3380 πλατυ-

2099 3421 2241 3492 σμῷ,
2267 3420 2366 3474 κᾶν
2391 3419 2660 3490 Θλίϐηται,
2690 3420 2717 3471 ὁ
2741 3419 2917 3487 λέγων
2937 3435 2948 3447 ·
2989 3438 3008 3470 ι
3055 3420 3142 3470 Ἑν
3172 3419 3346 3488 θλίψει
3371 3419 3677 3482 ὲπλάτυνὰς

2101 3529 2208 3585 μοι·
2251 3532 2268 3564 ›
2307 3513 2400 3564 καὶ
2433 3511 2614 3564 πάλιν·
2673 3529 2690 3560 ι
2742 3511 2828 3562 Ἐν
2872 3511 3034 3562 παντὶ
3066 3509 3393 3580 Θλιϐόμενοι,
3443 3510 3559 3562 ἀλλ’
3613 3511 3674 3562 οὺ

2099 3602 2590 3674 στενοχωρούμενοι
2615 3618 2628 3630 ·
2675 3620 2693 3652 ι
2731 3600 2841 3670 ἔχει
2871 3599 2978 3671 γὰρ
3007 3600 3103 3670 τὴν
3135 3599 3242 3652 ἀπὸ
3271 3601 3364 3652 τοῦ
3389 3601 3548 3668 λόγου
3583 3617 3676 3668 γε·

2097 3693 2329 3763 νομένην
2376 3691 2736 3764 εὐρυχωρίαν,
2791 3691 2858 3760 ἥν
2900 3707 2980 3754 τις
3021 3689 3350 3760 ἁμαρτάνων
3395 3693 3494 3743 οὐκ
3538 3691 3672 3760 ἔχει.
3747 3731 3752 3734 -

2096 3784 2187 3837 Διό
2222 3801 2352 3854 φησι
2397 3783 2703 3856 Κορινθίοις
2733 3785 2762 3835 6
2795 3783 3006 3845 Παῦλος
3047 3783 3176 3854 περὶ
3214 3782 3312 3852 μὲν
3344 3781 3562 3846 ἑαυτοῦ,
3591 3783 3674 3835 ὅτι

2103 3895 2120 3927 ι
2165 3876 2236 3928 Οὐ
2287 3873 2708 3946 στενοχωρεῖσθε
2761 3876 2818 3926 ὲν
2857 3875 3023 3944 ἡμῖν’
3075 3893 3092 3924 ι
3139 3875 3268 3945 περὶ
3320 3874 3376 3926 δὲ
3423 3873 3672 3933 ἐκείνων,

2097 3971 2196 4032 ὅτι,
2245 3989 2263 4020 ι
2289 3967 2714 4040 Στενοχωρεῖσθε
2751 3969 2809 4020 ὲν
2843 3969 2953 4030 τοῖς
2985 3966 3314 4036 σπλάγχνοις
3343 3967 3370 4017 ὑ
3381 3966 3552 4036 udum
3590 3965 3672 4018 Τὰ

2094 4064 2201 4134 γὰρ
2234 4063 2376 4116 κατὰ
2402 4063 2599 4116 κακίαν
2631 4061 2768 4132 ἔργα
2799 4060 2888 4113 τὸν
2915 4059 3116 4129 φαῦλον
3149 4062 3476 4130 στενοχωρεῖ
3509 4059 3672 4113 αὑτὸν

2095 4157 2153 4208 ὲν
2187 4155 2355 4222 αὐτῷ.

2170 4249 2280 4301 Τοῦ
2305 4245 2511 4300 αὑτοῦ.
2549 4246 2612 4298 Ἡ
2643 4245 2778 4314 πρὸς
2808 4244 2940 4297 Θεὸν
2972 4245 3162 4314 ἀγάπη
3193 4245 3312 4306 ταῖς
3345 4243 3542 4312 ψυχαῖς
3563 4244 3672 4298 τῶν

2093 4339 2396 4411 ἀνθρώπιον
2435 4337 2775 4409 εὐρυχωρίαν
2808 4337 3120 4406 ἐργάζεται.
3187 4336 3253 4388 Ἦ
3297 4336 3483 4406 ἀγάπη
3537 4336 3670 4406 γὰρ,

2097 4433 2278 4502 φησιν,
2330 4432 2389 4484 οὐ
2439 4432 2870 4500 στενοχωρεῖται.
2933 4429 2996 4480 Ἡ
3044 4427 3232 4498 ἀγάπη
3288 4427 3345 4479 δὲ
3393 4427 3530 4498 πρὸς
3578 4428 3670 4481 τὸν

413 4514 543 4567 sitio
575 4523 627 4568 ct
678 4515 985 4570 exsecutio.
1020 4513 1155 4568 Nam
1189 4517 1449 4569 Dominus
1480 4518 1559 4570 ait
1586 4519 1627 4548 ³¹
1663 4537 1675 4572 :
1713 4537 1730 4570 ι
1769 4519 1823 4572 Si
1867 4521 1990 4574 dili-

2099 4517 2226 4570 Θεὸν
2253 4520 2285 4588 ἡ
2323 4517 2429 4570 τῶν
2457 4516 2686 4569 ἐντολῶν
2717 4514 2881 4568 αὑτοῦ
2918 4513 3144 4586 ζήτησις
3175 4517 3265 4568 καὶ
3293 4515 3630 4586 κατόρθωσις
3653 4533 3666 4545 ·

409 4607 538 4678 gitis
575 4622 660 4661 mc
688 4648 702 4670 ,
733 4610 985 4662 mandata
1016 4623 1133 4661 mea
1166 4619 1401 4667 servate.
1438 4629 1456 4660 ι
1493 4611 1685 4666 Merito
1729 4614 1915 4680 itaque
1945 4615 1990 4668 is

409 4699 503 4768 qui
552 4701 808 4754 mandata
841 4700 932 4754 Dei
975 4701 1190 4769 quaerit,
1231 4704 1282 4754 in
1317 4701 1605 4757 latitudine
1639 4706 1904 4768 ambulat,
1938 4707 1989 4759 id

413 4801 498 4845 est
525 4835 539 4858 ,
583 4791 634 4844 in
675 4791 967 4847 latitudine
1023 4795 1186 4849 vitam
1241 4797 1518 4861 instituit;
1549 4798 1987 4866 quamloquidcm

411 4884 458 4936 is
493 4885 583 4952 qui
617 4883 790 4954 diligit
835 4885 1147 4952 Dominum,
1181 4889 1364 4944 munia
1398 4889 1614 4954 sull'crt,
1652 4891 1834 4942 (tumin
1870 4906 1990 4945 sus-

413 4976 569 5040 tinet,
609 4987 664 5031 ct
695 4978 921 5046 nullam,
955 4981 1030 5034 uti
1069 4997 1167 5050 par
1198 4992 1303 5050 est,
1339 4983 1645 5052 angustiam
1681 4983 1845 5038 subit.

480 5153 645 5208 VEns.
711 5154 800 5208 46.
858 5157 924 5210 Et
973 5159 1224 5228 loquebar
1274 5158 1338 5210 de
1399 5159 1708 5211 testimoniis
1774 5159 1878 5212 tuis
1934 5161 1986 5212 in

407 5259 685 5314 conspectu
717 5263 894 5316 regum
925 5289 938 5312 ,
973 5260 1018 5302 et
1072 5265 1174 5302 non
1207 5249 1590 5314 confundebar,
1635 5261 1745 5305 etc.
1791 5249 1986 5308 Paulus

405 5341 572 5392 etiam
610 5340 744 5394 dicit
767 5341 811 5372 ³⁸
846 5359 859 5394 :
889 5360 907 5391 ι
952 5342 1065 5394 Non
1097 5343 1240 5396 enim
1281 5339 1546 5395 erubesco
1587 5343 1936 5410 Evangelium
1966 5364 1980 5400 :

405 5432 580 5485 virtus
608 5433 753 5486 enim
795 5431 888 5486 Dci
927 5444 1002 5486 cst
1043 5434 1094 5486 in
1127 5432 1357 5487 salutem
1389 5434 1533 5486 onmi
1577 5435 1820 5488 credenti
1849 5477 1862 5494 .
1891 5433 1986 5489 Ju-

407 5523 523 5577 daeo
553 5525 788 5592 primum
813 5535 868 5578 et
904 5523 1114 5579 Grazco.
1155 5543 1174 5576 ι

477 5613 640 5668 νειμ.
673 5617 760 5669 47.
795 5615 862 5669 Et
893 5617 1188 5670 meditabar
1214 5618 1269 5670 it:
1313 5619 1580 5672 utaudatis
1615 5619 1717 5672 tuis
1749 5635 1862 5687 qua:
1899 5621 1983 5674 di—

481 5810 518 5837 "
557 5808 696 5863 l‘s..l.
735 5823 804 5874 Iv,
847 5810 900 5862 ει.
1009 5813 1052 5840 ’π
1086 5812 1122 5866 ll
1153 5813 1278 5867 Cor.
1320 5828 1391 5876 tv,
1425 5811 1475 5866 8.

1579 5814 1619 5844 '-‘
1653 5811 1691 5866 ll
1721 5813 1843 5867 Cor.
1881 5829 1928 5868 γι
1957 5812 2066 5880 ,19η

2095 4612 2228 4681 φησι
2260 4609 2367 4681 γὰρ
2403 4611 2430 4662 ὁ
2463 4608 2696 4678 Κύριος·
2739 4627 2758 4659 ι
2811 4607 2937 4662 Ἐὰν
2979 4607 3232 4676 ἀγαπᾶτὲ
3270 4625 3358 4677 με,
3393 4607 3493 4671 τὰς
3525 4609 3672 4660 ἐντο-

2093 4702 2189 4763 λάς
2226 4717 2325 4771 μου
2371 4701 2668 4772 τηρήσατε·
2715 4719 2732 4750 ›
2788 4697 2926 4751 ὥστε
2971 4699 3194 4762 δικαίως
3239 4702 3267 4752 ὁ
3313 4697 3410 4762 τὰς
3453 4699 3670 4760 ἐντολὰς

2092 4793 2184 4846 τοῦ
2229 4793 2362 4846 Θεοῦ
2397 4791 2576 4864 ζητῶν
2609 4794 2666 4844 ὲν
2702 4789 3002 4860 πλατυσμῴ
3038 4790 3348 4860 πορεύεται,
3395 4790 3671 4845 τουτέστιν

2093 4891 2151 4940 ἐν
2199 4887 2510 4958 εὐρυχωρίᾳ
2565 4885 2923 4938 πολιτεύεται·
2973 4884 3157 4954 ἐπειδὴ
3213 4885 3240 4937 6
3299 4885 3528 4951 ἀγαπῶν
3577 4883 3671 4935 τὸν

2091 4977 2294 5049 Κύριον
2330 4977 2507 5032 πάντα
2537 4977 2737 5043 στέγει,
2770 4974 2949 5026 πάντα
2974 4973 3254 5042 ὑπομένει,
3291 4975 3382 5026 καὶ
3413 4972 3670 5042 οὐδεμίαν

2091 5071 2316 5133 εἰκότως
2350 5068 2710 5139 στενοχωρίαν
2737 5066 3049 5135 ὑφίσταται.

2162 5164 2272 5218 Kal
2315 5163 2582 5215 ἐλάλουν
2606 5160 2675 5213 ἐν
2715 5159 2838 5224 τοῖς
2861 5159 3207 5227 μαρτυρίοις
3233 5173 3348 5211 σου
3391 5155 3672 5211 ἐναντίον

2085 5251 2420 5318 βασιλέων,
2475 5251 2574 5304 καὶ
2629 5251 2742 5304 οὐκ
2787 5249 3168 5316 ᾐσχυνόμην,
3203 5265 3257 5300 κ.
3303 5265 3354 5303 τ.
3401 5249 3448 5300 ὲ.
3487 5247 3598 5300 Καὶ
3641 5247 3670 5300 6

2091 5344 2302 5408 Παῦλός
2333 5359 2528 5415 φησιν’
2582 5361 2600 5394 ι
2641 5342 2714 5396 Οὐ
2751 5341 2856 5410 γὰρ
2887 5339 3286 5410 ἐπαισχύνομαι
3324 5339 3385 5392 τὸ
3425 5339 3670 5407 Εὐαγγέ-

2091 5435 2201 5487 λιον
2226 5451 2237 5463 ·
2271 5433 2501 5502 δύναμις
2530 5431 2634 5503 γὰρ
2659 5429 2792 5484 Θεοῦ
2829 5431 2976 5483 ἐστιν
3003 5431 3081 5492 είς
3110 5429 3380 5501 σωτηρίαν
3407 5431 3568 5484 παντὶ
3589 5427 3670 5501 τῷ

2093 5523 2422 5587 πιστεύοντι,
2467 5522 2705 5590 Ἰουδαίῳ
2737 5538 2797 5572 τε
2829 5520 3041 5589 πρῶτον
3069 5519 3164 5571 καὶ
3203 5518 3444 5588 Ἕλληνι.
3478 5535 3496 5569 ι

2163 5617 2271 5672 Καὶ
2313 5613 2606 5686 ἐμελέτων·
2653 5613 2722 5664 ἐν
2753 5611 2880 5678 ταῖς
2920 5611 3195 5676 ἐντολαῖς
3239 5627 3354 5663 σου
3397 5603 3492 5674 αἷς
3523 5605 3670 5678 ἡγώ-

3031 5801 3073 5830 ³²
3111 5797 3269 5853 Itoni.
3301 5797 3452 5862 ι,16.

2161 5809 2202 5840 3°
2233 5807 2363 5862 ibid.
2450 5807 2488 5836 ³¹
2523 5804 2677 5859 Joan.
2719 5817 2826 5868 MV,
2869 5801 2950 5854 l5.
