4106 6380
381 345 518 404 1597

1311 334 1617 393 SELECT.\
1657 330 1719 384 IN
1757 325 2094 382 P$Al.l\lOS.
2135 354 2200 360 —
2237 319 2430 376 PSAL.
2468 315 2706 374 CXVI“.

3506 305 3639 364 1593

378 484 565 536 antra,
601 486 655 522 κ.
691 484 742 520 τ.
779 467 825 519 ι.
856 464 1019 526 Τέλος
1046 463 1153 514 τῶν
1197 459 1428 513 ἐντολῶν
1460 457 1558 526 τῆς
1603 454 1834 524 μελέτης
1870 447 1960 500 τοῦ

2067 445 2210 503 (exi,
2259 453 2368 497 etc.
2421 439 2783 494 Meditatiouis
2828 434 3206 490 mandatorum
3249 428 3343 483 Dei
3395 428 3513 481 linis
3557 435 3640 480 est

379 558 512 612 Θεοῦ
537 560 739 627 ἐστινὴ
774 555 915 608 κατά
942 553 1039 616 τὰς
1075 551 1292 614 ἐντολὰς
1324 549 1595 618 ἐνέργεια.
1627 544 1737 595 Καὶ
1777 538 1955 599 καλῶς

382 644 776 721 προστετάχθαι
810 645 1057 715 φαίνεται
1083 645 1164 708 τὸ,
1195 663 1211 692 ι
1259 639 1557 710 Ἐμελέτων
1585 638 1641 688 ἐν
1663 636 1782 694 ταῖς
1813 634 1958 683 ἐντο-

375 745 494 805 λαῖς
532 757 624 794 σου
663 734 752 803 αἷς
787 739 1069 807 ἠγάπησα.
1110 756 1128 785 ι
1161 734 1314 790 Μετὰ
1347 731 1455 802 γὰρ
1483 730 1578 799 τὴν
1608 725 1839 798 μελέτην
1863 724 1957 776 καὶ

373 830 645 900 ἀνάληψιν
693 828 787 881 τοῦ
826 827 932 880 τῶν
969 826 1198 880 ἐντολῶν
1228 824 1405 891 λόγου,
1441 820 1604 873 καλὸν
1650 817 1710 869 τὸ
1756 816 1958 883 ἐπᾶραι

377 923 474 984 τὶς
513 923 700 991 χεῖρας
735 921 826 972 ἐπὶ
858 918 958 981 τὰς
999 918 1137 971 κατά
1179 915 1278 978 τὰς
1313 911 1530 974 ἐντολὰς
1559 909 1804 980 πράξεις,
1836 906 1958 975 δίχα

383 1012 466 1064 τοῦ
501 1013 565 1064 ἐκ
592 1012 770 1081 λύπης
804 1012 834 1081 ἦ
870 1011 926 1077 ἐξ
952 1011 1196 1079 ἀνάγκης
1225 1007 1283 1060 τὸ
1313 1006 1470 1076 ἔργον
1513 1000 1820 1056 ἀποδιδόναι
1849 997 1956 1050 τῶν

382 1103 498 1158 ivro
507 1103 635 1156 λῶν.

450 1273 761 1341 Μνήσθητι
807 1272 922 1325 τῶν
968 1273 1167 1326 λύκων
1207 1287 1322 1323 σου
1362 1267 1440 1334 τῷ
1487 1267 1684 1328 δούλῳ
1726 1279 1840 1317 σου
1872 1255 1960 1314 ὧν

382 1364 728 1434 ἑπήλπισάς
748 1382 844 1432 με,
877 1381 931 1416 κ.
962 1381 1012 1415 τ.
1050 1364 1095 1414 ἐ.
1130 1363 1238 1414 Καὶ
1274 1363 1425 1422 ποῖος
1457 1361 1484 1412 ὁ
1516 1359 1692 1424 λόγος,
1723 1349 1783 1408 οὗ
1819 1371 1956 1423 μνη-

382 1456 571 1526 σθῆναι
599 1453 761 1506 αὐτὸν
807 1453 967 1518 ἀξιοῖ,
1003 1452 1035 1522 ἢ
1071 1451 1130 1502 τὸ
1165 1447 1301 1502 εἶναι
1350 1447 1466 1519 μετ’
1505 1445 1703 1507 αὐτῶν,
1731 1443 1856 1497 καθ’
1891 1441 1958 1510 ἢν

380 1545 608 1600 δέδωκεν
656 1545 835 1607 αὐτοῖς
879 1541 1228 1609 ἐπαγγελίαν,
1299 1541 1420 1609 ἥτις
1470 1537 1564 1590 καὶ
1614 1533 1958 1606 παράκλησις

382 1636 564 1698 αὐτοῖς
594 1635 649 1686 ἐν
682 1634 794 1695 τοῖς
819 1631 1079 1701 διωγμοῖς
1113 1629 1363 1696 ἐγένετος

2059 536 2334 590 exsecutio
2345 543 2399 587 et
2416 532 2662 601 operatio
2681 529 2993 584 eorumdem
3013 526 3413 580 mandatorum.
3429 519 3632 584 Quam-

2058 629 2245 682 obrem
2284 626 2510 694 pulchre
2562 624 2726 676 etiam
2780 621 3092 689 adjunclum
3139 615 3372 675 videtur,
3411 629 3430 660 ι
3465 609 3635 662 Medi-

2061 718 2215 770 tabar
2268 719 2322 769 in
2383 714 2654 769 mandatis
2696 714 2799 765 tuis
2851 725 2969 778 qua:
3020 707 3204 762 dilexi.
3260 724 3276 755 ι
3327 701 3464 756 Nam
3518 708 3642 770 post

2060 808 2464 862 meditationem
2493 813 2547 859 et
2579 803 3122 872 comprehensionem
3168 797 3319 850 verbi
3353 794 3641 848 mandato-

2061 918 2220 962 rum,
2271 899 2557 968 pulchrum
2606 905 2691 950 est
2743 909 2937 949 manus
2988 890 3237 945 attollere
3292 890 3355 940 ad
3394 886 3640 940 actiones

2059 990 2328 1044 mandatis
2351 995 2769 1048 consentaneas,
2807 985 2877 1036 ita
2904 991 2960 1034 ut
2989 995 3161 1049 neque
3192 994 3256 1030 ex
3290 976 3511 1030 tristitia
3540 989 3638 1028 ne-

2056 1098 2164 1152 que
2197 1097 2261 1135 ex
2308 1080 2636 1134 necessitate
2680 1093 2818 1148 Opus
2863 1073 3246 1128 mandatorum
3293 1067 3632 1121 exsecutioni

2059 1176 2367 1228 mandetur.

2129 1265 2290 1319 Vens.
2334 1265 2424 1318 49.
2458 1263 2661 1316 Memor
2692 1273 2800 1314 esto
2825 1261 3094 1314 verborum
3124 1268 3335 1312 tuorum
3372 1272 3515 1308 serra
3544 1263 3633 1304 tuo

2058 1357 2323 1426 inquibus
2351 1356 2475 1408 mihi
2508 1371 2646 1417 spem
2681 1355 2911 1416 dedisti,
2945 1361 3054 1410 etc.
3105 1353 3174 1404 At
3218 1349 3379 1417 quale
3405 1359 3490 1402 est
3516 1362 3637 1399 ver-

2059 1453 2183 1504 bum
2252 1447 2407 1513 cujus
2455 1447 2586 1514 petit
2636 1445 2784 1498 illum
2840 1457 2961 1497 esse
3037 1456 3370 1502 memorem,
3422 1439 3521 1490 nisi
3581 1446 3636 1488 ut

2059 1557 2178 1596 cum
2214 1540 2320 1594 illis
2365 1539 2471 1602 sit,
2501 1537 2652 1604 juxta
2686 1536 3106 1604 promissionem
3160 1548 3323 1600 quam
3361 1529 3490 1599 ipsis
3535 1528 3632 1580 de—

2059 1635 2228 1696 derat,
2275 1646 2404 1695 qua)
2421 1639 2476 1685 et
2521 1629 2624 1682 illis
2658 1627 3016 1683 consolationi
3051 1637 3166 1679 erat
3201 1628 3252 1677 iu
3290 1622 3632 1692 persecutio-

2062 1725 2256 1779 nibus?

450 1817 612 1884 Αὕτη
650 1833 725 1884 με
773 1812 1189 1882 παρεκάλεσεν
1221 1811 1292 1863 ἐν
1321 1808 1398 1876 τῇ
1433 1804 1782 1862 ταπειι-’ὡσει
1812 1821 1953 1872 μου,

2127 1817 2294 1888 802
2327 1813 2486 1868 Vsus.
2525 1811 2612 1866 50.
2651 1810 2775 1863 ΙΙ(τέ
2807 1826 2886 1862 me
2915 1807 3188 1862 consulatu
3217 1818 3293 1859 est
3331 1807 3383 1856 in
3415 1801 3636 1856 humili-

379 1908 469 1964 ὅτι
500 1908 567 1961 τὸ
603 1906 812 1976 ,λόγιόν
837 1921 951 1957 σου
981 1901 1153 1969 ἔζησέ
1175 1916 1272 1968 με,
1303 1916 1357 1951 κ.
1387 1916 1433 1950 τ.
1485 1899 1531 1950 ἐ.
1560 1896 1708 1948 Πάνυ
1743 1896 1774 1966 ἡ
1804 1894 1958 1957 ἐλπὶς

379 2001 620 2071 πέφυκεν
662 2001 720 2050 ἐν
751 1999 862 2059 τοῖς
913 1994 1237 2064 πειρασμοῖς
1273 1989 1609 2060 παρακαλεῖν
1649 1987 1750 2057 τὴν
1780 1985 1958 2055 ψυχὴν

379 2088 701 2144 ποοσδοκίαν
732 2085 950 2154 ἀγαθῶν
978 2082 1310 2153 παρέχουσα.

453 2268 564 2323 Τοῦ
615 2264 821 2320 αὐτοῦ.
866 2263 1064 2324 Μόνον,
1113 2259 1295 2330 φησιν,
1349 2256 1530 2310 ἱκανὸν
1573 2254 1718 2326 ἡμᾶς
1750 2255 1806 2306 ἐν
1839 2252 1958 2314 ταῖς

378 2357 653 2414 κακώσεσι
714 2352 1156 2427 παραμυθετσθαι
1211 2349 1272 2402 τὸ
1318 2348 1464 2418 ζωῆς
1509 2345 1768 2416 ἀληθινῆς
1815 2343 1956 2413 ἔχειν

374 2449 730 2518 ἐπαγγελίαν.
767 2446 931 2500 Ταῦτ’
975 2441 1068 2497 οὖν
1113 2445 1238 2515 ἡμῖν
1279 2441 1606 2495 ἐπιτέλεσον.
1659 2439 1719 2489 Εἰ
1759 2436 1868 2504 γὰρ
1900 2435 1956 2485 ἐν

382 2546 446 2613 τῇ
495 2543 609 2612 ζωῇ
652 2539 822 2609 ταύτῃ
872 2538 1029 2608 μόνον
1071 2535 1129 2588 ἐν
1182 2531 1401 2605 Χριστῷ
1442 2530 1735 2599 ἡλπικότες
1767 2526 1954 2596 ἐσμὲν,

381 2633 729 2703 ἐλεεινότεροι
757 2631 969 2683 πάντων
995 2624 1294 2698 ἀνθρώπων
1319 2623 1503 2693 ἐσμὲν,
1529 2623 1609 2674 ὅτι
1640 2620 1809 2674 κακοὺ
1821 2618 1958 2689 μεθα

375 2725 472 2778 νῦν
510 2724 604 2777 καὶ
646 2723 746 2774 οὐκ
782 2719 866 2773 ἐπ’
902 2717 1075 2772 ἐλπίδι
1123 2714 1420 2787 μελλούσης
1454 2713 1618 2783 ζωῆς.
1671 2711 1792 2780 Ζωὴ
1836 2711 1890 2762 δὲ
1924 2709 1958 2779 ἡ

378 2813 650 2885 μέλλουσά
697 2813 842 2863 ἐστιν
888 2806 1224 2872 ἀναζώωσις,
1263 2803 1398 2856 καθὸ
1442 2803 1540 2872 τὴν
1589 2801 1765 2871 ψυχὴν
1819 2799 1955 2852 ἰδίαν

379 2903 544 2974 ζωὴν,
580 2902 698 2954 οὐδὲ
732 2898 902 2969 ἀληῧῆ
936 2893 1073 2949 εἶναι
1123 2895 1483 2966 μανθάνομενο
1538 2893 1694 2961 εἴπερ
1729 2890 1827 2942 οὐκ
1860 2889 1943 2942 ἄν·

377 2996 594 3068 θρωπος
623 2996 656 3064 ή
682 2993 846 3062 ψυχή.
883 2991 943 3042 Εἰ
985 2990 1093 3061 γὰρ
1136 2988 1193 3039 ἐν
1235 2990 1300 3057 τῇ
1347 2985 1467 3039 καθ’
1500 2983 1696 3054 ἑαυτὴν
1738 2981 1850 3052 ζωῇ
1896 2982 1956 3034 τὸ

375 3087 572 3160 ἀληθὲς
614 3080 727 3155 εἶχε
761 3083 852 3137 τοῦ
895 3081 1016 3152 ζῇν,
1053 3081 1154 3132 οὐκ
1187 3078 1251 3131 ἂν
1295 3075 1662 3139 ἀναζωώσεως
1699 3077 1725 3127 ὁ
1759 3074 1952 3144 τεθνη-

379 3179 490 3242 κὼς
537 3178 735 3231 ἐδεῖτο·
773 3173 853 3227 διὸ
883 3173 976 3226 καὶ
1017 3171 1046 3223 ὁ
1091 3170 1295 3240 Κύριος
1335 3168 1460 3230 τοὺς
1507 3165 1808 3227 τεθνεῶτας
1839 3163 1957 3233 Θεῷ

379 3264 478 3338 ζῇν
515 3263 690 3330 εἶπεν,
723 3265 799 3328 ὡς
833 3263 984 3316 οὖπω
1022 3265 1082 3313 τὸ
1129 3259 1225 3330 ζῇν
1276 3259 1518 3328 ἔχοντας,
1569 3257 1706 3327 πλὴν
1745 3257 1868 3309 ὅσον
1901 3258 1957 3310 ἐν

378 3359 603 3430 δυνάμει
649 3357 783 3410 Θεοῦ
828 3355 920 3408 τοῦ
973 3354 1424 3423 ζωοποιήσαντος,
1483 3351 1576 3403 καὶ
1622 3348 1958 3404 ἀπολωλέναι

381 3448 544 3507 φησὶν
569 3448 784 3509 αὐτοὺς,
820 3447 867 3497 εξ
909 3444 983 3515 μὴ
1012 3443 1109 3513 τῆς
1139 3441 1485 3503 ἀναστάσεως
1517 3439 1750 3509 τύχοιεν.

464 3637 850 3707 ’Υπερὴφανοι
885 3632 1279 3701 παρηνόμουν
1311 3631 1420 3697 ἕως
1454 3630 1710 3699 σφόδρα,
1747 3627 1865 3682 ἀπὸ
1893 3627 1961 3681 δὲ

382 3731 489 3785 τοῦ
538 3731 724 3798 νόμου
771 3742 886 3779 σου
926 3729 1035 3777 οὐκ
1064 3725 1366 3788 ἐξέκλινα,
1416 3740 1468 3775 κ.
1513 3740 1563 3776 τ.
1602 3723 1649 3774 ἐ.
1694 3721 1783 3774 Ἐν
1811 3720 1960 3791 αὐτῷ

381 3823 490 3894 γὰρ
515 3818 906 3888 ἐπολιτευόμην
934 3814 1116 3885 τηρῶν
1157 3815 1217 3866 τὸ
1245 3813 1570 3883 ἡγεμονικόν
1602 3831 1723 3883 μου,
1767 3814 1852 3866 ἵνα
1886 3812 1959 3883 μὴ

381 3916 602 3984 γένηται
637 3913 784 3982 ῥῆμα
817 3907 1058 3978 κρυπτὸν
1089 3909 1144 3958 ἐν
1179 3908 1241 3976 τῇ
1279 3904 1475 3975 καρδίᾳ
1523 3921 1623 3972 μου
1660 3903 1955 3972 ἀνόμημα·

382 4006 606 4060 ἐκείνων
633 4003 740 4071 γὰρ
779 4002 898 4054 λίαν
924 3997 1406 4070 παρανομούντων,
1433 3995 1554 4047 οὐδὲ
1581 3995 1721 4047 κατά
1762 3994 1956 4064 μικρὸν

383 4097 494 4169 ἐγὼ
515 4096 605 4150 τὸν
637 4095 799 4166 νόμον
830 4092 1184 4163 παρέϐαινον.

463 4210 698 4278 Ἀθυμία
725 4205 979 4272 κατέσχε
1000 4219 1076 4271 με
1110 4199 1226 4255 ἀπὸ
1261 4197 1622 4268 ἀμαρτωιιῖῶν·
1645 4196 1761 4249 τῶν
1782 4196 1957 4264 ἐγκα-

383 4302 874 4370 ταλνμπανέιοτειη*
901 4294 1006 4348 τὸν
1037 4295 1225 4361 νόμον
1261 4307 1396 4356 σου,
1426 4308 1478 4342 κ.
1512 4308 1563 4343 τ.
1594 4291 1638 4341 ἐ.
1690 4289 1812 4340 Ἐπὶ
1850 4287 1958 4339 τῶν

383 4386 720 4459 ἁμαρτωλῶν
761 4387 808 4437 οἱ
861 4383 958 4452 μὲν
1005 4381 1217 4449 ἀνόμως
1265 4379 1656 4449 ἁμαρτάνουσι,
1698 4376 1775 4447 τῷ
1824 4376 1958 4446 μηδέ

379 4480 477 4550 τὴν
525 4478 696 4549 ἀρχὴν
730 4474 1052 4547 πειραθῆναι
1095 4472 1308 4541 νόμων·
1357 4471 1406 4522 oi
1453 4469 1508 4522 δὲ
1561 4472 1618 4522 ἐν
1665 4468 1834 4538 νόμῳ,
1881 4465 1956 4536 τῷ
1991 4486 2034 4541 D

382 4589 458 4625 πα
466 4570 740 4640 ραῦαίνειν
773 4566 952 4620 αὐτόν.

459 4661 666 4716 Ψαλτὰ
707 4657 870 4728 ἦσάν
908 4676 1006 4726 μοι
1040 4657 1111 4710 τὰ
1148 4652 1506 4722 δικαιώματά
1538 4669 1675 4716 σου,
1705 4653 1774 4706 ἐν
1804 4654 1964 4723 τόπῳ

381 4753 692 4822 παροικίας
719 4769 860 4819 μου,
899 4766 952 4802 κ.
989 4767 1039 4802 τ.
1088 4751 1134 4802 ἐ.
1169 4750 1343 4802 Τόπον
1385 4748 1676 4816 παροικίας
1704 4745 1796 4798 τὸν
1827 4763 1967 4816 παρ-

379 4843 507 4896 όντα
555 4841 667 4910 βίον
713 4839 865 4910 φησὶ,
912 4841 1053 4892 κατὰ
1100 4838 1183 4900 τὸ,
1243 4859 1259 4888 ι
1333 4839 1837 4908 Ὁμολογήσαντες,
1883 4838 1962 4889 ὅτι

384 4932 523 4995 ξένοι
556 4931 648 4984 καὶ
677 4929 1046 4999 παρεπίδημοί
1078 4932 1216 4981 εἰσιν
1261 4930 1353 4983 ἐπὶ
1379 4931 1476 5000 τῆς
1509 4931 1630 4999 γῆς.
1671 4949 1689 4980 ι
1730 4928 1964 4981 Ψάλλων

381 5021 472 5076 οὖν
499 5023 566 5076 τὰ.
592 5020 937 5090 δικαιώματά
969 5037 1059 5072 σου
1090 5021 1489 5092 ηὐφραινόμην,
1519 5021 1668 5091 καὶὴ
1702 5019 1967 5091 ἐπιθυμία

384 5115 480 5183 τῆς
512 5113 730 5184 ἐντολῆς
766 5113 886 5166 οὐδὲ
912 5111 990 5181 τῷ
1022 5111 1174 5180 ὕπνῳ
1202 5111 1384 5183 χώραν
1417 5113 1610 5166 ἐδίδου.

471 5289 815 5360 Ἐμνήσθην
841 5287 912 5341 ἐν
937 5289 1108 5341 νυκτὶ
1134 5288 1239 5341 τοῦ
1268 5291 1559 5358 ὀνόματός
1587 5307 1722 5352 σου,
1753 5307 1806 5342 κ.
1837 5306 1887 5340 τ.
1915 5287 1960 5341 ἐ.

387 5383 556 5438 Παντὶ
591 5382 686 5452 μὲν
724 5379 899 5450 καιρῷ
935 5378 1205 5450 χρῄζομεν
1232 5380 1331 5448 τῆς
1373 5384 1592 5451 μνήμης
1629 5381 1736 5432 τῶν
1769 5379 1964 5446 λογίων

387 5473 479 5527 τοῦ
515 5471 671 5534 Θεοῦ,
713 5471 945 5540 μάλιστα
988 5470 1044 5522 δέ
1071 5471 1158 5523 ὅτε
1197 5471 1384 5532 σκότος
1417 5470 1601 5541 κύκλῳ
1635 5490 1756 5540 μου,
1789 5471 1881 5522 καὶ
1913 5471 1962 5521 οἱ

383 5560 552 5630 τοῖχοι
597 5577 663 5629 με
697 5559 1078 5623 καλύπτουσιν,
1119 5562 1206 5612 ὅτε
1249 5561 1554 5630 εἰσέρχεται
1589 5564 1621 5632 ἡ
1656 5562 1965 5631 ἀκάθαρτος

385 5651 668 5713 ἐπιθυμία,
721 5651 814 5702 καὶ
859 5653 1116 5722 ταράσσει
1173 5654 1229 5705 τὸ
1275 5654 1620 5723 ἡγεμονικόν.
1677 5654 1806 5706 Τότε
1857 5655 1963 5724 γὰρ

456 5769 500 5800 ³³
531 5769 694 5823 Ηι·1,ιι·.
727 5785 803 5829 XI,
841 5771 919 5823 l5.

2060 1917 2167 1963 tate
2215 1925 2348 1971 mea,
2390 1906 2514 1970 quia
2548 1903 2812 1970 eloquium
2859 1907 3005 1952 tuum
3052 1895 3325 1964 viviﬁcavit
3367 1911 3479 1954 me,
3525 1903 3631 1945 etc.

2061 2003 2132 2055 Ea
2172 2008 2255 2054 est
2303 1997 2525 2052 omnino
2582 1995 2692 2064 spei
2744 2002 2977 2054 natura,
3029 1999 3087 2042 ut
3133 1989 3185 2040 in
3243 1984 3634 2039 tcutationihus

2059 2091 2294 2143 animam
2344 2087 2655 2142 consoletur
2675 2081 3139 2151 exspectationem
3191 2077 3456 2131 bonorum
3487 2089 3630 2144 pne-

2060 2181 2252 2236 bendo.

2130 2270 2407 2340 Ejusdem.
2440 2267 2552 2321 lloc
2585 2265 2784 2329 solum,
2824 2261 3018 2331 inquit,
3070 2259 3204 2311 satis
3235 2265 3314 2308 est
3344 2253 3409 2305 ad
3441 2266 3541 2304 nos
3579 2252 3631 2303 iu

2059 2363 2310 2418 omnibus
2342 2359 2722 2413 amictionibus
2761 2353 3172 2411 consolandum,
3201 2348 3349 2417 quod
3389 2360 3530 2399 verae
3555 2344 3631 2397 vi-

2059 2464 2127 2506 tae
2162 2453 2574 2522 promissionem
2607 2450 2928 2502 habeamus.
2965 2444 3088 2496 Hmc
3134 2443 3298 2509 igitur
3332 2438 3486 2491 nobis
3515 2452 3638 2504 per-

2061 2546 2180 2597 ﬁce.
2222 2542 2352 2594 Nam
2391 2542 2436 2594 si
2480 2542 2533 2593 in
2563 2540 2663 2592 hac
2697 2539 2804 2589 vita
2831 2534 3004 2588 solum
3043 2532 3095 2584 in
3125 2530 3340 2584 Christo
3372 2541 3634 2595 sperave-

2064 2634 2255 2693 rimus,
2294 2630 2726 2683 miserabiliores
2763 2639 2953 2679 sumus
2997 2621 3251 2676 omnibus
3305 2616 3636 2678 hominihus,

2062 2741 2126 2778 eo
2160 2725 2300 2794 quod
2334 2723 2496 2776 modo
2528 2719 2828 2790 aﬂligamur
2865 2724 2920 2770 et
2951 2729 3056 2769 non
3090 2729 3211 2768 eum
3248 2728 3344 2778 spe
3390 2711 3513 2762 vitae
3555 2707 3639 2759 fu-

2063 2827 2215 2870 turae.
2252 2815 2369 2868 Vita
2419 2824 2602 2867 autem
2642 2812 2819 2862 futura
2853 2818 2938 2861 est
2962 2805 3173 2859 reditus
3217 2804 3286 2857 ad
3334 2802 3497 2855 vitam
3527 2839 3541 2861 ,
3584 2799 3636 2851 in

2060 2915 2322 2974 quantum
2351 2902 2587 2956 animam
2625 2901 2789 2952 vitam
2821 2896 3122 2966 propriam,
3161 2909 3266 2948 non
3304 2907 3486 2945 veram
3517 2905 3639 2942 esse

2061 2997 2356 3061 discimus;
2391 2994 2433 3048 si
2459 2994 2677 3062 quidem
2721 2991 2901 3043 anima
2933 3005 3036 3042 non
3069 2997 3151 3042 est
3175 2987 3359 3040 homo.
3389 2983 3446 3037 Si
3487 2983 3632 3036 enim

2063 3091 2114 3144 iu
2153 3105 2251 3142 sua
2301 3087 2468 3156 ipsius
2502 3086 2613 3138 vita
2649 3085 2872 3138 haberet
2923 3081 3046 3135 vita:
3080 3080 3390 3139 veritatem,
3448 3076 3493 3130 is
3532 3076 3622 3144 qui

2064 3189 2308 3234 mortuus
2331 3187 2412 3232 est
2453 3192 2792 3245 nequaquam
2829 3188 2964 3241 opus
2989 3171 3214 3226 haberet
3248 3169 3426 3223 reditu
3463 3168 3528 3220 ad
3558 3167 3639 3218 vi-

2064 3282 2190 3324 tam.
2227 3272 2578 3339 Quapropter
2605 3267 2771 3320 etiam
2809 3266 3072 3318 Dominus
3101 3263 3384 3316 defunctos
3414 3261 3524 3313 Deo
3557 3258 3636 3310 vi~

2060 3378 2185 3417 vere
2226 3362 2396 3424 dixit,
2456 3372 2710 3428 tanquam
2764 3358 2852 3425 qui
2907 3357 3140 3410 nondum
3175 3354 3338 3406 vitam
3379 3351 3637 3408 habeant,

2061 3457 2162 3509 nisi
2201 3456 2252 3509 in
2287 3455 2488 3506 virtute
2525 3453 2617 3506 Dei
2653 3449 3204 3518 vivilicantis,aitque
3238 3445 3361 3498 illos
3388 3443 3636 3512 petiisse,

2063 3547 2162 3599 nisi
2191 3555 2468 3614 compotes
2498 3547 2631 3597 fiant
2661 3541 3108 3596 resurrectionis.

2133 3639 2301 3692 Vnus.
2334 3637 2422 3691 51.
2450 3636 2672 3703 Superbi
2718 3636 2891 3704 inique
2920 3634 3140 3702 agebant
3173 3641 3564 3698 usquequaque,
3605 3641 3637 3675 ιι

2063 3730 2172 3800 lege
2201 3743 2375 3784 autem
2416 3742 2506 3782 tua
2547 3747 2647 3782 non
2685 3727 2968 3790 declinavi,
3010 3736 3118 3780 etc.
3157 3723 3212 3776 ln
3242 3724 3358 3792 ipsa
3403 3721 3547 3774 enim
3575 3733 3640 3770 ea

2064 3834 2182 3879 erat
2231 3824 2356 3876 vitae
2406 3839 2536 3876 mea:
2595 3823 2732 3874 ratio
2787 3831 2844 3874 ut
2909 3819 3240 3875 custodirem
3302 3813 3632 3868 intellectum

2065 3929 2265 3976 meum,
2301 3929 2367 3966 ne
2402 3929 2521 3986 qua.
2544 3922 2688 3967 esset
2723 3913 2774 3965 in
2810 3913 2974 3965 corde
3029 3925 3151 3963 meo
3183 3905 3392 3960 occulta
3437 3902 3638 3970 iniqui-

2063 4017 2166 4057 tas.
2205 4005 2310 4059 lllis
2339 4005 2482 4058 enim
2532 4019 2790 4073 perquam
2851 4002 3035 4070 inique
3071 3997 3378 4068 agentibus,
3414 4009 3481 4047 ne
3515 4001 3638 4047 tan-

2064 4098 2236 4150 tilium
2275 4097 2492 4164 quidem
2527 4096 2697 4164 legem
2723 4092 2941 4148 violavi.

2135 4189 2294 4242 Vens.
2328 4187 2416 4240 55.
2454 4185 2685 4253 Deiectio
2723 4185 2888 4236 tenuit
2918 4199 2998 4234 me
3027 4197 3123 4250 pro
3155 4175 3518 4248 peccatoribus
3547 4175 3637 4224 dc-

2063 4280 2472 4350 reliuquentibus
2523 4279 2684 4348 leg-em
2737 4288 2927 4339 tuam,
2961 4282 3065 4327 etc.
3122 4273 3266 4325 Inter
3321 4276 3638 4337 peccatores

2061 4372 2150 4425 alii
2184 4371 2402 4438 quidem
2453 4371 2569 4424 sine
2606 4369 2721 4437 lege
2774 4377 3044 4436 peccant,
3099 4363 3242 4434 quod
3284 4359 3507 4415 omnino
3562 4355 3639 4410 le-

2065 4481 2187 4534 gum
2232 4473 2484 4532 expertes
2513 4461 2714 4516 fuerint
2746 4476 2760 4525 ;
2798 4458 2888 4513 alii
2925 4473 3055 4512 vero
3088 4457 3138 4508 in
3178 4454 3314 4523 lege,
3352 4450 3498 4504 illam
3530 4448 3639 4503 vio-

2064 4555 2244 4609 laudo.

2144 4646 2309 4702 Vnus.
2357 4645 2445 4699 54.
2490 4644 2792 4698 Cautubiles
2845 4641 2976 4693 mihi
3031 4647 3178 4692 erant
3227 4632 3641 4706 justiﬁeationes

2064 4753 2168 4794 tua:
2199 4741 2252 4793 in
2293 4738 2408 4791 loco
2443 4734 2884 4807 peregrinationis
2926 4747 3073 4794 mele,
3103 4738 3212 4784 etc.
3244 4727 3446 4782 Locum
3485 4737 3642 4788 pere-

2063 4829 2390 4897 grinationis
2434 4829 2670 4897 appellat
2723 4825 2890 4878 vitam
2945 4830 3317 4892 praesentem,
3371 4817 3523 4885 juxta
3572 4813 3638 4866 il-

2065 4921 2153 4974 lttd
2206 4921 2298 4973 aa:
2342 4938 2360 4971 ι
2416 4919 2750 4972 Conﬁtentes
2789 4917 2916 4985 quia
2965 4912 3240 4984 peregrini
3294 4921 3350 4964 et
3402 4907 3642 4975 hospites

2063 5020 2187 5064 sunt
2231 5025 2397 5076 super
2431 5021 2658 5062 terram.
2705 5026 2724 5058 ι
2773 5007 3019 5061 Psallens
3051 5005 3237 5074 itaque
3289 4996 3639 5068 justiﬁcatio-

2063 5118 2159 5156 nes
2203 5111 2341 5162 tuas,
2399 5101 2728 5166 recreabar,
2796 5109 2850 5154 et
2903 5097 3141 5150 mandati
3191 5093 3519 5150 desiderium
3573 5101 3642 5142 ne

2061 5214 2252 5253 somno
2286 5198 2504 5266 quidem
2545 5198 2718 5251 locum
2759 5197 2946 5250 dabat.

2138 5289 2305 5341 Vens.
2341 5287 2430 5342 55.
2486 5285 2692 5340 Memor
2730 5287 2810 5348 [ui
2844 5287 2896 5338 iu
2943 5292 3092 5338 nocte
3123 5278 3348 5334 nantiuis
3397 5276 3496 5332 tui.
3528 5278 3636 5324 etc.

2065 5380 2221 5435 Omni
2271 5381 2488 5448 quidem
2554 5388 2796 5447 tempore
2851 5378 3156 5444 intlgemus
3208 5367 3468 5424 memoria
3526 5361 3642 5416 elo-

2064 5473 2314 5541 qttiorttm
2358 5472 2473 5534 Dei,
2515 5472 2747 5523 maxime
2798 5485 2925 5522 vero
2972 5482 3094 5520 cum
3149 5462 3388 5517 tenebrae
3441 5459 3494 5511 in
3529 5455 3640 5508 cir-

2065 5565 2210 5618 cuitu
2247 5579 2366 5616 mco
2400 5573 2552 5626 sunt,
2581 5574 2629 5616 et
2678 5561 2815 5614 tnuri
2855 5575 2940 5612 me
2969 5563 3285 5624 contegunt,
3312 5549 3529 5620 quando
3557 5547 3639 5600 in-

2067 5656 2207 5726 gruit
2245 5657 2452 5724 impura
2493 5653 2956 5723 (‘Ollt‘lilti-CClllitl,
2981 5661 3032 5703 ct
3080 5647 3410 5717 superiorum
3445 5640 3638 5696 animm
