4106 6398
471 316 495 370 Ι
507 315 609 371 5‘99

1869 303 1960 358 EX
2000 299 2304 357 ORIGENE

3594 303 3734 359 16οθ

467 441 678 501 partem
714 427 1020 486 conturbat.
1074 428 1226 482 Tunc
1255 427 1398 480 enim
1453 438 1678 480 necesse
1714 433 1795 480 est
1842 421 2034 476 memi-

2151 418 2437 488 ὶναγκαίόν
2473 420 2588 472 ἐστι
2629 420 2938 490 μεμνῆσθαι
2967 421 3073 473 τῶν
3104 421 3299 489 λογίων
3326 419 3417 472 τοῦ
3444 418 3606 481 ,Θεοῦν
3643 417 3733 471 ἵνα

467 525 620 581 nisse
645 522 983 592 eloquiorum
1017 519 1110 574 Dei
1139 559 1156 586 ,
1195 530 1250 574 ut
1291 534 1573 576 servemus
1614 517 1732 586 ejus
1771 516 1946 585 legem
1979 517 2046 572 de

470 614 849 681 temperantia.

543 707 704 761 Vens.
737 705 826 760 56.
869 689 1000 757 limo
1033 704 1175 773 facta
1225 713 1302 758 est
1337 705 1506 766 mihi,
1547 713 1656 758 etc.
1697 701 2042 771 Scripturam

471 797 726 866 intelligit
759 795 1026 850 divinitus
1061 795 1401 864 inspiratam.
1431 793 1556 848 Haec
1596 793 1738 848 enim
1761 792 1909 861 justo
1941 807 2044 846 non

467 889 640 942 solum
685 888 915 949 dicitur,
953 887 1050 942 sed
1080 887 1246 942 etiam
1279 888 1371 952 fit,
1405 887 1528 955 quia
1585 885 1926 939 meditationi
1961 885 2048 936 ad-

460 979 642 1050 jungit
670 979 1110 1046 exsecutionem;
1155 979 1300 1033 unde.
1334 980 1499 1034 etiam
1537 977 1657 1046 ejus
1696 976 2049 1044 justificatio-

469 1087 564 1126 nes
617 1073 906 1140 exquirere
940 1072 1174 1137 dicitur,
1213 1081 1270 1125 ut
1321 1071 1412 1140 qui
1462 1070 1686 1124 minime
1715 1069 1894 1124 obiter
1930 1067 2047 1120 illas

469 1163 778 1218 meditetur.
826 1162 1037 1218 Etenim
1078 1163 1272 1232 reliqui
1315 1163 1643 1231 interpretes
1666 1176 1766 1230 pro
1799 1180 1818 1211 ι
1849 1159 2046 1230 exqui-

465 1255 568 1310 sivi
613 1273 630 1306 ι
668 1255 918 1310 scribunt
953 1274 972 1307 ι
1009 1255 1319 1312 observavi.
1354 1273 1374 1306 ι

543 1344 705 1400 Vens.
741 1349 828 1402 57.
865 1347 1052 1401 Portio
1093 1364 1232 1410 mea,
1258 1346 1500 1412 Domine,
1529 1345 1644 1400 dixi
1669 1347 1934 1400 custodire
1968 1345 2043 1400 le-

468 1451 582 1504 gem
610 1446 779 1496 tuam.
803 1447 912 1493 etc.
942 1437 1408 1502 Quemadmodum
1441 1435 1750 1505 insipientis
1791 1435 2051 1505 insipien-

471 1526 568 1589 tia,
608 1525 773 1596 803
809 1527 882 1580 ita
911 1526 1195 1596 prudentis
1239 1524 1524 1595 prudentia
1550 1563 1566 1588 ,
1601 1521 1807 1590 etjusti
1835 1523 2046 1592 iustitia

473 1618 656 1687 portio
688 1627 799 1673 est.

547 1709 712 1765 Vens.
742 1710 831 1765 58.
875 1707 1192 1778 Deprecatus
1235 1723 1352 1761 sum
1408 1707 1600 1776 faciem
1651 1717 1798 1760 tuam
1841 1706 1897 1758 in
1943 1712 2049 1758 toto

469 1803 626 1856 corde
651 1819 764 1856 meo
799 1818 817 1856 :
849 1801 1096 1857 miserere
1129 1801 1226 1856 mei
1253 1801 1540 1855 secundum
1577 1799 1846 1870 eloquium
1876 1809 2048 1866 (nunt,

469 1905 576 1950 etc.
625 1893 818 1950 Facies
849 1894 942 1948 Dei
974 1901 1059 1948 est
1099 1894 1268 1964 figura
1299 1893 1622 1948 substantia:
1655 1890 1794 1960 eius,
1835 1891 1912 1944 uti
1957 1905 2052 1945 ste-

471 1987 594 2056 pius
640 1986 844 2040 dictum
883 1993 993 2040 est.
1040 1984 1144 2052 Qui
1184 1985 1350 2054 igitur
1401 1993 1514 2038 toto
1563 1984 1732 2039 corde
1765 1983 2048 2038 Dominum

469 2077 750 2132 desiderat
775 2116 790 2143 ,
820 2087 881 2132 ut
927 2093 993 2133 eo
1020 2078 1136 2147 jam
1193 2092 1330 2148 puro
1376 2075 1571 2132 eﬂ‘ecto
1598 2077 1776 2147 ipsum
1812 2085 2053 2131 contem-

472 2169 652 2239 pletur
675 2208 690 2232 ,
747 2177 801 2224 et
850 2183 916 2223 ex
946 2169 1118 2239 ipsius
1151 2169 1349 2225 intuitu
1385 2169 1816 2224 misericordiam
1851 2183 2046 2222 conse-

469 2269 712 2330 quatur,
763 2261 1060 2315 secundum
1093 2255 1398 2330 disciplima
1449 2261 1712 2316 rationem
1763 2260 2045 2329 propesita

471 2352 636 2408 verba
683 2351 867 2407 dicere
900 2354 1120 2421 poterit.
1153 2353 1454 2408 Considera
1511 2367 1688 2408 autem
1719 2366 1958 2424 quantus
1981 2355 2050 2409 sit

469 2445 564 2515 qui
619 2443 822 2499 videbit
857 2445 1053 2499 faciem
1092 2443 1206 2498 Dei.
1241 2444 1402 2498 Jesus
1461 2447 1576 2514 ipse
1625 2455 1676 2498 te
1726 2447 1920 2499 doct-at
1969 2447 2052 2500 di-

467 2549 602 2594 cens
627 2537 672 2568 ²⁸
705 2556 718 2591 :
757 2555 776 2590 ι
818 2536 971 2592 Beati
1007 2538 1209 2592 mundo
1239 2539 1424 2605 corde,
1459 2539 1718 2607 quoniam
1751 2539 1852 2607 ipsi
1883 2539 2049 2593 Deum

469 2629 751 2685 videbunt.
791 2647 810 2680 ι

547 2717 710 2772 Vens.
747 2718 835 2773 59.
877 2719 1118 2788 Cogitavi
1167 2721 1282 2774 vias
1320 2729 1476 2786 tuas,
1521 2731 1568 2774 et
1616 2723 1850 2776 converti
1896 2723 2052 2790 pedes

471 2825 612 2864 meos
643 2810 700 2864 in
733 2811 1028 2864 testimonia
1061 2822 1189 2878 tua,
1230 2821 1338 2867 etc.
1397 2811 1547 2879 Quod
1600 2814 1732 2868 dicit
1768 2821 1854 2868 est
1904 2813 2052 2882 ejus-

471 2902 617 2958 modi
653 2921 668 2958 :
698 2903 980 2972 Nunquam
1026 2911 1232 2958 temere
1275 2903 1489 2959 locutus
1535 2921 1655 2959 sum
1683 2945 1699 2970 ,
1743 2921 1842 2960 nec
1889 2916 2052 2960 aute-

469 3009 632 3064 quam
667 2995 808 3065 apud
859 3011 944 3050 me
979 2997 1342 3066 repntaverim
1371 2997 1779 3066 loquendumne
1815 2998 1948 3053 mibi
1977 3013 2046 3052 an

2148 509 2472 581 φυλάξωμεν
2523 512 2614 564 τὸν
2661 512 2824 582 νόμον
2857 511 2949 565 τοῦ
3001 511 3136 565 Θεοῦ
3187 511 3280 564 τὸν
3328 510 3459 582 περὶ
3513 526 3730 580 σωφρο-

2150 597 2334 669 σύνης.

2209 691 2370 758 Αὕτη
2426 692 2678 762 ἐγενήθη
2715 712 2837 762 μοι,
2881 712 2936 751 κ.
2974 713 3024 748 τ.
3073 696 3119 749 ἑ.
3163 693 3275 764 Τὴν
3321 694 3360 745 Γ
3369 693 3546 764 ραφὴν
3585 692 3736 761 λέγει

2146 781 2245 854 τὴν
2279 782 2656 840 θεόπνευστον.
2690 787 2836 858 Αὖτη
2866 787 2975 858 γὰρ
2994 785 3074 856 τῷ
3099 787 3290 856 δικαίῳ
3313 787 3373 838 οὐ
3397 785 3616 852 λέγεται
3640 784 3734 856 μό-

2148 892 2259 940 νον,
2289 875 2424 928 ἀλλά
2449 876 2546 930 καὶ
2591 876 2820 946 γίνεται,
2850 879 3036 949 ἐπειδὴ
3069 882 3135 950 τῇ
3174 880 3372 950 μελέτῃ
3411 876 3738 950 προστίθησι

2148 965 2246 1036 τὴν
2273 967 2629 1038 κατόρθωσιν·
2663 969 2785 1022 ὅθεν
2820 969 2985 1022 αὑτοῦ
3021 971 3112 1023 καὶ
3139 968 3388 1040 ὲκζητεῖν
3416 971 3482 1024 τὰ
3511 969 3738 1023 δικαιώ-

2153 1076 2300 1129 ματα
2326 1058 2563 1127 λέγεται,
2589 1060 2663 1124 ὡς
2692 1060 2767 1132 μὴ
2797 1061 3094 1134 παρέρίως
3127 1063 3268 1116 αὐτὰ
3315 1063 3576 1133 μελετῶν.
3615 1063 3740 1116 Τοι-

2150 1150 2350 1221 γαροῦν
2383 1152 2432 1202 οί
2467 1151 2640 1204 λοιποὶ
2669 1151 2778 1204 τῶν
2822 1152 3176 1223 ὲρμηνευτῶν
3211 1154 3331 1206 ἀντὶ
3357 1153 3452 1206 τοῦ
3501 1173 3519 1204 ι
3545 1153 3738 1226 ἐξεζή-

2150 1258 2293 1312 τησα
2322 1263 2340 1294 ι
2367 1242 2694 1312 διετήρησα
2722 1246 3045 1316 γράφουσιν.

2221 1335 2404 1401 Μερίς
2423 1353 2544 1405 μου
2573 1337 2647 1401 εἴ,
2677 1339 2872 1405 Κύριε,
2907 1333 3047 1391 εἶπα
3071 1339 3177 1393 τοῦ
3208 1339 3597 1408 φυλάξασθαι
3630 1341 3742 1395 τὸν

2150 1425 2340 1494 νόμον
2368 1443 2506 1492 σου,
2537 1445 2592 1480 κ.
2631 1445 2679 1480 τ.
2717 1430 2762 1480 ἐ.
2799 1429 3010 1500 ’Ὠσπερ
3038 1431 3155 1483 ἐστὶ
3197 1431 3354 1503 μερὶς
3387 1433 3420 1502 ἡ
3453 1429 3739 1504 ἀφροσύνη

2151 1516 2244 1568 τοῦ
2294 1519 2550 1590 ἄφρονος,
2597 1521 2738 1574 οὕτω
2785 1523 2878 1575 καὶ
2913 1523 3009 1576 τοῦ
3059 1525 3323 1595 φρονίμου
3369 1527 3403 1595 ἡ
3454 1526 3738 1598 φρόνησις,

2153 1610 2368 1664 καὶτοῦ
2403 1611 2611 1665 δικαίου
2645 1616 2677 1686 ή
2711 1613 3042 1688 δικαιοσύνη.

2243 1703 2534 1773 “Edam-nr
2582 1706 2689 1760 τοῦ
2729 1707 3054 1775 προσώπου
3089 1725 3204 1763 σου
3255 1711 3325 1763 ἐν
3367 1709 3480 1780 ὅλῃ
3525 1711 3742 1779 καρδίᾳ

2149 1815 2292 1866 μου,
2341 1797 2605 1864 ἐλέησόν
2646 1815 2724 1868 με
2767 1800 2918 1853 κατὰ
2961 1800 3028 1853 τὸ
3063 1803 3273 1870 λόγιόν
3303 1817 3442 1866 σου,
3496 1821 3549 1855 κ.
3591 1821 3640 1855 τ.
3690 1805 3741 1858 ὲ.

2155 1887 2451 1958 Πρόσωπον
2485 1887 2620 1940 Θεοῦ
2661 1891 2690 1942 ὁ
2717 1891 3004 1962 χαρακτὴρ
3035 1892 3132 1962 τῆς
3163 1893 3516 1956 ὑποστάσεως
3547 1894 3738 1961 αὑτοῦ,

2153 1979 2229 2044 ὡς
2275 1979 2536 2044 πολλάκις
2559 1982 2791 2052 εἴρηται.
2837 1984 2894 2036 Ὀ
2925 1984 3111 2038 τοίνυν
3139 1985 3239 2057 ὅλῃ
3265 1986 3331 2055 τῆ
3365 1987 3564 2058 καρδίᾳ
3593 1987 3742 2056 ἐφιέ-

2157 2089 2318 2142 μενος
2345 2073 2436 2126 τοῦ
2465 2075 2691 2147 Κυρίου,
2723 2077 2874 2138 ὅπως
2904 2076 3120 2150 καθαρᾷ
3144 2079 3279 2148 αὐτῇ
3311 2080 3581 2154 γενομένῃ
3615 2081 3743 2134 θεων

2157 2165 2276 2236 ροίη
2303 2166 2484 2232 αὑτὸν,
2517 2170 2611 2222 καὶ
2641 2171 2704 2222 ὲκ
2727 2169 2821 2223 τοῦ
2858 2169 3123 2234 ἀτενίξειν
3149 2171 3315 2224 αὐτοῦ
3345 2171 3565 2242 ἐλεηθῇ,
3599 2173 3742 2226 κατά

2154 2257 2245 2311 τὸν
2295 2259 2450 2328 λόγον
2484 2262 2584 2333 τῆς
2625 2262 2975 2327 διδασκαλίας
3008 2263 3151 2317 εἴποι
3189 2263 3255 2318 ἂν
3299 2265 3367 2318 τὰ
3406 2265 3745 2334 συγκείμενα

2156 2351 2315 2422 ῥητά.
2359 2354 2498 2424 Ὅρα
2543 2353 2602 2406 δὲ
2637 2353 2865 2424 πηλίκος
2898 2356 3046 2408 ἐστὶν
3075 2358 3102 2409 ὁ
3136 2356 3398 2426 ὀψόμενος
3429 2357 3491 2410 τὺ
3525 2359 3742 2430 πρόσω-

2156 2463 2255 2498 πον
2289 2444 2379 2498 τοῦ
2413 2445 2568 2497 Θεοῦ·
2615 2447 2818 2518 Ἰησοῦς
2851 2465 2908 2500 σε
2942 2447 3206 2514 διδαξάτω
3233 2449 3440 2516 λέγων·
3499 2471 3514 2502 ι
3547 2453 3746 2506 Μακά-

2158 2552 2263 2605 ριοι
2326 2539 2373 2588 οἱ
2423 2535 2658 2606 καθαροὶ
2711 2540 2776 2608 τῇ
2835 2538 3052 2610 καρδίᾳ,
3109 2539 3190 2592 ὅτι
3251 2539 3404 2592 αὐτοὶ
3455 2540 3547 2593 τὸν
3607 2540 3743 2595 Θεὸν

2153 2628 2216 2697 δε
2225 2645 2394 2681 ονται.
2435 2647 2453 2680 ι

2225 2723 2660 2792 Διελογισάμην
2688 2724 2795 2790 τὰς
2833 2725 3012 2790 ὁδούς
3051 2740 3191 2789 σου,
3253 2725 3352 2779 καὶ
3395 2725 3742 2795 ἐπέστρεψα

2154 2814 2295 2879 τοὺς
2327 2815 2517 2880 πόδας
2538 2833 2657 2885 μου
2683 2819 2769 2882 εἱς
2805 2817 2878 2870 τὰ
2902 2817 3197 2886 μαρτύριά
3235 2835 3372 2880 σου,
3402 2837 3456 2872 κ.
3493 2837 3538 2872 τ.
3585 2820 3631 2870 ὲ.
3675 2821 3744 2872 ’Ὀ

2153 2903 2300 2972 λέγει
2332 2906 2573 2960 τοιοῦτόν
2609 2910 2783 2962 ἐστιν·
2831 2910 3097 2963 Οὐδέποτε
3147 2912 3433 2982 προπετῶς
3479 2912 3742 2982 ἐλάλησα,

2156 2999 2230 3069 μὴ
2266 2999 2623 3071 λογισάμενος
2666 3001 2902 3072 πρῶτον,
2955 3006 3001 3056 εἰ
3055 3003 3314 3072 λαλητέον
3365 3005 3455 3075 μοί
3490 3007 3656 3070 ἐστιν,
3705 3007 3738 3078 ἢ

471 3086 761 3142 tacendum
793 3095 962 3141 esset.
997 3085 1285 3155 Nunquam
1339 3095 1544 3141 temere
1578 3086 1858 3155 quidpiam
1917 3088 2000 3156 egi
2030 3130 2044 3153 ,

2158 3091 2476 3162 σιωπητέον.
2509 3093 2778 3146 Οὐδέποτε
2823 3095 3108 3165 προπετῶς
3141 3115 3192 3149 τι
3217 3097 3450 3168 ἔπραξα,
3496 3097 3569 3169 μὴ
3595 3097 3745 3164 λογι-

469 3193 572 3234 nec
605 3190 898 3249 antequam
940 3180 1318 3251 perpenderim
1377 3191 1596 3235 essetne
1645 3182 1731 3236 illa
1781 3185 1926 3240 actio
1962 3185 2051 3239 tle-

468 3285 642 3326 cens:
678 3287 799 3324 nam
835 3271 934 3326 viae
964 3281 1160 3326 nostra:
1207 3281 1334 3326 sunt
1381 3272 1432 3325 in
1481 3273 1914 3342 cogitationibus
1964 3285 2047 3331 at-

468 3377 574 3434 que
619 3363 926 3440 actionibus
981 3363 1190 3433 positae.
1254 3363 1599 3434 Quapropter
1645 3367 1723 3419 ait
1775 3367 2048 3422 :Dmnia

467 3454 814 3511 considerate
838 3454 962 3520 feci,
989 3456 1060 3510 ob
1091 3455 1253 3525 idque
1279 3457 1567 3512 ambulans
1608 3459 1855 3511 converti
1885 3457 2049 3527 pedes

469 3560 621 3603 meos
657 3547 709 3600 in
742 3548 1054 3602 testimonia
1102 3559 1191 3601 tua
1223 3587 1240 3614 ,
1285 3563 1356 3603 ne
1385 3557 1542 3602 extra
1587 3548 1898 3604 testimonia
1949 3549 2046 3604 Dei

467 3638 808 3694 ambularem
837 3681 852 3702 ,
900 3642 997 3692 sed
1045 3653 1210 3695 omne
1259 3640 1548 3694 consilium
1579 3654 1760 3694 meum
1796 3642 1864 3696 ad
1893 3657 2050 3696 man-

468 3730 598 3785 data
629 3738 718 3783 tua
746 3729 1032 3783 referrem.

544 3819 715 3877 Vrsas.
753 3819 844 3875 60.
875 3819 1110 3874 Paratus
1150 3837 1288 3887 sum,
1325 3831 1373 3875 et
1403 3839 1505 3876 non
1552 3841 1668 3877 sum
1694 3825 1958 3892 turbatus,
1994 3839 2048 3882 ut

469 3913 769 3968 custodiam
819 3914 1070 3966 mandata
1115 3925 1210 3966 tua
1238 3953 1253 3979 ,
1311 3924 1421 3969 etc.
1456 3915 1760 3972 Affectuum
1803 3923 2046 3976 carentia

469 4004 610 4061 solet
665 4004 1120 4074 imperturbatum
1173 4019 1271 4060 cor
1321 4009 1634 4073 custodire;
1695 4011 1841 4078 quod
1891 4013 2046 4068 nobis

467 4097 670 4152 accidit
695 4110 760 4150 ex
787 4097 1210 4152 conversatione
1229 4111 1380 4153 recta
1405 4107 1460 4155 et
1493 4099 1766 4169 dogmatis
1805 4104 1972 4158 veris.

540 4187 708 4242 Vens.
741 4187 828 4242 (il.
863 4187 1040 4242 Funes
1068 4199 1404 4258 peccatorum
1430 4191 1774 4261 circumplexi
1803 4204 2042 4259 suntme,

465 4287 517 4335 et
557 4279 722 4350 legem
749 4291 898 4334 tuam
949 4297 1054 4334 non
1094 4298 1210 4335 sum
1247 4281 1460 4347 oblitus,
1507 4292 1614 4339 etc.
1655 4285 1834 4342 Funes
1863 4289 2047 4357 appel-

466 4372 646 4428 lantur
679 4383 899 4444 pecrata
935 4389 1053 4442 quae
1071 4374 1173 4430 sibi
1203 4374 1434 4429 invicem
1467 4376 1700 4446 implexa
1731 4389 1881 4434 sunt.
1906 4379 2040 4433 Nam

2155 3179 2413 3251 σάμενος,
2450 3183 2498 3234 εἰ
2528 3182 2846 3253 καθήκουσά
2875 3185 3023 3238 ἐστιν
3067 3187 3099 3256 ἡ
3137 3187 3352 3257 πρᾶξις·
3390 3188 3445 3241 αἱ
3491 3186 3599 3258 γάρ
3628 3188 3744 3241 ὁδοὶ

2151 3270 2310 3340 ἡμῶν
2346 3274 2402 3324 ἐν
2449 3271 2820 3344 διαλογισμοῖς
2864 3276 2970 3329 είσι
3017 3277 3112 3330 καὶ
3159 3281 3215 3330 ὲν
3267 3278 3521 3350 πράξεσι.
3569 3279 3742 3347 Φησὶν

2153 3359 2264 3415 οὖν’
2299 3362 2483 3415 Πάντα
2525 3364 3010 3436 περιεσκεμμένως
3039 3368 3291 3438 ἐποίησα,
3331 3367 3427 3422 καὶ
3454 3369 3542 3422 διά
3576 3369 3740 3422 τοῦτο

2153 3453 2464 3523 ἐπέστρεψα
2505 3453 2704 3508 ὁδεύων
2741 3455 2868 3519 τοὺς
2900 3457 3066 3520 πόδας
3097 3475 3199 3526 μου
3233 3459 3311 3521 εἰς
3341 3460 3409 3512 τὰ
3459 3459 3742 3532 μαρτύριά

2156 3559 2269 3604 σου,
2300 3543 2386 3594 ἵνα
2419 3543 2493 3614 μὴ
2528 3543 2726 3609 ἔξωθεν
2752 3543 2860 3597 τῶν
2905 3547 3218 3617 μαρτυρίων
3251 3547 3343 3599 τοῦ
3375 3547 3510 3600 Θεοῦ
3541 3549 3736 3613 ὁδεύω,

2153 3635 2334 3688 πᾶσαν
2355 3634 2452 3704 τὴν
2474 3635 2611 3705 ἐμὴν
2635 3635 2860 3707 γνώμην
2885 3639 2964 3699 είς
2989 3636 3088 3700 τάς
3119 3637 3216 3700 σάς
3246 3639 3466 3702 ἀναθεὶς
3493 3639 3740 3702 ἐντολάς.

2234 3813 2645 3882 Ἡτοιμὰσθην,
2677 3815 2774 3868 καὶ
2800 3817 2914 3870 οὐκ
2950 3817 3288 3888 ἐταράχθην
3326 3819 3432 3872 τοῦ
3460 3819 3740 3889 φυλάξαι

2151 3909 2292 3960 σθαι
2315 3905 2422 3972 τὰς
2446 3905 2701 3972 ἐντολάς
2721 3921 2858 3970 σου,
2902 3925 2954 3960 κ.
2990 3925 3040 3960 τ.
3071 3909 3118 3962 ὲ.
3161 3909 3224 3962 Ἦ
3251 3909 3488 3964 ἀπάθεια
3523 3911 3740 3979 πέφυκε

2149 3997 2247 4070 τὴν
2280 3998 2504 4069 καρδίαν
2529 3998 2801 4070 ἀτάραχον
2831 3999 3233 4070 διαφυλάττειν,
3261 4001 3534 4072 ἦτιςὴμῖν
3565 4021 3742 4072 προσ-

2149 4089 2356 4157 γίνεται
2386 4090 2450 4141 ὲκ
2492 4087 2766 4152 πολιτείας
2804 4089 2970 4160 ὀρθῆς
2999 4090 3094 4143 καὶ
3123 4089 3407 4161 δογμάτων
3441 4091 3736 4162 ἀληθινῶν.

2219 4180 2465 4249 Σχοινέα
2500 4180 2866 4250 ἁμαρτωλῶν
2915 4182 3413 4252 περιεπλάλιησάν
3459 4203 3580 4254 μοι,
3635 4187 3736 4240 καὶ

2149 4269 2254 4323 τοῦ
2285 4271 2473 4339 νόμου
2503 4285 2620 4324 σου
2653 4275 2766 4325 οὐκ
2807 4271 3212 4342 ἐπελαθεῖμην,
3257 4293 3311 4328 κ.
3354 4293 3406 4328 τ.
3438 4277 3486 4329 ὲ.
3519 4278 3738 4346 Σχοινία

2149 4363 2217 4416 τὰ
2263 4361 2543 4433 ἐπάλληλα
2584 4363 2678 4415 καὶ
2723 4363 2791 4417 τά
2837 4363 3304 4435 συμπεπλεγμένα
3353 4367 3736 4448 ἀμαρτήματα

464 4467 557 4533 qui
607 4473 889 4532 peccatum
924 4466 1028 4519 sibi
1085 4479 1418 4536 pr0ponunt,
1459 4479 1684 4540 propter
1719 4471 1848 4525 illud
1874 4472 2038 4526 etiam

2152 4455 2388 4524 λέγεται.
2438 4457 2501 4508 Οἱ
2549 4455 2658 4526 γὰρ
2701 4456 2976 4528 ἁμαρτίαν
3025 4457 3353 4528 προθέμενοι
3395 4459 3617 4512 πλέκειν
3663 4461 3734 4514 δι’

465 4557 612 4612 aliud
639 4567 886 4613 attexere
917 4559 1346 4628 compelluntur,
1371 4561 1829 4631 quemadmodum
1868 4563 2040 4616 David

465 4659 686 4720 propter
731 4649 1150 4706 fornicationem
1179 4653 1346 4707 etiam
1379 4654 1584 4708 caedem
1633 4652 1871 4720 adjecit,
1903 4654 2039 4710 Cain

464 4749 687 4812 propter
740 4741 1106 4798 fratricidium
1143 4743 1394 4814 adjunxit
1425 4745 1797 4800 mendacium.
1843 4745 2038 4802 Verum

467 4834 552 4888 bis
584 4849 706 4888 cum
743 4834 1180 4904 implecteretur,
1225 4836 1298 4890 ait
1329 4851 1390 4890 se
1431 4837 1564 4905 legis
1593 4851 1700 4892 non
1732 4839 2042 4896 omnimode

465 4927 692 4982 oblitum
721 4926 890 4982 fuisse
919 4968 934 4991 ,
967 4927 1409 4996 quandoquidem
1453 4928 1520 4982 ad
1551 4929 1923 4997 paenitentiam
1953 4947 2040 4986 re—

459 5019 695 5089 spiciens
723 5029 780 5074 et
807 5033 1124 5079 conversus.
1159 5017 1343 5072 funem
1379 5021 1584 5086 peccati
1614 5021 1852 5092 abrupit.

537 5111 704 5166 Vatis.
739 5111 828 5164 62.
875 5107 1058 5160 Media
1081 5117 1230 5161 nocte
1252 5110 1528 5177 surgebam
1576 5113 1646 5164 ad
1677 5115 2036 5182 conﬁtendum

461 5205 556 5256 tibi
589 5218 747 5270 super
791 5201 1003 5270 judicia
1050 5199 1456 5270 justiﬁcatiouis
1481 5213 1606 5272 tute,
1651 5215 1760 5261 etc.
1805 5206 1920 5263 Hoc
1955 5209 2033 5262 di-

458 5295 690 5350 cundum
721 5293 986 5348 adversus
1011 5307 1106 5348 eos
1133 5293 1226 5364 qui
1277 5309 1467 5363 preces
1517 5307 1681 5354 noctu
1727 5300 2030 5370 negligunt.

535 5474 697 5526 Vens.
725 5471 812 5524 'it).
862 5470 1214 5539 Conguiatum
1264 5482 1334 5524 est
1379 5472 1512 5526 sicut
1560 5475 1642 5528 lac
1685 5493 1774 5529 cor
1822 5493 2034 5542 meum;

459 5585 549 5635 ego
585 5583 704 5620 vero
746 5567 908 5635 legem
943 5575 1090 5618 tuam
1122 5565 1402 5620 meditatus
1433 5585 1572 5633 sicut,
1615 5578 1723 5623 ctc.
1763 5569 2005 5636 Qucmad

537 5731 578 5762 ³³
609 5729 797 5789 Matth.
835 5751 886 5798 ν,
917 5733 967 5787 8.

2151 4546 2320 4617 αὐτὴν
2356 4545 2450 4599 καὶ
2483 4545 2650 4617 ἄλλην
2683 4546 3104 4614 ἀναγκάζονται·
3142 4546 3332 4617 ὥσπερ
3371 4548 3398 4600 ὁ
3442 4545 3612 4600 Δαυῒδ
3639 4549 3733 4604 διὰ

2147 4639 2244 4710 τὴν
2277 4633 2532 4712 πορνείαν
2573 4639 2666 4692 καὶ
2696 4638 2786 4692 τὸν
2817 4639 2973 4708 φόνον
3003 4639 3361 4710 προσέθηκεν·
3394 4641 3423 4692 ὁ
3465 4639 3604 4694 Κάϊν
3642 4641 3736 4695 διὰ

2143 4733 2242 4804 τὴν
2273 4732 2688 4802 ἀδελφοκτονίαν
2733 4731 3032 4801 ὲπισυνῆψε
3072 4731 3133 4783 τὸ
3166 4730 3382 4801 ψεῦδος.
3433 4732 3570 4785 Ἀλλ’
3609 4734 3734 4786 οὐδὲ

2149 4824 2354 4878 τούτων
2400 4823 2847 4895 περιπλακέντων
2883 4821 3032 4893 αὐτῷ
3074 4823 3166 4876 τοῦ
3200 4823 3334 4875 Θεοῦ
3369 4824 3534 4895 νόμου
3566 4825 3734 4895 φησὶν

2148 4917 2600 4970 ἐπιλανθάνεσθαι
2641 4917 2878 4978 πάντωςο
2930 4917 3032 4980 ὅτι,
3082 4917 3218 4986 πρὸς
3273 4917 3558 4988 μετάνοιαν
3606 4917 3734 4971 ἰδὼν

2147 5011 2240 5062 καὶ
2268 5009 2620 5081 ἐπιστρέψας,
2645 5007 2705 5060 τὸ
2732 5008 2961 5078 σχοινίον
2998 5009 3094 5079 τῆς
3123 5009 3397 5080 ἁμαρτίας
3441 5009 3692 5082 ἔρρηξεν.

2216 5103 2631 5156 Μεσονύκτιον
2669 5101 3052 5171 ἐξετειρόμην
3096 5102 3202 5155 τοῦ
3236 5101 3735 5174 ἐξομολογεῖσθαί

2147 5213 2246 5250 σοι
2276 5195 2374 5249 ἐπὶ
2405 5195 2474 5248 τὰ
2503 5195 2757 5263 κρίματα
2781 5192 2890 5261 τῆς
2919 5193 3312 5262 δικαιοσύνης
3343 5209 3481 5259 σου,
3510 5213 3562 5247 κ.
3594 5213 3646 5251 τ,
3678 5197 3732 5251 ἐ.

2145 5288 2376 5342 Λεκτέον
2428 5286 2585 5340 τοῦτο
2631 5288 2768 5359 πρὸς
2809 5288 2936 5351 τοὺς
2981 5287 3318 5358 ἀμελοῦντας
3362 5287 3578 5360 νύκτωρ
3617 5289 3733 5342 τῶν

2147 5381 2484 5456 προσευχῶν.

2227 5477 2281 5526 Ἐ
2287 5493 2312 5527 τ
2325 5473 2514 5542 ιιρώθη
2565 5473 2644 5538 ὡς
2685 5473 2834 5542 γάλα
2885 5473 2920 5540 ἡ
2973 5470 3184 5538 καρδία
3225 5469 3442 5525 αὐτῶν·
3473 5470 3588 5539 ἐγὼ
3621 5471 3732 5527 τὸν

2146 5571 2333 5638 νόμον
2362 5583 2478 5621 σου
2521 5564 2875 5636 ἐμελέτησα,
2925 5583 2970 5621 κ.
3021 5582 3070 5617 τ.
3116 5565 3161 5618 ἑ.
3225 5565 3435 5636 Ὥσπερ
3485 5567 3512 5617 ὁ
3564 5563 3730 5636 τυρὸς
