4106 6436
412 417 537 470 1601

1333 415 1635 469 SEIECTA
1676 414 1736 468 IN
1777 414 2110 469 PSALMOS.
2147 449 2211 456 ———
2256 416 2444 470 PSAL.
2473 415 2705 473 CXVIII.

3536 421 3558 474 t
3569 421 3675 479 603

405 529 470 603 ἦν
503 535 590 584 ὅτε
632 533 728 585 οὐκ
758 530 823 602 ἦν
857 534 1036 604 τυρὸς,
1076 534 1246 597 οὕτως
1287 536 1334 586 oi
1376 533 1626 603 δαίμονες
1668 529 1808 603 ἦσάν
1837 552 1980 597 ποτε,

2099 535 2315 585 modum
2367 548 2557 588 caseus
2599 543 2738 599 erat,
2773 534 2989 603 quando
3028 549 3134 588 non
3168 544 3287 590 erat
3328 551 3544 600 caseus,
3595 553 3670 592 suc

405 625 488 675 ὅτε
527 624 624 676 οὐκ
664 618 801 692 ἦσαν
837 627 1081 696 πονηροί.
1117 627 1177 677 Εἰ
1219 626 1274 677 δὲ
1328 626 1388 676 τὺ
1431 625 1570 692 γάλα
1618 626 1988 696 πρεσϐύτερόν

404 713 520 766 ἐστι
572 715 666 766 τοῦ
702 715 886 786 τυροῦ,
933 717 1172 786 δηλονότι
1218 719 1309 768 καὶ
1351 719 1382 787 ἡ
1427 717 1594 788 ἀρετὴ
1647 717 1989 789 πρεσϐυτέρα

402 807 502 875 τῆς
539 808 736 872 κακίας
768 810 932 862 ἐστίν·
970 810 1120 880 τυρῷ
1151 811 1258 880 γὰρ
1293 811 1456 864 Δαυῖδ
1480 811 1578 881 τὴν
1611 812 1808 866 κακίαν
1834 812 1990 864 ἀπεί-

406 915 476 949 κα
487 915 598 954 σεν.

495 989 735 1058 Ἀγαθόν
753 1009 852 1059 μοι
883 993 968 1043 ὅτι
1001 992 1408 1060 ἑταπείνωσιὶς
1426 1012 1520 1062 με,
1550 995 1706 1061 ὅπως
1736 996 1812 1048 ἂν
1825 996 1990 1064 μάθω

410 1081 485 1134 τὰ
517 1082 878 1152 δικαιώματά
906 1100 1042 1146 σου,
1077 1103 1132 1139 κ.
1166 1105 1215 1138 τ.
1253 1088 1298 1138 ὲ.
1348 1087 1490 1139 Ὡσελ.
1521 1088 1722 1154 ἔλεγεν·
1772 1089 1991 1142 Limon?)

410 1172 471 1225 ἐν
495 1173 821 1239 ἀσθενείαις,
850 1178 904 1228 ἐν
932 1177 1174 1248 ὕϐρεσιν,
1207 1181 1263 1232 ἐν
1297 1181 1583 1248 ἀνάγκαις,
1623 1184 1679 1233 ἐν
1708 1181 1986 1252 διωγμοῖς,

415 1267 472 1317 ὲν
500 1268 900 1337 στενοχωρίαις.
942 1270 1123 1334 ’Ἄξιος
1151 1271 1382 1340 ὀφθῆναι
1415 1273 1522 1324 τῶν
1550 1273 1657 1325 σῶν
1689 1274 1989 1344 δικαιωμά-

412 1376 520 1411 των
545 1359 700 1422 αἰτῶ,
735 1361 880 1431 ἅπερ
907 1362 1007 1414 οὐκ
1035 1362 1180 1414 ἐστιν
1205 1364 1377 1426 ἄλλως
1407 1365 1615 1434 μαθεῖν.

477 1534 990 1601 Αἰσχυνθιὶτωσαν
1035 1539 1428 1607 {map-ligarem
1472 1539 1556 1591 ὅτι
1590 1540 1806 1606 ἀδίκως
1849 1542 1988 1608 ἡνό-

410 1643 618 1692 μησίιν
639 1630 727 1693 εὶς
756 1629 880 1698 ἐμὲ,
913 1649 963 1684 κ.
997 1649 1047 1683 τ.
1087 1633 1132 1686 ἑ.
1179 1633 1242 1684 Ἢ
1267 1633 1494 1702 αἰσχύνη
1530 1634 1606 1695 είς
1639 1633 1990 1703 συναίσθησιν

417 1716 658 1784 πέφυκεν
687 1718 840 1785 ἄγειν
874 1720 962 1772 τὸν
987 1722 1389 1792 ἁμαρτάνοντα.

498 1809 1062 1877 Ἐπιστρεψ-άτωσάν
1105 1831 1206 1881 μοι
1273 1816 1326 1866 οἱ
1371 1815 1728 1882 φοϐούμενοί
1765 1828 1837 1865 σε
1892 1815 1986 1866 καὶ

2097 624 2370 678 daemones
2411 625 2702 692 aliquando
2733 633 2908 692 erant,
2942 627 3157 695 quando
3183 642 3290 680 non
3317 638 3479 681 erant
3518 630 3669 683 mali.

2095 712 2152 765 Si
2185 729 2313 767 vero
2341 714 2422 767 lac
2451 715 2727 783 antiquius
2756 725 2836 767 est
2871 730 3064 780 caseo,
3097 717 3172 771 ita
3198 717 3450 773 videlicet
3473 727 3529 772 et
3563 717 3676 771 vir-

2098 814 2184 858 tus
2214 806 2490 873 antiquior
2525 815 2607 858 est
2657 806 2886 858 malitia.
2921 806 3093 863 Caseo
3136 811 3276 862 enim
3317 810 3483 863 David
3513 809 3672 862 mali-

2097 897 2225 949 tiam
2255 896 2601 950 assitnilavit.

2169 986 2334 1039 Vens.
2363 984 2449 1041 7i.
2482 984 2688 1038 Bonum
2715 984 2841 1037 mihi
2872 987 2994 1054 quia
3025 989 3320 1043 humiliasti
3346 1008 3425 1044 me
3453 1031 3467 1056 ,
3494 1002 3549 1044 ut
3585 993 3668 1046 di-

2093 1095 2235 1132 scam
2262 1077 2675 1146 justiﬁrationes
2721 1092 2862 1142 tuas,
2892 1090 2998 1134 etc.
3029 1081 3195 1146 Quasi
3224 1083 3427 1136 diceret
3459 1101 3472 1136 :
3506 1083 3671 1137 Com-

2093 1167 2280 1236 placeo
2314 1167 2443 1220 mihi
2475 1167 2528 1220 in
2560 1168 2987 1228 inﬁrmitatibus.
3015 1171 3066 1222 in
3105 1173 3468 1238 contumeliis,
3489 1172 3540 1226 in
3573 1187 3670 1227 ne-

2093 1257 2464 1320 cessitatibus,
2505 1259 2555 1311 in
2582 1261 3067 1326 persecutionibus,
3099 1260 3264 1333 804
3295 1262 3346 1313 in
3377 1263 3663 1330 angustiis.

2094 1348 2291 1402 Precor
2328 1359 2385 1401 ut
2420 1350 2524 1402 tuis
2577 1365 2868 1417 appaream
2903 1351 3097 1416 dignus
3144 1349 3662 1416 justifieationibus,

2093 1456 2227 1510 quas
2255 1441 2476 1509 quidem
2517 1456 2619 1492 non
2647 1442 2807 1493 aliter
2842 1440 3051 1493 discere
3083 1451 3182 1495 est.

2161 1533 2325 1589 Vens.
2356 1533 2442 1586 '78.
2485 1531 2900 1602 Confundantur
2928 1536 3158 1602 superbi,
3193 1535 3317 1602 quia
3349 1533 3539 1603 injuste
3563 1536 3669 1588 ini-

2092 1628 2346 1696 quitatem
2387 1627 2622 1690 [εί-ενιιηί
2676 1627 2730 1678 in
2762 1642 2862 1688 me,
2914 1636 3022 1680 etc.
3056 1625 3317 1680 Confusio
3347 1635 3666 1696 peccantem

2095 1717 2158 1770 ad
2198 1716 2278 1770 sui
2314 1731 2530 1768 sensum
2563 1717 2698 1768 solet
2725 1717 3018 1770 adducere.

2170 1809 2331 1862 Vnus.
2358 1808 2445 1862 79.
2493 1808 2880 1862 Convertuntur
2922 1807 3052 1860 mihi
3107 1808 3348 1862 timentes
3382 1816 3454 1873 te,
3492 1818 3542 1862 et
3577 1809 3668 1879 qui

415 1901 467 1948 οἱ
507 1899 902 1967 γινώσκοντες
937 1902 1006 1956 τὰ
1049 1903 1341 1972 μαρτύριά
1376 1921 1512 1967 σοι’,
1548 1923 1600 1958 κ.
1653 1923 1700 1957 τ.
1735 1907 1782 1958 ἐ.
1841 1907 1980 1958 Ἑπι-

2096 1909 2349 1950 noverunt
2380 1898 2679 1950 testimonia
2717 1906 2807 1952 tua
2837 1939 2852 1962 ,
2897 1906 3007 1951 etc.
3043 1896 3143 1965 Qui
3176 1897 3443 1966 ejusmodi
3489 1909 3617 1954 sunt
3649 1938 3667 1964 ,

417 1990 640 2059 στρέψαι
676 1993 810 2063 πρὸς
829 1995 989 2047 αὑτὸν
1018 1997 1109 2048 καὶ
1141 1996 1541 2066 παραγενέσθαι¹
1569 1998 1693 2060 τοὺς
1719 1997 1988 2062 τοιούτους

415 2081 572 2143 αίτεῖ,
602 2081 676 2142 ὼς
701 2081 765 2134 ἂν
796 2083 978 2146 αὐτοῖς
1001 2084 1099 2154 τῆς
1127 2086 1184 2137 ὲν
1212 2085 1358 2155 αὐτῷ
1387 2086 1638 2158 μεταδοίη
1677 2088 1914 2158 χάριτος.

482 2170 799 2237 Γενηθήτω
830 2175 866 2240 ἡ
919 2174 1132 2238 καρδία
1182 2194 1301 2243 μου
1349 2176 1585 2245 ᾶμωμος
1630 2178 1699 2230 ἐν
1731 2179 1852 2244 τοῖς
1899 2179 1985 2231 δι-

413 2262 704 2332 γαιώμασί
738 2279 874 2327 σου,
916 2265 1074 2330 ὅπως
1115 2266 1190 2318 ἂν
1223 2267 1308 2335 μὴ
1363 2269 1687 2336 αἰσχυνθώ,
1739 2287 1790 2325 κ.
1835 2287 1884 2322 τ.
1938 2272 1983 2325 ὲ.

427 2354 512 2415 Ὡς
550 2355 714 2424 μήπω
745 2355 884 2424 ἔχων
919 2359 1064 2409 αίτεῖ
1095 2358 1232 2410 κατὰ
1262 2359 1342 2419 τὺ,
1389 2377 1407 2408 ε
1465 2360 1704 2430 Καρδίαν
1744 2361 1988 2430 καθαρὰν

413 2446 595 2500 κτίσον
624 2449 680 2499 ἐν
714 2449 857 2518 ἐμοὶ,
882 2451 909 2502 ὁ
937 2449 1087 2512 Θεός.
1128 2470 1144 2500 ι
1178 2452 1285 2504 Καὶ
1320 2452 1435 2514 πῶς
1474 2472 1490 2502 ι
1525 2452 1752 2522 ἄμωμος
1785 2474 1801 2505 ι
1837 2454 1988 2506 ἕσται

413 2537 445 2607 ἢ
483 2539 623 2592 κατά
668 2541 794 2604 τοὺς
835 2541 1050 2605 λοιποὺς
1099 2561 1116 2593 ι
1157 2543 1367 2607 τελείας
1411 2563 1428 2595 ι
1494 2547 1823 2616 Ἐπήγαγεν,
1877 2565 1894 2596 ι
1933 2549 1988 2598 ἐν

413 2634 524 2692 τοῖς
555 2631 884 2702 δικαιώμασί
920 2651 1032 2687 σου.
1073 2655 1090 2685 ι
1125 2635 1310 2706 Τούτῳ
1338 2637 1479 2689 δὲτὸ
1515 2639 1587 2707 μὴ
1635 2638 1989 2708 αἰσχυνθῆναι

414 2720 717 2774 ἀκολουθεῖ·
744 2724 1006 2795 αἰσχύνης
1031 2725 1137 2795 γὰρ
1166 2726 1313 2793 ἀξιον
1341 2729 1447 2780 πᾶν
1479 2729 1781 2799 ἁμάρτημα
1806 2770 1818 2783 .

497 2895 813 2956 Ἐξέλιπον
839 2900 892 2948 οὶ
920 2899 1216 2967 ὀφθαλμοί
1237 2918 1357 2968 μου
1387 2903 1475 2966 είς
1514 2902 1578 2954 τὸ
1601 2905 1811 2972 λόγιόν
1847 2922 1983 2971 σου,

412 2984 710 3053 λέγοντες·
762 2989 911 3039 Πότε
951 2989 1392 3056 παιλιακωῐέσεις
1411 3008 1523 3058 με;
1556 3010 1608 3044 κ.
1637 3011 1686 3044 τ.
1721 2995 1765 3046 ὲ.
1808 2996 1989 3067 Παρά-

412 3077 600 3147 κλησίς
635 3079 779 3130 ἐστιν
805 3081 836 3148 ἡ
871 3079 1172 3143 ἀνάπαυσις
1196 3081 1370 3151 ψυχῆς
1399 3083 1505 3135 ἀπὸ
1531 3085 1725 3138 πό·.ων.

486 3168 601 3219 ’Ότι
632 3169 926 3237 ἐγενήθην
957 3171 1035 3236 ώς
1059 3171 1249 3236 ἀσκὸς
1278 3173 1348 3223 ἐν
1377 3173 1597 3242 πάχνη,
1631 3193 1684 3227 κ.
1722 3195 1771 3229 τ.
1810 3179 1854 3230 ὲ.
1883 3180 1984 3231 Εὑ-

414 3261 599 3330 ρήσεις
651 3260 918 3332 πολλαχοῦ
958 3264 1056 3333 τῆς
1108 3265 1329 3334 Γραφῆς
1380 3265 1877 3337 τροπολογούμενον
1922 3271 1983 3323 τὸ

412 3350 570 3420 σῶμα
593 3352 671 3413 είς
695 3353 880 3407 ἀσκόν.
915 3355 978 3404 Ὃ
1002 3350 1094 3406 οὖν
1117 3354 1262 3422 λέγει
1286 3358 1313 3408 ὁ
1337 3355 1539 3419 δίκαιος
1555 3358 1790 3411 τοιοῦτόν
1815 3363 1978 3415 ἐστιν·

423 3443 733 3514 Ἐνέκρωσά
759 3462 858 3513 μου
888 3444 955 3498 τὰ
988 3445 1123 3515 μέλη
1156 3447 1246 3499 ἐπὶ
1276 3446 1377 3516 τῆς
1399 3448 1520 3518 γῆς·
1547 3448 1643 3520 τὴν
1675 3450 1982 3522 θερμότητα

409 3535 502 3587 τοῦ
538 3535 786 3606 σώματος
829 3536 997 3604 aqua:
1035 3538 1113 3608 τῷ
1146 3538 1272 3609 θείῳ
1304 3540 1466 3610 λόγῳ*
1497 3542 1677 3594 οὐκέτι
1710 3545 1826 3613 εἰμλ⁸
1859 3544 1982 3617 θερ-

411 3626 510 3694 μὸς
550 3627 686 3697 πρὸς
731 3627 908 3698 ὄρεξιν
952 3630 1058 3682 τῶν
1107 3631 1246 3686 κατὰ
1297 3631 1394 3704 τὴν
1435 3633 1706 3707 κοιλίανῆ
1755 3636 1891 3708 πρὸς
1917 3638 1985 3691 τὰ

410 3716 718 3786 σωματικά·
738 3718 1016 3777 ἐνέκοωσα
1043 3723 1135 3778 καὶ
1161 3722 1331 3793 ἔψυξα
1358 3724 1427 3778 τὰ
1456 3724 1591 3798 μέλη
1620 3727 1713 3779 ἐπὶ
1736 3728 1832 3798 τῆς
1858 3729 1982 3797 γῆς.

479 3898 668 3950 Πόσαι
701 3901 860 3952 εἰσίν
891 3904 951 3954 αἱ
992 3903 1203 3969 duxerat
1244 3904 1350 3957 τοῦ
1378 3903 1604 3959 δούλου
1643 3923 1796 3970 σου;
1840 3911 1984 3962 πότε

405 3988 678 4056 ποιήσεις
694 4010 794 4060 μοι
815 3993 881 4044 ἐκ
916 3993 1032 4046 τῶν
1057 3994 1392 4049 διωκόντων
1413 4014 1490 4065 με
1515 3999 1735 4064 κρίσιν,
1775 4017 1826 4051 κ.
1852 4017 1902 4052 τ.
1932 4003 1976 4054 ὲ.

417 4077 625 4147 Ὀλίγαι
655 4083 761 4154 γὰρ
799 4085 851 4136 αἱ
886 4085 992 4137 τῶν
1024 4085 1325 4158 ἀνθρώπων
1358 4088 1562 4159 ἡμέραι
1603 4088 1696 4141 ἐπὶ
1729 4089 1827 4159 τῆς
1856 4091 1978 4160 γῆς,

404 4170 464 4224 ὲν
492 4167 580 4236 αἷς
609 4174 825 4244 εὔχεται
850 4178 1058 4247 ταχέως
1094 4180 1438 4252 συντριϐῆναι
1473 4181 1561 4234 τὸν
1591 4181 1834 4235 Σατανᾶν
1875 4183 1981 4235 ὑπὸ

402 4266 528 4328 τοὺς
563 4267 727 4331 πόδας
751 4269 934 4322 αὑτοῦ.

481 4359 591 4412 Τοῦ
629 4361 834 4416 αὐτοῦ.
871 4365 1047 4416 Πᾶσαι
1074 4363 1788 4436 ἀνθρώπωνὴμέραιόλίγαι
1818 4366 1974 4420 εἰσίν.

415 4447 566 4502 Ἐπεὶ
593 4445 686 4503 οὖν
715 4451 893 4520 ὀλίγον
935 4454 1126 4525 χρόνον
1159 4456 1236 4520 ζῶ
1265 4457 1357 4510 ἐπὶ
1385 4459 1507 4528 γῆς,
1555 4458 1811 4529 βούλομαι
1849 4459 1978 4512 ἰδεῖν

2095 2003 2189 2042 eos
2219 1989 2284 2042 ad
2332 2004 2390 2043 se
2434 1989 2676 2042 converti
2707 1998 2759 2042 et
2798 1988 3062 2041 accedere
3110 1989 3270 2057 petit,
3318 1998 3376 2042 ιιι
3399 2003 3518 2044 eam
3543 2004 3665 2058 quae

2093 2081 2192 2134 sibi
2226 2081 2386 2144 inest,
2419 2081 2646 2149 gratiam
2681 2097 2802 2133 cum
2834 2080 2964 2149 ipsis
2991 2081 3378 2136 communicet.

2158 2171 2324 2227 Vens.
2353 2173 2440 2227 80.
2476 2170 2603 2224 Fiat
2629 2188 2719 2224 cor
2749 2188 2918 2224 meum
2943 2172 3341 2226 immaculatum
3370 2173 3426 2226 in
3457 2171 3663 2242 justiﬁ-

2091 2263 2386 2316 cationibus
2418 2261 2604 2322 tuis,ut
2634 2276 2734 2312 non
2763 2258 3082 2328 confundor,
3115 2267 3228 2314 etc.
3259 2258 3542 2328 Tanquam
3571 2260 3662 2327 qui

2093 2355 2331 2408 nondum
2363 2353 2492 2406 illud
2527 2353 2744 2414 habeat,
2791 2349 3244 2420 precatur,juxta
3282 2350 3457 2405 illud:
3499 2367 3516 2401 ι
3557 2349 3665 2407 Cor

2092 2447 2349 2500 mundum
2385 2459 2507 2500 crea
2538 2444 2590 2498 in
2625 2458 2730 2508 me,
2763 2442 2901 2496 Deus
2928 2442 2993 2494 ³⁸.
3031 2461 3049 2493 ι
3094 2443 3157 2496 Et
3191 2443 3463 2512 quomodo
3499 2461 3516 2495 ι
3558 2443 3663 2496 im-

2093 2535 2425 2590 maculatum
2481 2553 2500 2586 ι
2546 2535 2675 2594 erit,
2710 2533 2790 2587 vel
2832 2533 2986 2602 juxta
3037 2533 3274 2602 reliquos
3305 2534 3661 2603 interpretes,

2098 2645 2115 2676 ι
2182 2624 2538 2694 perfectum?
2601 2643 2621 2674 ι
2672 2623 2936 2686 Addidit,
2993 2641 3011 2674 ι
3079 2623 3130 2676 in
3183 2622 3663 2690 justiﬁcationibus

2096 2716 2224 2770 tuis.
2280 2733 2298 2766 ι
2357 2715 2494 2769 llinc
2539 2717 2597 2768 lit
2646 2726 2703 2768 ut
2733 2713 2974 2768 confusio
3010 2730 3114 2768 non
3149 2725 3430 2786 sequatur.
3464 2715 3666 2770 Confu-

2093 2811 2243 2864 sione
2275 2809 2418 2863 enim
2445 2808 2664 2877 dignum
2698 2817 2782 2863 est
2816 2824 2976 2862 omne
3013 2818 3318 2878 peccatum.

2164 2901 2327 2955 Vens.
2359 2899 2449 2954 82.
2494 2899 2806 2966 Defecerunt
2841 2899 2976 2951 oculi
3004 2901 3103 2952 mei
3129 2901 3181 2953 in
3222 2900 3484 2966 eloquium
3510 2909 3658 2954 tuum

2090 2992 2344 3053 dicentes,
2366 2991 2592 3057 Quando
2622 2991 2976 3044 consolaberis
3005 3007 3083 3044 me
3113 2992 3137 3045 7
3190 2999 3295 3045 etc.
3347 2991 3660 3046 Consolatio

2090 3094 2172 3136 est
2203 3082 2416 3150 requies
2444 3082 2638 3133 anima:
2662 3097 2690 3133 a
2724 3082 3018 3137 laboribus.

2167 3176 2329 3230 Vens.
2357 3174 2445 3230 85.
2481 3174 2620 3240 Quia
2655 3174 2828 3242 factus
2868 3191 2983 3228 sum
3017 3176 3150 3227 sicut
3193 3185 3307 3227 uter
3338 3175 3391 3227 in
3425 3176 3616 3241 pruina
3639 3214 3658 3242 ,

2085 3279 2192 3324 etc.
2223 3267 2468 3322 Invenies
2500 3266 2814 3335 frequenter
2861 3267 2912 3319 iu
2963 3267 3250 3334 Scriptura
3295 3266 3501 3335 tr0pice
3530 3282 3658 3320 cor-

2086 3375 2183 3430 pus
2208 3359 2313 3414 dici
2343 3367 2539 3412 utrem.
2573 3358 2725 3424 Quod
2752 3357 2916 3428 igitur
2942 3357 3028 3412 hic
3056 3357 3234 3426 justus
3265 3359 3361 3420 ait,
3389 3369 3472 3411 est
3505 3356 3656 3425 eius-

2086 3451 2228 3506 modi
2267 3468 2282 3502 :
2331 3446 2648 3503 Mortiﬁcavi
2700 3449 2938 3501 membra
2987 3464 3102 3500 mea
3131 3487 3146 3515 ,
3179 3464 3298 3517 quia
3344 3458 3471 3502 sunt
3497 3463 3660 3517 super

2087 3553 2290 3598 terram
2320 3558 2334 3606 ;
2369 3541 2614 3609 corporis
2639 3539 2874 3594 calorem
2917 3539 3100 3593 divino
3153 3540 3318 3593 verbo
3373 3539 3661 3608 refrigera—

2087 3636 2173 3703 vi;
2213 3653 2318 3689 nou
2351 3635 2582 3704 amplius
2619 3635 2772 3687 caleo
2825 3631 2891 3684 ad
2941 3631 3186 3692 ventris,
3235 3631 3316 3684 vel
3353 3630 3417 3683 ad
3475 3644 3656 3683 rerum

2086 3729 2394 3783 carnalium
2459 3725 2792 3798 appetitum;
2844 3721 3172 3777 mortiﬁcavi
3234 3731 3289 3775 et
3343 3719 3658 3788 refrigeravi

2090 3823 2332 3876 membra
2369 3835 2488 3874 mea
2521 3833 2641 3888 qua:
2664 3825 2788 3871 sunt
2817 3831 2980 3884 super
3015 3823 3236 3868 terram.

2159 3911 2321 3966 Vens.
2354 3909 2443 3963 84.
2479 3909 2620 3972 Quot
2644 3916 2764 3960 sunt
2789 3906 2899 3958 dies
2929 3905 3065 3959 servi
3093 3905 3171 3956 tui
3199 3905 3224 3957 ?
3251 3902 3464 3973 quando
3496 3902 3659 3971 facies

2082 4003 2146 4056 de
2196 3997 2627 4070 persequentibus
2675 4011 2757 4047 me
2798 3993 3115 4062 judicium?
3155 4005 3261 4047 etc.
3295 3991 3460 4047 Pauci
3511 3992 3656 4045 enim

2083 4093 2364 4147 hominum
2397 4092 2514 4145 dies
2553 4100 2678 4145 sunt
2703 4103 2866 4157 super
2897 4097 3114 4147 terram,
3148 4085 3201 4138 in
3232 4083 3429 4152 quibus
3461 4097 3653 4150 preca-

2084 4196 2172 4242 tur
2204 4187 2460 4242 Satanam
2493 4185 2605 4240 cito
2637 4183 2850 4239 conteri
2883 4182 2983 4237 sub
3007 4178 3234 4252 pedibus
3279 4179 3413 4248 ejus.

2151 4363 2426 4435 Ejusdem.
2461 4363 2663 4418 Omnes
2693 4362 2808 4417 dies
2863 4358 3084 4415 humani
3131 4356 3287 4427 pauci
3335 4362 3484 4410 sunt.
3509 4351 3649 4408 Cum

2080 4457 2245 4527 igitur
2275 4456 2470 4526 exiguo
2502 4465 2745 4524 tempore
2791 4454 2968 4506 vivam
3007 4466 3167 4520 supra
3219 4457 3421 4504 terram
3447 4487 3463 4508 ,
3490 4446 3652 4516 cupio

402 4541 526 4605 τοὺς
563 4544 999 4609 καταδιώκοντάς
1033 4564 1098 4618 με
1129 4550 1504 4619 κρινομένους,
1540 4551 1633 4603 καὶ
1671 4549 1975 4621 παρακαλῶ

2086 4553 2264 4607 videre
2301 4561 2681 4621 persecutores
2713 4562 2860 4600 meos
2888 4544 3184 4614 judicatos,
3224 4551 3278 4596 et
3327 4555 3455 4610 rogo
3501 4547 3552 4592 te
3581 4554 3650 4592 ne

402 4646 462 4682 σε
498 4632 573 4702 μὴ
607 4633 960 4703 ὑπερθέσθαι.
995 4638 1151 4701 Τίνες
1176 4638 1232 4692 δέ
1262 4641 1398 4694 είσιν
1424 4642 1472 4694 οἱ
1503 4642 1632 4711 περί
1653 4635 1727 4694 ὧν
1759 4641 1975 4710 εὔχεται

400 4722 486 4774 ἵνα
542 4723 765 4794 γένηται
812 4728 898 4778 ἐπ’
943 4728 1139 4792 αὐτοὺς
1179 4731 1394 4801 κρίσις;
1435 4731 1499 4784 Οἱ
1547 4729 1975 4796 καταδιώκοντες

397 4817 546 4886 ἡμᾶς
579 4818 823 4882 Σατανᾶς
862 4838 920 4873 τε
946 4822 1040 4875 καὶ
1069 4822 1138 4875 τὰ
1180 4824 1523 4894 πνευματικὰ
1552 4825 1648 4896 τῆς
1687 4826 1970 4897 πονηρίας.

401 4909 569 4964 Ὅταν
603 4913 661 4966 δὲ
693 4914 840 4984 ἡμᾶς
868 4915 960 4967 καὶ
1001 4915 1285 4986 ἄνθρωπος
1317 4917 1447 4988 δοκῇ
1484 4915 1859 4983 καταδιώκειν,
1897 4917 1972 4988 τῷ

398 5001 629 5073 πρώτως
660 5005 1014 5059 καταδιώκειν
1044 5008 1142 5059 οὐκ
1174 5007 1457 5079 ἄνθρωπός
1497 5011 1664 5071 ἐστιν,
1697 5007 1832 5062 ἀλλά
1857 5009 1968 5063 διά-

397 5091 570 5158 ϐολος,
597 5089 658 5148 οὗ
689 5098 929 5168 μιμητής
958 5099 1091 5150 ἐστι.

466 5187 841 5257 Διηγήσαντό
875 5207 976 5258 μοι
1039 5191 1369 5260 παράνομοι
1413 5194 1799 5263 ἀδολεσχίας,
1834 5196 1970 5249 ἀλλ’

395 5280 508 5347 οὐχ
539 5280 619 5344 ὡς
665 5282 698 5332 ὀ
737 5282 920 5348 νόμος
957 5297 1094 5345 σου,
1139 5299 1192 5333 κ.
1235 5299 1286 5335 τ.
1334 5284 1378 5335 ἑ.
1435 5286 1501 5336 Ἢ
1540 5286 1666 5347 τοὺς
1705 5284 1972 5354 γραώδεις

397 5371 598 5440 μύθους
624 5372 730 5425 τῶν
758 5373 1022 5426 Ἰουδαίων
1044 5375 1176 5444 φησὶ
1208 5375 1305 5438 τὰς
1326 5376 1688 5442 διδασκαλίας,
1719 5378 1752 5447 ἢ
1781 5378 1874 5430 καὶ
1903 5377 1971 5430 τὰ

391 5463 704 5532 ἐντάλματα
751 5464 859 5517 τῶν
903 5465 1226 5536 ἀνθρώπων,
1271 5467 1364 5520 καὶ
1415 5467 1515 5531 τὰς
1560 5468 1829 5539 φλυαρίας
1861 5468 1969 5521 τῶν

394 5555 574 5621 σοφῶν
618 5555 714 5609 τοῦ
756 5556 950 5621 αἰῶνος
995 5557 1203 5610 τούτου.
1253 5557 1444 5610 Πολλοὶ
1496 5560 1603 5630 γὰρ
1645 5561 1968 5634 ἑρμηνεύειν

392 5647 728 5718 ἐπιχειροῦσι
757 5648 855 5714 τὰς
892 5649 1041 5714 θείας
1074 5651 1110 5703 Γ
1117 5651 1292 5721 ραφὰς
1333 5651 1562 5706 καὶτῶν
1599 5653 1695 5725 τῆς
1738 5654 1966 5719 Ἐκκλη-

442 5849 486 5880 ³⁸
534 5851 673 5905 Psal.
710 5869 762 5914 L.
811 5854 895 5908 1‘2.

2081 4643 2320 4698 ditl'eras.
2349 4642 2579 4710 Quinam
2613 4655 2742 4694 vero
2778 4638 2854 4691 illi
2885 4647 3008 4692 sunt
3038 4636 3102 4688 de
3127 4634 3324 4703 quibus
3353 4641 3504 4702 optat
3533 4629 3646 4683 ﬁeri

2074 4737 2382 4806 judicium?
2435 4733 2631 4801 Utique
2668 4732 2741 4784 illi
2775 4731 2864 4799 qui
2901 4745 2997 4782 nos
3032 4733 3455 4796 persequuntur,
3489 4721 3648 4776 Sata-

2080 4845 2178 4883 nas
2235 4843 2431 4897 nempe
2482 4835 2536 4880 et
2584 4823 2852 4893 spiritalia
2898 4819 3173 4889 nequitia).
3210 4817 3437 4882 Quando
3469 4823 3648 4867 autem

2082 4923 2246 4974 etiam
2302 4917 2466 4973 homo
2519 4931 2618 4972 nos
2649 4915 2896 4984 persequi
2951 4913 3098 4965 visus
3142 4908 3346 4970 fuerit,
3402 4908 3504 4961 hoc
3535 4906 3650 4973 ipso

2078 5012 2220 5080 quod
2256 5012 2402 5078 prior
2425 5010 2792 5079 persequitur,
2813 5007 2925 5073 jam
2953 5020 3056 5058 non
3096 5011 3178 5055 est
3210 5001 3393 5064 homo,
3421 4998 3513 5053 sed
3540 4997 3652 5049 dia-

2079 5104 2252 5169 bolus,
2282 5104 2438 5169 cujus
2469 5100 2757 5154 aemulator
2793 5108 2892 5151 est.

2161 5195 2325 5249 Vens.
2354 5195 2442 5250 85.
2487 5192 2850 5246 Narrauerunt
2899 5189 3027 5241 mihi
3071 5186 3232 5255 iniqui
3268 5180 3642 5251 fabulationes,

2074 5291 2165 5342 sed
2198 5303 2303 5341 non
2338 5295 2393 5339 ut
2431 5289 2516 5338 lex
2546 5293 2638 5337 tua
2665 5321 2682 5347 ,
2721 5294 2829 5337 etc.
2869 5280 2962 5334 Vel
3011 5278 3182 5332 aniles
3226 5273 3438 5327 fabulas
3486 5277 3648 5326 vocat

2075 5377 2353 5431 doctrinas
2383 5374 2713 5438 Judteorum,
2734 5371 2817 5428 vel
2849 5372 3010 5426 etiam
3042 5378 3308 5438 praecepta
3341 5364 3640 5446 hominum,

2075 5477 2128 5522 et
2159 5482 2329 5538 nugas
2355 5465 2662 5536 sapientum
2696 5461 2859 5533 hujus
2887 5462 3095 5516 Steculi.
3126 5458 3278 5513 Multi
3332 5456 3477 5513 enim
3533 5463 3643 5512 tam

2075 5559 2169 5628 qui
2205 5563 2256 5612 in
2313 5558 2554 5614 Ecclesia
2600 5565 2747 5619 sum,
2783 5568 2949 5622 quam
2984 5550 3076 5622 qui
3103 5559 3281 5614 extra,
3311 5558 3372 5603 ut
3400 5547 3639 5603 hmretici

2077 5666 2128 5709 et
2167 5652 2358 5714 Jndmi,
2401 5650 2482 5705 vel
2509 5649 2672 5706 etiam
2711 5645 3064 5710 Samaritani,
3094 5643 3303 5698 dixinas
3335 5640 3646 5710 Scriptura;
