4106 6418
449 417 588 473 ίῦυό

1855 417 1946 470 EX
1989 415 2291 471 ORZGENE

3577 423 3596 475 ‘l
3610 421 3718 476 604

447 539 794 608 interpretari
840 540 1232 610 aggrediuntur
1264 581 1278 603 ,
1322 541 1412 593 sed
1469 555 1572 593 non
1629 554 1822 594 omnes
1858 552 2023 594 recte.

2135 539 2275 600 σίας,
2301 537 2393 589 καὶ
2419 536 2527 589 τῶν
2549 535 2654 600 ἔξω
2673 537 2876 605 ταύτης
2892 535 3184 606 αἱρετικῶν
3207 553 3266 588 τε
3292 536 3385 589 καὶ
3425 537 3714 602 Ἰουδαίων,

451 631 625 685 liarus
663 633 804 685 enim
839 642 923 686 cst
957 633 1044 699 qui
1099 651 1127 684 ιι
1179 633 1284 685 Deo
1311 633 1374 684 ad
1409 632 1508 685 hoc
1539 633 1771 700 gratiam
1801 632 2022 695 habent,

449 743 571 780 cum
799 725 1012 794 plurimi
1065 725 1284 794 quidem
1329 724 1655 792 promittant
1693 740 2025 790 sermonem,

448 819 540 872 sed
574 835 676 870 non
717 827 898 880 recte,
939 828 1034 870 aut
1085 819 1248 870 etiam
1305 817 1488 885 inique
1542 817 1745 870 vivant.
1802 816 1858 870 Si
1893 817 2026 885 quid

449 908 612 976 igitur
646 909 916 972 dixerint,
951 909 1146 962 fabula:
1175 919 1228 962 et
1265 924 1418 978 nuga:
1459 919 1605 961 sunt.
1646 907 1846 978 Nequit
1873 909 2020 963 enim

448 1015 628 1054 sermo
672 1010 938 1055 constans
974 1011 1028 1053 et
1085 1001 1342 1054 robustus
1386 1017 1451 1054 ac
1499 1001 1754 1055 salutaris
1807 1014 1927 1056 esse
1974 1001 2026 1054 in

449 1088 628 1142 anima
662 1090 857 1158 iniqui.

519 1267 798 1339 Ejusdem.
855 1267 964 1323 llac
1008 1269 1274 1323 sententia
1329 1269 1586 1324 utendum
1623 1272 1882 1329 adversus
1929 1290 2024 1331 eos

448 1363 539 1431 qui
593 1379 654 1413 ex
687 1373 914 1414 externa
963 1361 1230 1428 sapientia
1261 1361 1326 1414 de
1359 1363 1668 1428 cognitione
1710 1363 1801 1418 Dei
1847 1381 1905 1420 se
1932 1372 2024 1422 do-

446 1461 636 1508 cturos
670 1454 1017 1521 polliceantur.

510 1543 670 1598 Vens.
689 1545 776 1598 87.
805 1542 974 1596 Paulo
995 1543 1164 1594 minus
1185 1556 1670 1600 consummaverunt
1688 1564 1765 1598 me
1789 1548 1843 1601 in
1866 1559 2024 1617 terra,

447 1653 540 1704 ego
573 1645 746 1688 autem
777 1652 876 1687 non
911 1633 1161 1700 dereliqui
1194 1636 1448 1688 mandatu
1475 1651 1586 1698 tua,
1619 1647 1725 1694 etc.
1759 1637 1836 1690 Ac
1863 1640 1907 1693 si
1943 1640 2026 1694 tli-

449 1739 624 1782 cerct:
664 1729 1068 1796 Aliquantulum
1109 1727 1282 1782 factus
1311 1743 1426 1782 sum
1461 1737 1729 1796 terrenus,
1771 1733 2030 1785 leutauti-

447 1823 546 1871 bus
581 1835 664 1871 me
695 1819 948 1872 inimicis.

2129 627 2160 694 ἢ
2207 627 2301 678 καὶ
2336 623 2712 695 Σαμαρειτῶν,
2749 625 2864 676 ἀλλ’
2900 626 2960 677 οὐ
3003 625 3203 686 πάντες
3242 624 3463 693 λέγουσι
3505 625 3711 689 καλῶς.

2131 719 2364 780 Σπάνιος
2391 717 2499 787 γὰρ
2527 719 2556 768 ὁ
2597 715 2735 786 ἔχων
2765 716 2872 768 ἀπὸ
2900 715 2994 768 τοῦ
3039 716 3172 768 Θεοῦ
3215 719 3295 780 είς
3331 715 3490 770 τοῦτο
3531 716 3714 787 χάριν,

2133 807 2338 860 πολλῶν
2383 806 2479 876 μὲν
2511 805 2996 874 ἐπαγγελλομένων
3023 803 3226 872 λέγειν,
3267 807 3327 857 οὐ
3370 806 3552 868 καλῶς
3593 805 3648 858 δὲ
3686 845 3703 869 ,

2132 901 2224 952 καὶ
2254 897 2585 968 παρανόμως
2613 895 2890 966 βιούντων.
2927 898 2994 949 Εἴ
3017 915 3068 950 τι
3102 894 3196 950 οὖν
3223 897 3494 966 λέγουσιν,
3525 895 3714 950 eam-

2135 995 2262 1063 σχία
2285 993 2380 1044 καὶ
2412 989 2667 1060 φλυαρία·
2697 991 2756 1042 οὐ
2781 989 2888 1063 γὰρ
2927 991 3148 1043 δύναται
3179 991 3336 1059 λόγος
3365 990 3582 1054 εὔτονος
3617 990 3715 1044 καὶ

2132 1084 2445 1156 ἐρρωμένος
2489 1082 2581 1134 καὶ
2625 1083 2894 1153 σωτήριος
2945 1078 3084 1136 εἶναι
3137 1085 3194 1136 ὲν
3241 1087 3306 1154 τῇ
3349 1083 3494 1155 ψυχῇ
3535 1099 3718 1156 παρα-

2131 1177 2295 1247 νόμου
2305 1215 2317 1228 .

2217 1267 2326 1320 Τοῦ
2359 1268 2565 1321 αὑτοῦ.
2592 1266 2868 1337 Χρηστέον
2913 1265 3089 1338 τούτῳ
3127 1265 3204 1335 τῷ
3238 1263 3386 1338 ῥητῷ
3417 1263 3554 1335 πρὺς
3585 1265 3716 1328 τοὺς

2130 1359 2194 1410 ἐκ
2221 1358 2322 1426 τῆς
2349 1357 2545 1422 ἔξωθεν
2597 1357 2788 1425 σοφίας
2821 1357 2950 1426 περὶ
2979 1353 3229 1424 γνώσεως
3271 1355 3406 1407 Θεοῦ
3441 1353 3712 1422 ἐπαγγελ-

2130 1449 2390 1520 λομένους
2426 1450 2718 1503 διδάσκειν.

2199 1543 2364 1609 Παρὰ
2406 1541 2609 1610 βραχὺ
2650 1539 3065 1594 συτ-·ετέλεσάν
3106 1555 3184 1610 με
3229 1539 3298 1592 ἐν
3341 1537 3418 1605 τῇ
3453 1535 3550 1606 τῇ,
3602 1533 3716 1605 ἐγὼ

2129 1637 2195 1690 δὲ
2229 1639 2337 1689 οὐκ
2377 1636 2770 1703 ἐγκατέλιπον
2817 1637 2922 1699 τὰς
2972 1631 3228 1698 ἐντολάς
3277 1647 3424 1694 σου,
3468 1647 3520 1683 κ.
3567 1647 3618 1682 τ.
3665 1631 3710 1680 ἑ.

2147 1729 2292 1780 Ἀντὶ
2319 1729 2434 1780 τοῦ·
2470 1728 2605 1797 Παρ’
2663 1726 2841 1793 ὀλίγον
2891 1725 3160 1793 ἐγενόμην
3196 1723 3400 1793 γήϊνος,
3455 1720 3560 1773 ὑπὸ
3605 1719 3716 1772 τῶν

2131 1818 2340 1889 ἐχθρῶν
2369 1817 2779 1888 πειραζόμενος.

521 1911 680 1964 Vens.
717 1909 803 1964 88.
842 1909 1140 1964 Secundum
1171 1913 1590 1964 misertcordz'am
1645 1923 1790 1966 luam
1823 1915 2023 1980 viriﬁca

2200 1912 2364 1965 Κατὰ
2393 1909 2458 1962 τὸ
2503 1910 2674 1974 ἔλεός
2708 1925 2824 1962 στιυ
2863 1904 3050 1974 ζῆσόν
3077 1922 3182 1974 με,
3233 1904 3330 1957 καὶ
3367 1901 3617 1971 φυλάξω
3645 1901 3716 1958 τὰ

448 2017 546 2064 me,
583 2011 628 2053 et
661 2003 960 2053 custodiam
992 2003 1292 2056 testimonia
1333 2003 1439 2055 oris
1471 2005 1568 2067 tui,
1603 2014 1706 2058 etc.
1737 2005 1814 2059 Ne
1849 2007 2026 2059 mani-

449 2097 547 2148 bus
583 2096 953 2150 insidiantium
993 2099 1241 2152 tradatur
1279 2099 1330 2151 in
1365 2111 1594 2153 mortem
1629 2108 1782 2168 rogat
1808 2141 1822 2162 ,
1861 2101 2024 2154 vitam

446 2185 726 2253 postulans
765 2203 869 2242 non
919 2200 1200 2254 aeternam,
1237 2191 1330 2242 sed
1361 2201 1703 2258 prtescntent.
1751 2191 1900 2245 Hanc
1931 2207 2027 2245 au-

448 2289 554 2331 tem
587 2293 690 2330 non
724 2289 984 2348 tanquam
1017 2279 1178 2332 tinem
1209 2281 1468 2349 postulat,
1502 2283 1594 2336 sed
1627 2293 1875 2353 tanquam
1902 2285 2024 2338 boni

449 2369 568 2420 linis
600 2383 844 2422 causam.
890 2369 1026 2434 Quia
1055 2368 1182 2423 dum
1217 2374 1404 2426 vixero
1428 2411 1443 2438 ,
1479 2373 1650 2443 inquit
1678 2375 2024 2440 ,‘ruslodiant

447 2459 699 2512 nmudata
754 2459 868 2524 Dei,
903 2459 1104 2530 quibus
1141 2464 1308 2517 etiam
1345 2463 1514 2518 Vitam
1545 2477 1803 2520 telerttam
1836 2483 2028 2522 conse-

444 2563 533 2619 qul
566 2567 789 2618 possunt.

523 2641 796 2710 Ejusdem.
846 2644 919 2700 Os
955 2645 1044 2700 Dei
1077 2647 1348 2714 propheta:
1379 2661 1504 2702 sunt
1539 2649 1626 2716 qui
1663 2649 1986 2705 testimoniis
2011 2690 2026 2716 ,

445 2735 715 2789 mandatis
749 2745 802 2790 ct
827 2737 1308 2805 juStiﬁcationibus
1352 2741 1440 2794 Dei
1475 2740 1874 2798 ministrarum.

517 2910 678 2964 Vens.
707 2911 794 2966 89.
831 2909 898 2963 In
925 2923 1199 2982 a-ternum,
1231 2913 1470 2982 Domine,
1497 2917 1707 2971 verbum
1731 2927 1879 2972 tuum
1913 2939 2031 2990 per-

445 3013 618 3055 manet
653 3004 702 3056 in
737 3005 864 3057 caelo
894 3044 909 3067 ,
956 3014 1064 3059 etc.
1105 3025 1122 3055 ι
1157 3005 1211 3059 lu
1242 3005 1402 3069 caalo,
1435 3025 1452 3058 ι
1491 3008 1543 3060 id
1577 3019 1682 3072 est,
1727 3011 1779 3064 in
1827 3015 2032 3069 sanctis

443 3095 560 3162 ejus
591 3096 901 3149 virtutibus.
932 3097 1128 3151 Omnia
1154 3099 1298 3152 enim
1333 3113 1452 3152 cum
1481 3099 1592 3155 illic
1617 3103 1864 3157 ordinata
1895 3107 2024 3170 sint,

445 3187 586 3239 nulla
639 3199 726 3241 est
759 3191 910 3243 verbi
953 3191 1330 3259 transgressio.
1367 3209 1386 3241 ι
1415 3191 1470 3244 lu
1500 3192 1656 3257 ecelo,
1689 3214 1707 3245 ι
1749 3212 1852 3249 non
1884 3197 2025 3266 quod

443 3281 706 3347 praeterit,
739 3283 992 3349 quamvis
1023 3283 1076 3336 in
1103 3298 1169 3336 eo
1196 3294 1388 3337 cuncta
1416 3286 1662 3340 ordinate
1685 3299 2026 3354 moveantur,

449 3371 542 3424 sed
582 3373 728 3440 quod
763 3372 964 3425 dictum
992 3383 1074 3426 est
1103 3374 1260 3428 sedes
1291 3373 1406 3427 Dei.
1441 3375 1496 3428 ln
1532 3387 1676 3429 terra
1709 3389 1888 3432 autem
1921 3395 2024 3432 non

445 3471 624 3516 manet
653 3465 876 3518 verbum
906 3483 917 3518 :
975 3479 1150 3534 neque
1183 3467 1324 3520 enim
1376 3467 1553 3520 locum
1585 3467 1780 3533 habet,
1829 3471 1916 3524 ubi
1946 3481 2028 3525 est

445 3553 754 3617 l'urnicatio,
783 3556 1122 3609 immunditia
1151 3567 1205 3610 et
1229 3558 1424 3627 reliqui
1453 3557 1702 3613 affectus.
1729 3561 1858 3625 Qua:
1882 3563 2025 3615 enim

442 3643 863 3697 communicatio
903 3643 1131 3710 jttstitire
1165 3659 1290 3698 cum
1339 3645 1676 3714 iniquitate?
1724 3645 1841 3700 Non
1894 3649 2027 3702 dixit

443 3747 575 3786 vero
626 3750 643 3782 ι
677 3733 932 3784 saeculum
983 3733 1304 3786 saeculorum
1337 3752 1354 3783 ι
1391 3733 1474 3786 vel
1528 3751 1547 3785 ι
1577 3735 1758 3788 saeculi
1792 3754 1808 3785 ι
1856 3736 1873 3806 (
1903 3751 2025 3790 nam

447 3832 565 3890 post
585 3822 839 3876 saeculum
859 3823 1055 3878 ctelum
1082 3833 1135 3878 ct
1163 3834 1308 3878 terra
1336 3827 1688 3897 transibunt),
1717 3811 1889 3882 sed'in
1920 3845 2026 3898 quo

455 3933 474 3965 ι
504 3901 787 3982 permanet
813 3916 1060 3969 verbum.
1083 3934 1102 3966 ι
1129 3915 1271 3970 Fieri
1303 3917 1447 3971 enim
1471 3929 1646 3987 potest
1673 3933 1728 3973 ut
1757 3924 2026 3990 perfectus

443 4005 514 4056 sit
539 4004 628 4072 qui
665 4003 875 4060 videtur
903 4008 1118 4075 quidem
1153 4009 1208 4061 in
1243 4018 1384 4062 terra
1429 4011 1696 4067 exsistere
1722 4055 1736 4079 ,
1771 4016 1864 4068 sed
1897 4033 2024 4068 eon-

443 4099 811 4153 versationem
856 4099 1019 4154 habet
1053 4102 1105 4154 in
1153 4100 1312 4155 coelo.
1349 4101 1442 4156 Sic
1488 4116 1571 4158 est
1615 4105 1667 4158 in
1703 4105 1816 4174 ipso
1859 4109 2022 4162 etiam

445 4205 666 4259 semper
712 4191 931 4245 veritas.

521 4281 683 4336 Vsus.
716 4283 805 4337 90.
835 4283 902 4336 In
927 4287 1315 4354 generationem
1341 4297 1386 4340 et
1413 4301 1806 4356 generationem
1835 4295 2024 4348 veritas

442 4381 552 4424 tua.
587 4369 855 4428 Fundasti
884 4383 1086 4428 terram
1111 4387 1159 4428 et
1195 4391 1487 4444 permanet,
1517 4389 1624 4436 etc.
1657 4379 1769 4438 Hac
1794 4385 2026 4440 veritate

445 4471 589 4514 terra
621 4458 850 4516 fundata
887 4474 990 4519 est.
1043 4463 1156 4519 Hoc
1203 4467 1348 4522 enim
1380 4470 1626 4540 angulari
1679 4473 1858 4543 lapide
1905 4485 2016 4529 tan-

2123 2005 2414 2072 μαρτύρια
2449 2001 2552 2054 τοῦ
2580 2001 2880 2068 στόματός
2902 2016 3038 2060 σου,
3066 2015 3118 2049 κ.
3147 2013 3195 2049 τ.
3223 1995 3269 2049 ὲ.
3305 1994 3397 2065 Μὴ
3428 1991 3716 2062 ἐκδοθῆναι

2128 2100 2246 2159 ταῖς
2279 2095 2388 2148 τῶν
2432 2093 2890 2148 ἐπιϐουλευόντων
2932 2091 3120 2160 χερσὶν
3164 2091 3242 2151 εἰς
3283 2089 3510 2141 θάνατον
3551 2083 3718 2148 ἀξιοῖ,

2128 2186 2272 2257 ζωὴν
2301 2185 2466 2239 αἰτῶν
2503 2183 2654 2238 οὔπω
2681 2183 2780 2254 τὴν
2824 2181 3060 2244 αἰώνιον,
3091 2179 3224 2234 ἀλλὰ
3255 2178 3354 2248 τὴν
3393 2176 3674 2248 παροῦσαν
3700 2193 3712 2205 ·

2127 2283 2225 2351 οὐχ
2251 2281 2324 2343 ὡς
2361 2280 2514 2342 τέλος
2541 2279 2598 2332 δὲ
2626 2279 2795 2348 αὐτὴν
2839 2279 3000 2336 αἰτεῖ,
3044 2273 3156 2327 ἀλλ’
3190 2273 3265 2336 ὡς
3296 2269 3502 2340 ἀγαθοῦ
3528 2267 3716 2332 τέλους

2131 2373 2397 2426 συναίτιον
2425 2371 2712 2441 ἐσομένην.
2751 2371 2873 2421 Ὅτι
2901 2368 3072 2439 ζήσας
3102 2406 3114 2429 ,
3171 2365 3306 2436 φησὶ
3325 2403 3340 2428 ,
3397 2361 3618 2431 φυλάξω
3647 2361 3717 2414 τὰ

2127 2465 2220 2519 τοῦ
2248 2463 2383 2516 Θεοῦ
2413 2462 2832 2534 προστάγματα,
2862 2459 2929 2513 δι’
2970 2453 3044 2512 ὧν
3075 2457 3167 2510 καὶ
3199 2456 3296 2527 τὴν
3337 2454 3556 2508 αἰώνιον
3595 2453 3714 2508 ἔστι

2131 2553 2588 2625 περιποιήσασθαι
2614 2551 2779 2623 ζωήν.

2205 2648 2316 2702 Τοῦ
2357 2646 2563 2700 αὑτοῦ.
2614 2646 2796 2714 Στόμα
2851 2641 2986 2695 Θεοῦ
3021 2644 3070 2694 οἱ
3109 2641 3528 2712 διακονήσαντες
3581 2653 3717 2710 προρ

2131 2741 2298 2810 φῆται
2343 2742 2454 2802 τοῖς
2495 2736 2831 2808 μαρτυρίοις,
2861 2737 2981 2797 ταῖς
3017 2733 3277 2797 ἐντολαῖς,
3327 2733 3439 2794 τοῖς
3497 2727 3716 2784 δικαιώ-

2134 2849 2294 2904 μασιν
2323 2830 2506 2884 αὐτοῦ.

2195 2924 2298 2988 Eii;
2327 2922 2435 2976 τὸν
2459 2921 2664 2987 αἰῶνα,
2689 2919 2888 2988 Κύριε,
2918 2921 2950 2972 ὀ
2973 2919 3154 2987 λόγος
3191 2931 3307 2971 σου
3337 2915 3598 2985 διαμένει
3645 2914 3716 2967 ἐν

2128 3013 2208 3079 τῷ
2246 3013 2500 3082 οΐμρανῴ,
2529 3031 2583 3066 κ.
2619 3031 2668 3065 τ.
2698 3013 2746 3067 ὲ.
2794 3030 2812 3062 ι
2844 3011 2933 3064 Ἑν
2963 3009 3039 3080 τῷ
3067 3008 3303 3080 οὐρανῷ,
3326 3027 3345 3059 ι
3379 3009 3499 3061 ἀντὶ
3529 3005 3620 3060 τοῦ
3655 3008 3715 3060 έν

2129 3109 2248 3170 ταῖς
2276 3106 2456 3174 ἁγίαις
2489 3103 2653 3159 αὐτοῦ
2685 3103 2997 3174 δυνάμεσιν.
3041 3102 3267 3155 Πάντων
3307 3099 3416 3170 γὰρ
3463 3101 3576 3152 ἐκεῖ
3627 3118 3718 3153 τε·

2130 3197 2414 3267 ταγμένων
2447 3193 2676 3264 οὐδεμία
2713 3193 2876 3262 λόγου
2923 3191 3265 3262 παράϐασις·
3313 3209 3332 3240 ι
3361 3187 3574 3260 οὐρανῷ
3599 3208 3616 3238 ι
3657 3188 3717 3241 δὲ

2130 3295 2188 3347 οὐ
2222 3293 2300 3364 τῷ
2345 3291 2758 3364 παρερχομένῳ,
2805 3289 2853 3341 εἰ
2909 3287 3005 3342 καὶ
3038 3287 3095 3340 ὲν
3146 3284 3293 3356 αὐτῷ
3340 3285 3519 3338 πάντα
3559 3301 3720 3338 τετα-

2131 3385 2346 3454 γμένως
2376 3387 2624 3436 κινεῖται·
2659 3381 2772 3434 ἀλλ’
2807 3381 2959 3442 ὅστις
2991 3379 3206 3450 εἴρηται
3238 3377 3424 3448 θρόνος
3457 3371 3593 3428 εἶναι
3621 3375 3716 3428 τοῦ

2130 3475 2283 3529 Θεοῦ.
2328 3476 2414 3526 Ἐν
2458 3473 2514 3526 δὲ
2547 3475 2613 3543 τῇ
2659 3475 2730 3542 γῇ
2778 3471 2900 3524 οὐδὲ
2945 3469 3094 3542 μένει
3142 3471 3170 3521 ὀ
3201 3467 3385 3536 λόγος·
3439 3467 3558 3520 οὐδὲ
3607 3466 3720 3538 γὰρ

2131 3567 2242 3637 ἔχει
2283 3565 2467 3636 χώραν
2498 3566 2631 3617 ὅπου
2661 3562 2886 3635 πορνεία
2917 3563 3011 3615 καὶ
3054 3559 3365 3630 ἀκαθαρσία
3398 3559 3494 3612 καὶ
3517 3559 3588 3610 τά
3614 3557 3718 3610 λοι-

2132 3659 2208 3712 πὰ
2262 3659 2427 3726 πάθη.
2471 3657 2568 3719 Τίς
2599 3655 2707 3726 γὰρ
2751 3653 2950 3724 μετοχὴ
2987 3653 3300 3724 δικαιοσύνῃ
3333 3652 3428 3704 καὶ
3473 3651 3716 3721 ἀνομίᾳ;

2129 3750 2241 3802 Οὐκ
2275 3744 2396 3800 εἷπε
2421 3747 2478 3800 δὲ
2507 3766 2524 3795 ι
2557 3745 2648 3799 τὸν
2696 3745 2870 3799 αἰῶνα
2903 3745 3010 3798 τῶν
3042 3743 3271 3808 αἰώνων,
3305 3762 3322 3793 ι
3349 3743 3381 3814 ἢ
3412 3761 3430 3793 ι
3462 3741 3556 3795 τοῦ
3586 3741 3718 3794 αἰῶ-

2129 3855 2236 3901 νος*
2273 3858 2291 3888 )
2325 3836 2489 3908 (μετά
2519 3835 2628 3907 γὰρ
2654 3837 2744 3889 τὸν
2766 3835 2936 3888 αἰῶνα
2967 3837 2994 3887 ὁ
3027 3833 3255 3906 οὐρανὸς
3277 3835 3428 3904 καὶὴ
3458 3833 3530 3902 γῆ
3555 3847 3718 3902 παρε-

2128 3929 2448 4000 λεύσονται·)
2485 3931 2540 3982 ἐν
2571 3921 2613 3996 ᾧ
2642 3928 2699 3982 δέ
2750 3947 2768 3979 ι
2795 3931 2944 3981 ἐστιν
2967 3929 2994 3980 ὁ
3035 3927 3190 3994 λόγος
3241 3923 3528 3994 διαμένων.
3567 3941 3584 3973 ι
3612 3927 3716 3974 Δυ-

2128 4025 2286 4078 νατὸν
2325 4023 2432 4094 γάρ
2478 4021 2684 4074 τέλειον
2715 4016 2853 4074 εῖναι
2897 4019 3158 4073 δοκοῦντα
3193 4017 3290 4088 μὲν
3321 4017 3414 4069 ἐπὶ
3443 4015 3548 4084 γῆς
3583 4031 3716 4082 τυγη

2128 4113 2332 4184 χάνειν,
2355 4111 2417 4164 τὸ
2449 4109 2752 4180 πολίτευμα
2779 4109 2835 4162 δὲ
2862 4109 3054 4179 ἔχοντα
3081 4109 3138 4162 ὲν
3164 4107 3240 4178 τῷ
3267 4105 3500 4178 οὐρανῷ.
3527 4103 3716 4167 Οῦτως

2127 4206 2274 4259 ἐστὶν
2301 4205 2355 4256 ὲν
2385 4201 2532 4272 αὐτῷ
2562 4202 2656 4256 καὶ
2683 4201 2767 4254 ἀεὶ
2793 4203 2824 4270 ή
2849 4201 3098 4271 ἀλήθεια.

2199 4297 2306 4361 Εἰς
2344 4293 2560 4363 γενεὰν
2602 4293 2702 4346 καὶ
2751 4292 2963 4361 γενεὰν
3005 4294 3042 4359 ὴ
3077 4289 3328 4360 ἀλήθειά
3367 4303 3505 4341 σου.
3555 4287 3714 4340 Ἐθεη

2123 4387 2427 4455 μελίωσας
2457 4383 2570 4452 τὴν
2601 4383 2717 4453 γῆν
2743 4383 2840 4436 καὶ
2871 4382 3154 4451 διαμέι-ηει,
3186 4399 3239 4436 κ.
3277 4398 3327 4433 τ.
3365 4381 3410 4434 ὲ.
3445 4378 3630 4452 Ταύτῃ
3655 4377 3714 4432 δὲ

2126 4481 2192 4548 τῇ
2224 4475 2450 4547 ἀληθεία
2483 4478 2516 4545 ή
2553 4475 2624 4543 γῆ
2668 4473 3074 4545 τεθεμελίωται.
3130 4473 3252 4526 Ἐπὶ
3281 4475 3456 4542 τούτῳ
3497 4471 3606 4542 γὰρ
3635 4470 3714 4540 τῷ

439 4570 602 4623 quam
629 4555 983 4612 fundamento
1005 4559 1346 4617 aediﬁcantur
1373 4566 1464 4632 qui
1487 4581 1516 4620 e
1542 4577 1683 4622 terra
1709 4569 2020 4624 salvantur:

2129 4567 2503 4640 ἀκρογωνιαίῳ
2549 4567 2681 4636 λίθῳ
2733 4565 3194 4636 καταϐεϐλημένῳ
3241 4563 3478 4633 θεμελίῳ
3507 4561 3698 4615 οἰκοδο-

443 4647 585 4700 unde
615 4647 778 4699 etiatn
826 4657 1112 4717 permanet
1143 4661 1314 4718 terra,
1349 4657 1546 4725 qnippe
1575 4673 1694 4726 qua:
1729 4657 2017 4713 infractam

442 4746 492 4788 et
531 4745 699 4788 tutam
734 4737 905 4791 basim
937 4747 991 4792 et
1027 4737 1437 4798 fundamentum
1467 4746 1686 4802 habent.
1729 4747 1835 4803 Sed
1865 4760 1921 4804 et
1955 4749 2019 4803 il-

443 4825 718 4880 lamin-aus
749 4829 947 4884 veritas
971 4831 1110 4885 diem
1129 4845 1288 4900 quam
1315 4834 1464 4904 fecit,
1491 4837 1602 4892 Deo
1627 4839 1674 4892 ei
1703 4839 2016 4911 aﬂ‘ulgente,

443 4915 495 4968 in
533 4916 718 4970 eadem
748 4919 1088 4978 ordinatione
1120 4938 1617 4998 permanet,ueque
1649 4939 1908 4986 mutatur.

515 5089 678 5146 Vens.
723 5094 811 5149 9|.
867 5094 1130 5162 Quoniam
1170 5106 1346 5156 omnia
1394 5107 1628 5159 serviunt
1659 5109 1786 5173 tibi,
1818 5121 1924 5168 etc.
1962 5113 2019 5167 Si

442 5182 620 5234 omnia
653 5183 898 5240 serviunt
929 5188 1040 5242 Deo
1065 5229 1079 5253 ,
1115 5194 1387 5260 quomodo
1422 5193 1472 5246 in
1505 5194 1814 5255 Proverbiis
1843 5203 1889 5233 ³⁸
1921 5201 2022 5256 Sa-

440 5271 622 5329 lomon
655 5275 722 5330 de
763 5274 992 5332 formica
1025 5281 1136 5336 ait:
1194 5302 1212 5334 ι
1247 5285 1360 5349 Illa,
1403 5299 1526 5340 cum
1561 5290 1608 5344 ei
1649 5307 1756 5346 non
1787 5295 1858 5348 sit
1882 5297 2024 5365 agel-

441 5365 560 5435 lus,
610 5385 783 5438 neque
817 5373 1012 5426 habeat
1049 5377 1140 5444 qui
1197 5389 1354 5446 cogat
1385 5420 1399 5442 ,
1437 5395 1613 5448 neque
1661 5385 1760 5438 sub
1792 5387 2018 5444 Domino

441 5459 546 5527 sit,
581 5470 739 5529 parat
789 5473 976 5518 testate
1021 5467 1359 5523 alimentum.
1395 5491 1412 5522 ι
1455 5473 1594 5526 Deus
1628 5477 1824 5543 duplici
1857 5479 2019 5532 modo

445 5551 700 5608 Dominus
731 5553 952 5620 dicitur,
983 5557 1064 5611 vel
1093 5569 1361 5627 quatenus
1393 5566 1558 5639 806
1587 5569 1762 5637 Opifex
1797 5583 1907 5636 est,
1931 5573 2018 5627 vel

440 5651 706 5710 quatenus
771 5650 1136 5716 cognoscitur.
1193 5653 1532 5726 Quapropter
1601 5662 1763 5717 etiam
1817 5661 2015 5720 Paulus

509 5819 552 5848 ³³
587 5838 660 5879 vt.
694 5825 744 5876 τ.

2131 4660 2358 4730 μοῦνται
2389 4659 2588 4721 πάντες
2610 4659 2658 4712 οἱ
2687 4659 2751 4709 ὲκ
2787 4657 2889 4726 γῆς
2920 4655 3234 4724 σωζόμενον
3279 4653 3402 4706 ὅθεν
3448 4651 3545 4704 καὶ
3589 4651 3712 4703 δια-

2131 4751 2334 4821 μένειή
2364 4749 2434 4818 γῆ
2461 4747 2680 4818 ἀρραγῆ
2707 4748 2802 4798 καὶ
2831 4743 3048 4814 ἀσφαλῆ
3076 4742 3316 4814 κρηπῖδα
3343 4742 3438 4795 καὶ
3465 4740 3712 4812 θεμέλιον

2130 4842 2346 4912 ἔχουσα.
2395 4839 2555 4896 Ἀλλὰ
2599 4837 2694 4892 καὶ
2729 4836 3011 4904 φωτίσασα
3045 4839 3076 4908 ἡ
3113 4835 3342 4906 ἀλήθεια
3383 4835 3600 4904 ἡμέραν
3641 4833 3714 4906 ἣν

2129 4932 2375 5000 ἐποίησε,
2401 4927 2536 4982 Θεοῦ
2563 4925 2970 4996 ἐπιλάμψαντος
2991 4926 3152 4995 αὐτῇ,
3185 4925 3240 4977 ἐν
3267 4926 3334 4994 τῇ
3363 4923 3501 4993 αὐτῇ
3523 4920 3710 4976 διατάν

2132 5023 2210 5088 ξει
2238 5023 2410 5093 μένει,
2440 5023 2539 5074 οὐκ
2567 5017 2964 5088 ἀλλασσομένη.

2205 5116 2322 5168 Ὅτι
2368 5113 2442 5166 τὰ
2497 5113 2822 5180 σύμπαντα
2875 5109 3068 5162 δοῦλα
3117 5108 3230 5172 σὰ,
3278 5125 3332 5160 κ.
3369 5123 3420 5159 τ.
3468 5107 3515 5158 ὲ.
3551 5105 3613 5157 El
3641 5101 3716 5156 τὰ

2131 5207 2422 5277 σύμπαντα
2445 5203 2609 5258 δοῦλα
2629 5201 2724 5255 τοῦ
2753 5199 2910 5257 Θεοῦ.
2935 5201 3051 5264 πῶς
3077 5203 3132 5252 ὲν
3159 5202 3277 5262 ταῖς
3375 5199 3708 5269 Παροιμίαις

2125 5297 2376 5368 Σολομὼν
2439 5295 2567 5365 περὶ
2623 5293 2718 5346 τοῦ
2779 5293 3064 5367 μύρμηκός
3119 5307 3284 5361 φησιν
3305 5305 3319 5322 ·
3380 5307 3398 5340 ι
3436 5289 3671 5348 Ἐκεῖνος
3695 5325 3711 5350 ,

2123 5389 2392 5460 γεωργίου
2451 5389 2525 5462 μὴ
2565 5387 2903 5460 ὑπάρχοντος
2925 5427 2940 5451 ,
2981 5385 3116 5458 μηδὲ
3177 5384 3270 5437 τὸν
3333 5379 3716 5449 ἀναγκάζοντα

2127 5481 2286 5554 ἔχων,
2326 5481 2458 5551 μηδὲ
2503 5479 2609 5534 ὑπὸ
2645 5477 2968 5532 δεσποτείαν
3001 5475 3096 5541 ὢν,
3133 5473 3482 5545 ἐτοιμὰζεται
3515 5471 3714 5541 θέρους

2125 5575 2225 5646 τὴν
2255 5573 2480 5646 τροφήν.
2509 5592 2527 5624 ι
2567 5571 2625 5624 Ὀ
2651 5571 2782 5633 Θεὸς
2803 5569 3020 5637 λέγεται
3045 5566 3310 5636 δεσπότης
3332 5561 3540 5624 διττῶς,
3575 5559 3610 5630 ἢ
3635 5559 3714 5622 ὡς

2127 5665 2458 5740 δημιουργὸς
2487 5705 2502 5727 ,
2559 5664 2593 5734 ἢ
2637 5665 2712 5726 ὡς
2755 5659 3194 5732 γινωσκόμενος.
3235 5658 3323 5711 Διὸ
3362 5657 3456 5711 καὶ⁷
3497 5653 3712 5720 Παῦλος
