4106 6406
382 382 516 435 1603

1302 381 1611 437 δΙπῖ1.Ε(.1Τ.ὶ
1653 380 1715 434 IN
1758 379 1815 432 P.
1847 379 2098 432 .IIJToiOS.
2136 411 2198 420 —-
2238 378 2428 433 PSAL.
2481 378 2717 435 CXVIII.

3506 387 3643 441 £1506

375 501 577 570 γράφει
595 517 606 527 ·
630 520 646 549 ι
686 499 1227 571 Ἐξελευοερωοέντες
1257 502 1363 554 ἀπὸ
1386 502 1482 571 τῆς
1509 504 1781 573 ἁμαρτίας
1809 503 1950 553 ἐδου-

2062 498 2138 550 ait
2163 498 2236 550 3’z
2278 517 2293 547 ι
2322 497 2557 550 Liberali
2590 514 2616 551 a
2664 506 2888 566 peccato
2931 500 3072 553 servi
3106 499 3267 554 faelis
3297 502 3430 554 estis
3462 503 3589 564 Deo,
3619 523 3639 553 ι

376 589 584 661 λώοητε
618 589 695 661 τῷ
726 591 864 661 Θεῷ,
894 611 909 641 ι
942 591 1182 662 δηλονότι
1214 594 1331 645 κατ’
1375 594 1575 663 ἀρετὴν
1610 594 1700 647 καί
1734 594 1952 661 γνῶσιν.

381 701 401 734 s
431 682 623 751 Ἔχετε
657 681 746 733 τὸν
786 681 997 752 καρπὸν
1026 682 1179 751 ὑμῶν
1213 685 1293 747 είς
1326 685 1617 754 ἀγιασμὸν,
1640 684 1702 736 τὸ
1729 683 1784 735 δὲ
1807 683 1958 748 τέλος

378 773 521 842 ζωὴν
547 771 781 826 αἰώνιον.
812 792 827 823 ι
853 774 915 826 Ei
940 773 994 825 δὲ
1021 773 1261 827 τοιούτου
1287 775 1472 839 τέλους
1507 776 1735 845 ἄμοιρός
1762 778 1908 829 ἐστιν
1930 780 1958 831 6

380 860 636 932 μύρμηξ,
670 861 915 932 δηλονότι
956 863 1048 916 καὶ
1086 861 1290 931 ταύτης
1325 864 1423 933 τῆς
1458 865 1722 929 δουλείας.
1762 867 1957 930 Καλῶς

374 948 469 1007 οὖν
492 951 710 1020 λέγεται
730 955 758 1005 ό
782 952 1006 1025 μύρμηξ
1041 954 1114 1025 μὴ
1148 950 1285 1009 εἶναι
1316 955 1421 1008 ὑπὸ
1446 955 1786 1023 δεσποτείαν,
1816 958 1957 1012 κατὰ

372 1042 578 1113 ταύτην
609 1044 705 1116 τὴν
735 1044 1068 1099 δεσποτείαν.

445 1136 512 1186 El
532 1132 620 1201 μὴ
668 1133 757 1187 ὅτι
796 1139 828 1189 ὀ
868 1138 1052 1205 νόμος
1088 1152 1203 1192 σου
1233 1139 1456 1208 μελέτη
1482 1142 1603 1210 μού
1638 1141 1789 1205 ἐστι,
1822 1144 1955 1196 τότε

373 1225 452 1277 ἂν
471 1224 802 1293 ἀπωλόμην
825 1226 895 1278 ἐν
924 1225 997 1295 τῇ
1030 1229 1379 1283 ταπεινώσει
1409 1249 1550 1301 μου,
1582 1248 1635 1285 κ.
1666 1250 1716 1284 τ.
1755 1234 1799 1284 ὲ.
1837 1235 1957 1286 Μα-

376 1316 566 1387 κάριον
597 1317 766 1380 ὅντως
790 1317 848 1371 τὸ
873 1318 946 1390 μὴ
967 1321 1264 1375 ἀπολέσθαι
1288 1324 1579 1391 γεγονότας
1612 1326 1668 1377 ὲν
1697 1325 1956 1395 περιστά-

375 1424 543 1473 σεσιν,
577 1405 687 1463 οἷον
720 1413 811 1465 ἐπὶ
849 1414 1170 1486 μαρτυρίου.
1208 1416 1269 1468 Εἰ
1304 1418 1377 1488 μή
1424 1435 1507 1481 τις
1556 1419 1954 1492 προμελετὴσει

373 1498 463 1553 τὸν
494 1501 658 1572 νόμον
688 1501 781 1555 τοῦ
809 1503 967 1568 Θεοῦ,
1003 1507 1318 1561 ἀπόλλυται.

444 1592 653 1661 Πὰσης
677 1599 1031 1664 συντελείας
1050 1596 1215 1652 εἶδον
1229 1599 1435 1669 πέρας·
1460 1602 1711 1655 πλατεῖα
1733 1603 1950 1671 ἐντολή

372 1694 488 1732 σου
534 1682 807 1750 σφόδρα,
854 1703 907 1739 κ.
946 1703 993 1739 τ.
1033 1688 1079 1740 ὲ.
1121 1689 1293 1762 ’Υπὲρ
1345 1692 1552 1755 πάντας
1595 1693 1721 1756 τοὺς
1756 1693 1954 1760 ἔξωθεν

372 1768 562 1837 λόγους
594 1776 641 1826 οἱ
698 1774 842 1844 λόγοι
901 1778 1008 1833 τῶν
1059 1779 1285 1835 ἐντολῶν
1324 1781 1417 1835 τοῦ
1454 1783 1588 1837 Θεοῦ
1626 1785 1951 1842 πλατύνουσι

371 1862 725 1932 καθαίροντες
755 1868 853 1940 τὴν
890 1869 1088 1943 ψυχήν.

455 1953 551 2019 Ὠς
582 1956 869 2027 ἠγάπησα
905 1961 1012 2014 τὸν
1044 1965 1230 2033 νόμον
1256 1982 1394 2029 σου,
1423 1968 1619 2035 Κύριε·
1657 1968 1810 2037 ὅλην
1843 1971 1957 2038 τὴν

370 2045 599 2114 ἡμέραν
621 2050 844 2118 μελέτη
878 2071 998 2121 μου
1028 2055 1219 2119 ἐστίν,
1268 2075 1320 2110 κ.
1354 2075 1405 2110 τ.
1442 2058 1487 2111 ὲ.
1517 2059 1823 2115 Μελετᾶται
1867 2064 1954 2116 νό-

372 2155 472 2207 μος
503 2140 604 2192 οὐκ
639 2142 696 2193 ὲν
736 2140 912 2208 λέξεσι
960 2147 1054 2198 καὶ
1095 2152 1299 2215 φωναῖς
1337 2150 1529 2219 μόνον,
1572 2152 1707 2206 ἀλλὰ
1750 2154 1842 2207 καὶ
1899 2159 1956 2209 ἐν

371 2224 655 2295 πράξεσιν.
689 2228 817 2281 Ὅτε
845 2230 954 2302 γὰρ
985 2233 1350 2301 ἀναγινώσκει
1380 2255 1484 2305 τις,
1514 2242 1650 2295 νοῶν
1689 2244 1756 2297 τά
1805 2245 1955 2315 λεγό-

374 2334 531 2386 μενα,
562 2319 655 2371 καὶ
678 2321 931 2390 πράττων
954 2325 1111 2388 αὐτὰ,
1141 2327 1214 2399 μὴ
1237 2331 1563 2402 παραλιπὼν
1598 2334 1652 2387 ἕν
1686 2353 1787 2389 τινι
1816 2337 1956 2407 πρά-

372 2406 449 2471 ξει
470 2450 485 2472 ,
548 2411 683 2464 ἀλλὰ
729 2414 787 2464 ἐν
826 2416 959 2468 πᾶσι
991 2418 1158 2471 ποιῶν
1190 2419 1218 2471 ὂ
1243 2421 1492 2491 βούλεται
1520 2427 1548 2478 6
1581 2427 1764 2497 νόμος,
1799 2406 1955 2494 οὗτος

367 2501 461 2553 καὶ
495 2501 670 2571 λέγων
704 2505 799 2557 καὶ
837 2506 1226 2576 ἀναγινώσκων
1286 2517 1381 2569 καὶ
1444 2517 1703 2573 πράττων
1756 2521 1955 2593 μελετᾷ

366 2592 459 2686 τδν
475 2593 569 2646 τοῦ
593 2595 729 2649 Θεοῦ
758 2598 938 2669 νόμον.
982 2602 1196 2657 Ἐνοάδε
1234 2607 1331 2677 μὲν
1356 2605 1447 2662 οὖν
1470 2609 1707 2678 λέγεται,
1729 2632 1747 2664 ι
1786 2592 1954 2686 Ὅλην

366 2685 466 2756 τὴν
494 2689 705 2759 ἡμέραν
748 2691 943 2764 μελέτη
995 2698 1096 2764 μού
1149 2699 1316 2765 ἐστιν,
1353 2722 1371 2752 ι
1439 2704 1495 2755 ἐν
1541 2704 1598 2757 δὲ
1641 2705 1719 2775 τῷ
1754 2707 1955 2779 πρώτῳ

364 2776 564 2848 ψαλμῷ
598 2780 658 2832 οὐ
696 2782 855 2852 μόνον
888 2787 985 2856 τὴν
1014 2786 1256 2859 ἡμέραν,
1309 2792 1445 2845 ἀλλὰ
1500 2795 1591 2847 καὶ
1648 2798 1746 2869 τὴν
1786 2776 1954 2854 νύκτα

366 2873 501 2962 (pan
532 2874 622 2926 τὸν
651 2875 908 2946 ἐσόμενον
944 2882 1215 2952 μακάριον
1247 2882 1354 2937 δεῖν
1390 2885 1618 2957 μελετᾷν
1643 2890 1735 2942 τὸν
1766 2892 1948 2962 νόμον.

366 2960 431 3014 Τί
458 2961 656 3033 δήποτε
684 2966 915 3018 ἐνταῦθα
950 2970 1217 3041 παρέλιπε
1241 2971 1338 3043 τὴν
1374 2974 1576 3039 νύκτας
1613 2977 1731 3030 Ὅτι
1762 2960 1951 3048 μικτός

366 3051 514 3103 ἐστιν
549 3052 787 3106 ἐνταῦθα
819 3055 927 3108 τῶν
973 3058 1277 3129 ἀνῦρώπων
1306 3064 1333 3115 6
1364 3063 1497 3132 βίος,
1540 3064 1627 3119 διὰ
1669 3067 1827 3122 τοῦτο
1857 3071 1950 3124 καὶ

366 3142 579 3214 ἡμέραν
605 3143 698 3196 νῦν
738 3145 933 3217 ἔχομεν
981 3150 1074 3203 καὶ
1108 3150 1295 3206 νύκτα·
1328 3155 1456 3208 ὅταν
1487 3156 1543 3209 δὲ
1576 3156 1721 3227 ἅγιοι
1777 3160 1945 3230 γενὼρ
1978 3172 2021 3234 (ς

368 3236 508 3305 μεθα
538 3238 630 3290 καὶ
671 3242 951 3312 μακάριοι,
987 3244 1082 3309 νὺξ
1130 3247 1277 3317 ἡμᾶς
1308 3249 1368 3301 οὗ
1398 3248 1717 3318 διαδέξεται,
1750 3252 1862 3307 ἀλλ’
1889 3256 1947 3310 ἐν

367 3326 505 3400 μόνῃ
529 3330 764 3400 ἐσόμεθα
796 3336 861 3404 τῇ
896 3335 1097 3409 ἡμέρᾳ.
1130 3337 1269 3410 Ὅρα
1299 3336 1394 3394 οὖν
1419 3341 1494 3406 ὡς
1522 3343 1620 3413 μὲν
1652 3345 1680 3397 ό
1713 3345 1948 3400 ἐνταῦθα

364 3418 750 3489 πορευόμενος,
778 3422 894 3493 ἦτοι
931 3426 1003 3496 μὴ
1034 3428 1174 3481 κατὰ
1202 3428 1314 3498 βίον
1350 3431 1553 3495 τέλειος
1585 3432 1800 3506 (πορεία
1840 3438 1948 3510 γάρ

362 3510 509 3562 ἐστιν
536 3512 569 3580 ἡ
601 3512 742 3565 κατὰ
787 3514 991 3587 κόσμον
1030 3518 1392 3593 ἀναστροφή)
1436 3525 1650 3579 οὐδέπω
1692 3527 1949 3600 καθαρῶς

365 3601 690 3671 πορεύεται,
726 3605 841 3658 ἀλλ’
892 3608 979 3661 ὁτὲ
1019 3610 1116 3680 μὲν
1149 3614 1205 3665 ἐν
1238 3613 1422 3687 ἡμέρᾳ
1464 3616 1631 3680 ἐστὶν,
1684 3619 1773 3671 ὁτὲ
1804 3620 1858 3673 δὲ
1892 3622 1948 3673 ἐν

362 3693 535 3746 νυκτί·
579 3697 637 3748 ἐν
670 3698 853 3771 ἡμέρᾳ
886 3701 1005 3771 μὲν,
1036 3703 1125 3756 ὅτε
1156 3705 1223 3758 τὰ
1256 3707 1397 3760 κατὰ
1428 3709 1519 3763 τὸν
1564 3711 1726 3783 νόμον
1785 3713 1951 3786 καθή-

363 3802 530 3841 κοντα
562 3793 722 3841 ποιεῖ·
743 3793 799 3844 ὲν
824 3793 977 3845 νυκτὶ
1004 3794 1083 3858 δὲ,
1114 3796 1201 3849 ὅτε
1226 3799 1436 3854 οὐδέπω
1465 3799 1561 3874 ὅλῃ
1593 3804 1790 3876 καρδίᾳ
1824 3805 1948 3877 (κᾶν

368 3875 566 3967 μελετᾷ
596 3879 687 3932 τὸν
715 3882 925 3951 νόμον,)
955 3887 1100 3937 ποιεῖ
1142 3887 1230 3940 τὸν
1274 3888 1457 3959 νόμον,
1498 3890 1529 3962 ἢ
1560 3894 1653 3945 καὶ
1680 3875 1773 3947 ὅτε
1796 3875 1948 3967 παρὰ

364 3966 431 4021 τὰ
464 3967 774 4038 καθήκοντα
813 3972 1058 4044 πράττει.
1102 3974 1159 4028 Ὀ
1187 3976 1285 4047 μὲν
1313 3974 1407 4031 οῦν
1431 3980 1753 4050 ἀρχόμενος,
1788 3984 1819 4054 ἢ
1851 3966 1945 4039 καὶ

365 4060 711 4131 προκόπτων,
745 4064 942 4137 μελετᾷ
965 4067 1056 4120 τὸν
1090 4068 1250 4140 νόμον
1283 4070 1497 4143 ἡμέρας
1522 4075 1615 4127 καὶ
1647 4076 1838 4140 νυκτός
1866 4094 1877 4106 ·
1916 4079 1945 4131 ό

361 4153 417 4244 δὲ
448 4155 863 4228 τετελειωμένος
891 4162 991 4214 οὐκ
1025 4163 1171 4217 ἐστιν
1206 4166 1266 4219 ὲν
1298 4170 1472 4228 νυκτὶ,
1510 4168 1621 4222 ἀλλ’
1656 4171 1715 4223 ὲν
1740 4171 1941 4244 ἡμέρᾳ,

362 4243 436 4306 ὼς
470 4244 499 4295 ό
536 4245 746 4310 Παῦλός
779 4266 962 4320 φησιν·
989 4269 1006 4300 ι
1044 4251 1107 4305 Ἠ
1137 4252 1232 4321 νὺξ
1261 4255 1587 4327 προέκοψεν,
1617 4260 1651 4331 ἡ
1678 4259 1733 4312 δὲ
1763 4243 1945 4333 ἡμέρα

363 4335 611 4404 ἤγγικεν·
635 4338 711 4402 ὡς
738 4339 795 4394 ὲν
829 4342 1013 4416 ἡμέρᾳ
1042 4345 1392 4417 εὐσχημόνως
1418 4353 1937 4425 περιπατήσωμεν.)

365 4428 475 4480 Καὶ
521 4428 714 4482 πάλιν·
763 4451 780 4482 ι
817 4434 957 4505 Ἀρα
1008 4430 1099 4488 οὖν
1141 4437 1326 4491 οὐκέτι
1372 4441 1537 4511 ἐσμὲν
1584 4445 1775 4508 νυκτὸς
1824 4446 1944 4501 οὐδὲ

366 4516 610 4583 σκότους,
649 4520 764 4573 ἀλλ’
802 4524 968 4594 ἐσμὲν
996 4526 1161 4583 τέκνα
1188 4529 1365 4599 φωτὸς
1392 4532 1487 4586 καὶ
1519 4532 1753 4605 ἡμέρας.
1782 4555 1800 4587 ›

446 4699 612 4770 Ὑπὲρ
644 4703 786 4769 τοὺς
828 4704 1079 4775 ἐχθρούς
1115 4726 1233 4777 μου
1270 4709 1567 4780 ἑσόφισάς
1593 4730 1671 4782 με
1704 4714 1818 4784 τὴν
1848 4716 1945 4770 ἐν·

363 4790 552 4858 τολήν
594 4807 710 4848 σου
730 4836 744 4858 ,
780 4795 867 4849 ὅτι
892 4798 979 4863 εἰς
1009 4797 1113 4851 τὸν
1151 4798 1335 4854 αἰῶνα
1360 4802 1471 4871 ἐμή
1511 4804 1699 4870 ἐστιν,
1730 4824 1781 4859 κ.
1812 4825 1862 4861 τ.
1893 4808 1940 4859 ὲ.

365 4880 506 4945 Νοῦς
546 4884 732 4939 παθῶν
756 4886 1064 4957 γυμνωθεὶς
1106 4891 1198 4944 καὶ¹
1233 4890 1484 4960 γνώσεως
1527 4896 1753 4966 μέτοχος
1784 4913 1942 4967 γεγο-

364 4973 470 5039 νὼς
523 4978 957 5053 πανουργότερος
1016 4982 1226 5049 γίνεται
1262 4985 1368 5038 τῶν
1423 4986 1711 5058 δαιμόνων,
1766 4990 1942 5059 λέγων

363 5066 624 5134 πολλάκις
654 5071 715 5123 τὸ
746 5070 838 5125 τοῦ
872 5071 1106 5139 Παύλου,
1129 5074 1210 5141 τὸ,
1252 5096 1269 5127 ι
1291 5078 1366 5131 Οὐ
1395 5077 1504 5150 γὰρ
1530 5077 1696 5133 αὑτοῦ
1722 5080 1790 5134 τὰ
1815 5084 1942 5154 νοή-

368 5176 512 5228 ματα
540 5162 861 5234 άγνοοῦμεν,
897 5183 916 5215 ι

438 5254 548 5307 Τοῦ
578 5252 783 5309 αὑτοῦ.
824 5254 1081 5329 Ἐχθροῦς
1114 5257 1209 5312 νῦν
1249 5277 1413 5332 φησιν
1459 5263 1940 5337 ἐπιδικαζομένους

361 5344 469 5400 τῶν
518 5346 777 5409 ἐντολῶν,
827 5348 921 5400 καὶ
970 5349 1261 5419 μισοῦντας
1304 5354 1483 5423 ἡμᾶς·
1536 5351 1617 5421 οἷς
1647 5359 1809 5428 ἡμεῖς
1840 5358 1940 5413 οὐκ

361 5435 736 5507 ἐχθραίνομεν.
774 5438 1035 5507 Σημαίνει
1056 5441 1181 5505 τοὺς
1204 5445 1266 5496 ὲκ
1296 5447 1598 5517 περιτομῆς
1632 5449 1935 5513 Ἰουδαίους·

361 5528 500 5599 ὑπὲρ
534 5528 750 5592 τούτους
778 5530 887 5603 γὰρ
914 5533 941 5584 6
967 5531 1287 5602 Χριστιανὸς
1320 5537 1582 5609 ὲσοφίσθη
1606 5539 1703 5611 τὴν
1721 5540 1939 5613 ἐντολὴν

359 5618 452 5672 τοῦ
492 5618 650 5684 Θεοῦ,
696 5624 1081 5691 πνευματικῶς
1108 5625 1199 5678 τὸν
1234 5625 1396 5696 νόμον
1433 5628 1568 5683 νοῶν
1615 5630 1709 5683 καὶ
1740 5632 1940 5701 φυλάτ-

2062 589 2317 644 videlicet
2340 592 2638 644 secundum
2669 591 2925 645 virtutem
2950 603 3003 645 et
3033 591 3340 646 scientiam.
3378 612 3396 644 ι
3422 594 3645 649 llabetis

2064 680 2297 734 fructum
2332 681 2649 734 vestrumin
2676 681 3182 748 sanetilirationem,
3222 682 3382 737 [litem
3415 699 3544 739 vero
3572 701 3644 740 Vl-

2063 782 2168 826 tam
2197 781 2455 826 a-ternam
2480 773 2546 828 ³⁸.
2574 792 2593 825 ι
2625 772 2680 827 Si
2712 783 2892 828 autem
2925 772 3185 843 ejusmodi
3219 774 3343 829 linis
3366 777 3644 847 particeps

2060 878 2167 917 non
2196 873 2277 917 est
2304 863 2553 928 formica,
2582 865 2835 920 videlicet
2864 880 2964 918 nec
2995 864 3151 919 istius
3175 865 3477 919 servitutis.
3513 863 3642 920 Pul-

2059 955 2191 1009 chre
2236 969 2367 1023 ergo
2412 954 2613 1008 dicitur
2648 955 2877 1009 formica
2916 973 3021 1009 non
3073 971 3193 1010 esse
3248 957 3346 1010 sub
3396 957 3641 1013 dominio

2061 1046 2161 1099 hoc
2197 1060 2356 1099 sensu
2404 1055 2647 1114 accepto.

2131 1134 2296 1188 Vsus.
2334 1135 2425 1190 92.
2477 1134 2602 1189 Nisi
2636 1138 2776 1206 quod
2803 1138 2889 1191 lea:
2914 1148 3007 1190 tua
3046 1138 3319 1192 meditatio
3365 1155 3481 1192 mea
3518 1149 3637 1205 est,

2058 1236 2184 1279 tunc
2237 1225 2372 1294 forte
2406 1227 2672 1291 periissem
2707 1228 2760 1278 in
2796 1226 3094 1279 humilitate
3146 1243 3296 1293 mea,
3349 1237 3453 1282 etc.
3498 1226 3637 1281 Vere

2058 1318 2273 1370 beatum
2309 1326 2393 1370 est
2425 1334 2529 1371 non
2563 1319 2741 1387 perire
2772 1333 2866 1371 eos
2894 1318 2985 1386 qui
3033 1326 3159 1371 sunt
3190 1317 3242 1370 in
3274 1319 3636 1372 ll'IlJllIulInllI-

2057 1407 2176 1471 bus,
2212 1409 2358 1462 verbi
2392 1410 2563 1478 gratia
2596 1409 2648 1461 in
2684 1410 2965 1479 martyrio.
2994 1407 3106 1462 Nisi
3137 1409 3261 1478 quis
3288 1410 3438 1477 prius
3465 1409 3638 1464 medi-

2061 1511 2205 1554 tatus
2237 1500 2399 1555 fuerit
2426 1501 2594 1571 legem
2627 1501 2740 1566 Dei,
2773 1504 2935 1569 perit.

2131 1592 2294 1647 Vsus.
2330 1592 2419 1646 96.
2452 1593 2636 1645 Omnis
2687 1593 3156 1646 consummationis
3197 1594 3301 1646 vidi
3332 1591 3510 1660 ﬁnem,
3559 1590 3640 1644 la-

2058 1694 2168 1737 tum
2214 1688 2519 1737 mutilatum
2552 1696 2700 1735 tuum
2744 1683 2919 1746 nimis,
2954 1693 3063 1735 etc.
3106 1681 3282 1751 Super
3321 1695 3511 1735 omnes
3534 1694 3636 1735 ex-

2062 1784 2278 1828 traneos
2309 1790 2585 1828 sermones
2621 1775 2785 1828 verba
2823 1775 3202 1827 mamlatorum
3237 1772 3331 1827 Dei
3360 1786 3636 1842 expurga-

2060 1878 2168 1919 tam
2199 1867 2431 1920 animum
2461 1867 2711 1919 dilatant.

2128 1956 2291 2011 Vens.
2316 1956 2405 2011 97.
2457 1956 2733 2022 Quomodo
2763 1956 2923 2011 dilexi
2954 1956 3116 2027 legem
3152 1968 3325 2022 tuam,
3372 1957 3593 2011 Domine
3614 1973 3633 2012 :

2056 2062 2165 2104 tota
2199 2052 2285 2104 die
2315 2050 2588 2103 meditatio
2632 2065 2747 2101 mea
2786 2057 2898 2110 est,
2934 2057 3041 2102 etc.
3091 2046 3394 2100 Meditanda
3432 2048 3514 2100 lex
3550 2058 3635 2101 est

2057 2159 2162 2197 non
2195 2143 2367 2197 solmn
2401 2142 2453 2195 in
2484 2141 2663 2195 verbis
2696 2149 2752 2194 et
2784 2140 3030 2203 vocibus,
3066 2145 3158 2193 sed
3191 2139 3356 2193 etiam
3389 2140 3441 2193 in
3469 2140 3635 2193 actio-

2057 2235 2233 2289 nibus.
2270 2234 2500 2299 Quando
2526 2232 2670 2287 enim
2708 2231 2831 2300 quis
2863 2232 2993 2301 legit
3016 2272 3031 2296 ,
3069 2232 3372 2301 intelligens
3404 2246 3522 2300 qua:
3551 2231 3632 2286 di-

2055 2335 2276 2387 cuntur,
2302 2335 2358 2378 et
2390 2325 2601 2378 faciens
2626 2338 2713 2385 ea,
2743 2323 2872 2377 nihil
2895 2323 2945 2377 in
2976 2323 3219 2392 qualibet
3238 2323 3449 2377 actione
3474 2321 3635 2377 omit-

2057 2427 2196 2483 teus,
2231 2418 2323 2471 sed
2355 2416 2406 2468 in
2442 2415 2694 2471 onmibus
2720 2415 2927 2469 faciens
2965 2415 3015 2467 id
3047 2416 3188 2484 quod
3223 2416 3309 2469 lex
3343 2416 3476 2478 vult,
3510 2416 3555 2468 is
3580 2422 3635 2467 et

2054 2508 2240 2562 dicens
2273 2519 2327 2560 et
2374 2507 2559 2577 lugens
2601 2516 2652 2560 et
2697 2505 2901 2561 faciens
2951 2508 3244 2561 meditatur
3291 2507 3461 2576 legem
3515 2507 3633 2560 Dei.

2056 2596 2168 2651 Hoc
2199 2599 2315 2652 loco
2365 2601 2546 2669 itaque
2589 2601 2819 2655 dicitur:
2861 2620 2879 2651 ι
2910 2600 3046 2653 Tota
3083 2600 3169 2653 die
3208 2599 3486 2652 meditatio
3516 2614 3635 2652 mea

2055 2700 2161 2754 est,
2191 2709 2209 2740 ο
2247 2690 2301 2743 in
2337 2691 2513 2760 primo
2548 2706 2677 2745 vero
2718 2691 2925 2760 psalmo
2955 2692 3032 2744 ait
3063 2706 3166 2744 non
3198 2690 3371 2744 solum
3404 2690 3512 2750 die.
3544 2691 3637 2744 sed

2056 2783 2220 2836 etiam
2257 2793 2413 2837 nocte
2442 2784 2808 2839 meditandam
2838 2799 2959 2837 esse
2985 2784 3157 2852 legem
3195 2782 3270 2836 illi
3301 2784 3390 2851 qui
3423 2783 3638 2837 futurus

2054 2875 2127 2929 sit
2154 2876 2363 2929 beatus.
2396 2878 2506 2929 Cur
2539 2877 2703 2945 igitur
2733 2878 2834 2930 hoc
2865 2875 2984 2929 loco
3016 2884 3228 2927 noctem
3253 2873 3473 2928 omisit?
3496 2873 3634 2942 Quia

2054 2966 2143 3021 hic
2190 2968 2348 3019 mista
2389 2979 2471 3022 est
2510 2968 2618 3021 vita
2649 2966 2950 3028 hominum,
2990 2966 3192 3019 idcirco
3228 2981 3371 3020 nunc
3405 2974 3459 3020 et
3489 2966 3633 3019 diem

2054 3056 2314 3111 habemus
2356 3067 2415 3111 et
2443 3066 2696 3122 noctem;
2747 3055 2962 3125 quando
3012 3071 3142 3111 vero
3190 3055 3256 3109 ad
3289 3055 3631 3110 sanctitatem

2055 3161 2117 3201 ac
2147 3146 2536 3202 beatitudinem
2570 3147 2999 3217 pervenerinms,
3028 3146 3171 3200 nulla
3209 3158 3315 3200 nox
3346 3146 3501 3200 nobis
3531 3146 3631 3200 ob-

2052 3240 2254 3304 veniet,
2283 3238 2375 3294 sed
2406 3238 2458 3293 in
2486 3240 2599 3294 sola
2630 3241 2715 3295 die
2736 3241 3098 3296 versabimur.
3126 3238 3421 3293 Considera
3471 3238 3634 3309 igitur

2053 3330 2326 3398 quomodo
2363 3329 2408 3385 is
2438 3329 2528 3399 qui
2563 3329 2651 3386 hic
2684 3329 2971 3393 ambulat,
3007 3344 3104 3384 nec
3138 3330 3437 3384 secundum
3464 3329 3633 3382 vitam

2051 3422 2323 3491 perfecms
2345 3432 2426 3477 est
2449 3423 2763 3491 (ambulatio
2783 3422 2929 3476 enim
2955 3431 3040 3477 est
3066 3419 3224 3490 hujus
3249 3422 3376 3475 vitae
3401 3435 3627 3476 conver-

2052 3511 2211 3584 satio)
2240 3554 2254 3578 ,
2285 3515 2523 3568 uOndum
2553 3527 2687 3583 pure
2718 3513 2959 3578 incedit,
3008 3514 3101 3567 sed
3135 3512 3427 3581 aliquando
3458 3513 3511 3566 in
3544 3513 3633 3568 die

2052 3614 2184 3671 est,
2222 3605 2546 3675 quandoque
2599 3620 2730 3660 vero
2779 3606 2832 3659 in
2888 3615 3102 3668 nocte;
3158 3605 3209 3658 in
3258 3604 3345 3658 die
3390 3604 3629 3673 quidem,

2053 3699 2273 3767 quando
2303 3713 2365 3753 ea
2399 3713 2520 3768 qua:
2551 3697 2670 3768 lege
2707 3698 3008 3767 perscripta
3051 3709 3177 3751 sunt
3209 3698 3356 3766 agit;
3392 3697 3445 3750 in
3477 3703 3636 3751 nocte

2054 3806 2204 3854 vero,
2261 3791 2476 3860 quando
2524 3792 2764 3845 nondum
2805 3800 2916 3846 toto
2964 3790 3130 3845 corde
3173 3788 3424 3859 (tametsi
3462 3788 3632 3859 legem

2052 3879 2366 3953 meditetur)
2419 3880 2549 3934 facit
2587 3881 2757 3950 legem
2784 3920 2798 3944 ,
2853 3880 2937 3935 vel
2980 3882 3144 3935 etiam
3196 3880 3414 3949 quando
3443 3890 3633 3934 contra

2049 3988 2212 4043 quam
2240 3973 2449 4038 deceat,
2482 3974 2613 4041 agit.
2642 3971 2744 4039 Qui
2774 3972 2936 4043 igitur
2966 3972 3178 4041 incipit,
3204 3972 3287 4025 vel
3319 3969 3479 4025 etiam
3516 3982 3634 4039 pro-

2049 4066 2184 4129 licit,
2232 4065 2278 4120 is
2326 4066 2620 4119 meditatur
2660 4065 2835 4134 legem
2883 4064 2971 4118 die
3014 4079 3079 4117 ac
3123 4071 3325 4117 nocte:
3368 4060 3460 4130 qui
3503 4074 3632 4114 vero

2049 4156 2322 4226 perfectus
2348 4166 2453 4222 est,
2504 4157 2549 4211 is
2580 4172 2685 4210 non
2717 4156 2892 4211 solum
2943 4162 3196 4209 versatur
3227 4153 3280 4206 in
3322 4162 3505 4218 nocte,
3533 4155 3630 4209 sed

2049 4251 2101 4304 in
2129 4250 2246 4315 die,
2296 4248 2751 4319 quemadmodum
2786 4246 2983 4302 Paulus
3016 4246 3091 4300 ait
3135 4246 3219 4302 "z
3272 4264 3291 4297 ι
3322 4244 3437 4300 Nox
3490 4261 3631 4316 prte-

2047 4348 2244 4412 eessit,
2271 4346 2390 4404 dies
2410 4357 2590 4400 autem
2624 4344 3122 4416 appropinquavit:
3154 4348 3296 4398 sicut
3330 4346 3382 4399 in
3415 4345 3502 4400 die
3532 4348 3629 4400 ho-

2051 4457 2200 4501 neste
2220 4444 2580 4500 ambulemus.
2616 4459 2637 4495 ι
2674 4436 2741 4496 Et
2774 4442 2966 4496 iterum
2998 4443 3079 4495 “:
3127 4459 3145 4492 ι
3176 4440 3345 4512 Igitur
3375 4456 3480 4494 nou
3512 4455 3629 4494 am-

1979 4515 2020 4568 D
2050 4537 2190 4607 plins
2220 4551 2409 4592 sumus
2441 4535 2636 4603 noctis,
2683 4550 2861 4608 neque
2892 4536 3239 4591 tenebrarum
3266 4574 3282 4601 ,
3316 4532 3410 4588 sed
3441 4548 3628 4588 sumus

2050 4631 2142 4684 lilii
2176 4629 2309 4684 lucis
2336 4638 2391 4683 et
2422 4628 2551 4684 diei.
2586 4648 2605 4683 ι

2123 4723 2284 4777 Vsus.
2302 4723 2392 4779 98.
2414 4723 2587 4792 Super
2602 4722 2843 4775 inimicos
2866 4736 3005 4774 meos
3025 4718 3333 4789 prudentem
3358 4732 3440 4770 me
3457 4715 3628 4785 fecisti

2052 4817 2303 4869 mandato
2342 4826 2433 4869 tuo
2461 4856 2476 4877 ,
2511 4814 2637 4885 quia
2664 4817 2720 4866 in
2753 4825 3007 4867 wternum
3036 4812 3166 4864 mihi
3204 4820 3300 4874 est,
3330 4819 3438 4865 etc.
3476 4806 3630 4860 Mens

2045 4906 2327 4959 atlertihns
2361 4906 2583 4969 nudata,
2614 4914 2670 4958 et
2717 4904 2960 4959 scientiae
2988 4901 3258 4972 particeps
3285 4899 3449 4964 facta,
3498 4913 3628 4969 pru-

2046 4999 2259 5052 dentior
2281 4999 2340 5051 lit
2363 4998 2723 5061 daemonibus,
2751 4996 3037 5065 proferens
3058 5008 3202 5065 saepe
3219 4992 3346 5049 illud
3366 4989 3520 5047 Pauli
3539 4984 3582 5021 “
3610 5007 3628 5046 ι

2050 5109 2067 5141 ε
2097 5089 2215 5144 Non
2248 5091 2393 5146 enim
2425 5090 2543 5161 ejus
2572 5089 2935 5161 cogitationes
2972 5088 3307 5157 ignoramus.
3347 5104 3369 5138 ι

2116 5267 2281 5339 807
2340 5265 2619 5337 Ejusdem.
2670 5265 2928 5320 Inimicos
2977 5279 3117 5320 nunc
3176 5274 3329 5319 vocat
3383 5277 3477 5317 eos
3530 5261 3623 5332 qui

2048 5361 2426 5414 mandatorum
2486 5360 2561 5414 rei
2603 5370 2754 5424 sunt,
2787 5370 2840 5415 et
2882 5375 2978 5415 nos
3006 5359 3272 5413 oderunt:
3302 5355 3501 5425 quibus
3523 5372 3627 5414 nos

2047 5450 2269 5506 minime
2291 5450 2655 5520 indignamur.
2682 5453 2930 5524 lntelligit
2947 5450 3160 5506 Iudaeos
3184 5452 3273 5519 qui
3291 5464 3356 5504 ex
3378 5450 3623 5503 circum-

2046 5542 2252 5598 cisione
2274 5554 2418 5599 sunt.
2446 5544 2620 5616 Super
2660 5546 2759 5601 hos
2803 5547 2946 5599 enim
2995 5543 3337 5599 Christianus
3384 5542 3625 5612 prudens

2047 5633 2224 5690 factus
2251 5647 2336 5690 est
2384 5637 2435 5691 in
2483 5638 2738 5692 mandato
2770 5637 2862 5692 Dei
2884 5676 2899 5701 ,
2938 5651 3060 5691 cum
3092 5634 3414 5707 spiritaliter
3441 5634 3617 5706 legem

430 5793 472 5824 ⁸⁷
506 5792 661 5850 Rulli.
696 5810 772 5860 γι,
814 5797 898 5853 I8.
973 5799 1016 5831 ⁸⁸
1045 5801 1173 5856 ibid.
1209 5803 1299 5857 22.
1379 5805 1422 5837 ³⁸
1454 5803 1610 5861 Rom.
1657 5823 1773 5873 xm,
1808 5810 1893 5875 I2,
1926 5814 1947 5866 l

2088 5815 2132 5846 ”
2164 5815 2182 5870 I
2214 5816 2401 5873 Thess.
2437 5833 2490 5883 v,
2530 5817 2583 5873 5.
2658 5817 2701 5850 “
2734 5818 2775 5872 ll
2810 5816 2934 5874 Cor.
2975 5833 3036 5883 ll,
3069 5815 3155 5871 11.
