2053 3196
241 177 309 204 1607

945 170 989 197 EX
1008 169 1158 197 ORIGENE

1795 162 1864 190 1608

241 235 373 267 intelligat
389 239 470 267 atque
489 231 634 260 custodiat.
648 230 820 265 Quapropter
835 228 924 256 altiori
941 235 1021 255 sensu

1082 236 1137 254 των.
1163 227 1212 253 Διὰ
1228 227 1306 254 τοῦτο
1322 227 1439 262 δύναμαι
1465 227 1559 262 νοῆσαι
1575 227 1724 263 βαθύτερον
1741 227 1771 253 τὸ
1789 229 1866 263 είρη-

241 280 364 314 accipere
388 285 497 312 possum
521 277 592 311 quod
620 276 722 303 dictum
743 279 785 302 est
809 282 824 301 a
849 273 963 301 Domino
985 273 1024 298 “z

244 334 253 350 ι
270 324 376 359 Diligite
400 323 522 350 inimicos
540 327 656 349 vestros.
674 331 683 347 ι
714 320 752 346 illi
768 320 840 347 enim
867 318 950 345 nostri
965 322 1028 345 sum.

243 369 362 400 inimici,
377 369 424 401 qui
450 377 459 393 (
478 367 564 394 zelum
579 366 688 400 quidem
708 365 752 391 Dci
777 364 897 396 habent,
913 362 959 389 sed
975 370 1027 389 non

243 415 391 442 secundum
407 413 549 440 scientiam
566 411 598 438 η.
615 421 625 437 ι

282 460 361 487 Vens.
375 459 418 486 99.
434 457 519 492 Super
533 465 622 483 omnes
632 457 752 483 docentes
768 464 809 482 me
824 455 951 486 intellexi.
966 455 1028 489 quia

241 506 391 533 testimonia
419 510 465 531 tua
494 504 632 530 meditatio
663 511 719 529 mea
749 507 798 532 ert.
834 506 886 529 etc.
921 501 1027 527 Illorum

243 552 390 586 Scripturae
412 551 506 585 primae
529 549 637 576 fuerant
651 569 658 581 ,
675 549 715 575 eis
730 548 830 574 credita
845 552 907 574 sunt
923 546 1028 581 eloquia

243 598 301 624 Dei.
318 597 357 623 illi
381 598 508 623 doctores
531 602 560 622 se
580 594 753 628 proliteutur,
777 599 869 628 utpote
884 593 928 626 qui
950 591 1027 626 primi

243 643 330 676 legem
352 646 380 668 et
401 641 548 675 prophetas
568 639 734 673 acceperint.
760 638 814 665 Nos
830 639 911 672 igitur
933 638 977 671 qui
996 637 1029 664 de

244 687 369 723 gentibus
385 694 489 719 sumus,
504 687 621 713 dicimus
636 694 642 712 :
667 695 675 711 ι
691 685 779 719 Super
792 692 886 711 omnes
901 684 1028 711 docentes

245 741 288 761 me
313 732 443 760 intellexi.
461 742 470 758 ι
488 732 543 759 Cur
566 731 664 765 porro?
693 740 702 756 ι
720 730 786 763 Quia
814 729 966 757 testimonia
985 734 1028 756 tua

245 779 385 806 meditatio
412 786 470 805 mea
501 783 575 804 est.»
602 777 675 804 Nom
714 776 819 811 reperio
854 775 1026 807 testimonia,

246 830 343 857 printer
358 824 402 850 illa
418 824 568 850 testimonia
582 832 641 857 quae
654 823 813 856 frequenter
827 823 939 849 recitata
954 825 1027 848 sunt.

246 870 384 898 Mcditatio
398 869 469 897 enim
487 876 546 895 nica
567 873 628 895 sunt
648 867 802 895 testimonia
818 866 881 894 .lcsu
905 865 1026 894 Christi:

1079 275 1159 309 μένον
1188 274 1240 300 ὑπὸ
1260 274 1306 300 τοῦ
1327 274 1429 310 Κυρίου
1446 282 1451 288 ·
1479 282 1487 298 ι
1507 274 1643 307 Ἀγαπᾶτε
1666 273 1728 305 τοὺς
1752 273 1866 310 ἐχθροὺς

1078 320 1165 354 ὑμῶν.
1179 329 1188 345 ι
1213 319 1320 355 Ἑχθροὶ
1335 319 1390 356 γὰρ
1405 319 1484 354 ἡμῶν
1500 319 1568 345 εἰσιν
1583 320 1681 345 ἐκεῖνοι
1695 339 1703 351 ε
1724 329 1734 346 ί
1751 319 1777 345 οι
1795 318 1868 355 ἔλον-

1078 374 1122 397 τες
1137 365 1216 400 ζῆλον
1233 364 1310 397 Θεοῦ,
1324 365 1379 391 ἀλλ’
1394 366 1425 391 οὐ
1442 366 1502 391 κατ’
1513 364 1669 398 ἐπίγνωσιν.
1684 373 1693 389 ι

1119 452 1202 486 Ὑπὲρ
1222 452 1336 485 πάντας
1356 452 1426 485 τοὺς
1444 452 1645 486 διδάσκοντας
1664 461 1703 487 με
1725 452 1865 486 συνῆκα,

1078 498 1122 524 ὅτι
1139 498 1175 524 τὰ
1193 499 1339 532 μαρτύριά
1361 506 1418 526 σου
1436 498 1548 532 μελέτη
1563 507 1623 532 μου
1641 499 1737 530 ἐστίν,
1750 507 1776 525 κ.
1794 508 1819 526 τ.
1841 500 1865 529 ἑ.

1077 544 1111 569 Αἱ
1126 544 1232 579 Γραφαὶ
1249 544 1360 570 ἐκείνων
1382 542 1452 580 ἦσαν
1475 543 1595 579 πρῶται’
1616 544 1813 581 ἐπιστεύθησαν
1831 545 1867 573 τὰ

1078 588 1157 622 λόγια
1177 589 1223 615 τοῦ
1244 589 1321 616 Θεοῦ.
1346 590 1458 618 Ἐκεῖνοι
1480 590 1632 618 διδάσκαλοι
1654 591 1867 625 ἐπαγγέλλονται

1078 634 1227 668 γεγονέναι,
1244 634 1291 661 ἆτε
1308 635 1410 670 πρῶτοι
1432 636 1635 671 παραλαϐόντες
1645 635 1726 670 νόμον
1741 636 1787 662 καὶ
1799 644 1866 672 προ-

1079 682 1175 716 φήτας.
1197 682 1291 717 Ἡμεῖς
1302 680 1347 710 οὖν
1359 683 1382 708 οἰ
1392 682 1444 709 ἀπὺ
1462 682 1515 709 τῶν
1528 682 1611 709 ἐθνῶν
1624 681 1748 717 λέγομεν·
1760 692 1769 707 ι
1781 682 1866 719 ’Υπὲρ

1078 727 1183 758 πάντας
1210 728 1272 759 τοὺς
1296 727 1470 759 διδάσκοντας
1495 736 1527 763 με
1553 728 1690 764 συνῆκα.»
1708 728 1755 755 Διὰ
1772 728 1797 754 τί
1819 728 1864 762 δέ;

1081 782 1090 798 ί
1104 772 1165 800 ’Ότι
1180 773 1214 800 τὰ
1235 773 1372 809 μαρτύριά
1395 782 1441 800 σου
1468 774 1567 809 μελέτη
1587 782 1636 808 μου
1658 774 1727 801 ἐστί.
1744 783 1753 798 ι
1777 774 1867 801 Καινὰ

1078 819 1196 855 εὑρίσκω
1212 819 1346 854 μαρτύρια
1362 820 1437 855 παρὰ
1455 820 1489 846 τὰ
1500 819 1630 851 πολλάκις
1646 819 1778 855 εἰρημένα
1794 828 1866 855 μαρ-

1078 865 1168 901 τύρια.
1193 865 1298 901 Μελέτη
1325 874 1375 900 μοι)
1400 864 1453 901 γάρ
1479 866 1536 892 ἐστι
1557 865 1591 891 τὰ
1609 865 1746 901 μαρτύρια
1778 865 1866 901 Ἰησοῦ

245 916 267 942 si
291 915 398 949 quidem
424 914 480 940 lucc
505 914 659 940 testimonia
684 913 787 946 accepi,
804 917 831 939 et
855 911 958 939 idcirco
975 917 1025 945 ego

1082 911 1198 948 Χριστοῦ
1209 919 1215 926 ·
1238 910 1428 947 παρεδεξάμην
1445 911 1499 946 γὰρ
1514 910 1583 937 αὐτὰ
1596 911 1629 937 τὰ
1650 910 1797 946 μαρτύρια,
1819 911 1867 938 καὶ

245 968 325 995 super
338 967 432 986 omnes
442 960 567 986 docentes
592 967 636 988 me
661 959 791 988 intellexi.
819 958 1027 986 Ecclesiasticus

246 1007 425 1040 appellaverat
448 1005 507 1032 illos
522 1005 661 1037 inimicos;
681 1004 789 1032 dixerat
811 1002 872 1030 illos
890 1002 1029 1034 docentes,

246 1060 316 1079 nunc
329 1057 407 1080 vocat
422 1052 554 1078 seniores.

283 1142 365 1169 Vens.
382 1141 442 1169 100.
467 1142 553 1176 Super
568 1150 640 1169 senes
664 1141 799 1172 intellexi,
819 1140 880 1174 quia
905 1139 1030 1166 mandata

247 1194 292 1214 tua
311 1188 428 1223 qutcsivi,
453 1193 507 1215 etc.
523 1187 590 1214 Utor
605 1187 647 1214 his
663 1187 755 1214 verbis
771 1190 865 1213 contra
888 1192 967 1213 senes
984 1185 1031 1220 qui

248 1234 327 1269 longo
347 1238 468 1268 tempore
483 1238 509 1260 et
527 1232 672 1260 allectuum
687 1232 809 1259 carentia
824 1230 967 1259 scientiam
982 1230 1030 1257 Dei

247 1279 400 1314 comparari
417 1279 592 1306 arbitrantur.

284 1366 366 1393 Vens.
381 1366 441 1393 101.
454 1367 492 1392 Ab
504 1366 575 1392 omni
587 1366 627 1392 via
642 1365 712 1392 mala
726 1365 848 1400 prohibui
861 1365 938 1400 pedes
952 1373 1031 1398 meos,

249 1418 276 1439 ut
286 1413 431 1439 custodiam
441 1413 515 1438 verba
526 1416 581 1443 tua,
592 1416 645 1438 etc.
657 1410 739 1437 Malas
749 1411 806 1438 vias
816 1410 1030 1443 ambulabamus,

250 1465 310 1484 tum
327 1465 448 1484 e.~scmus
467 1457 611 1491 aliquando
635 1465 643 1480 ι
663 1456 824 1490 insipientes
840 1462 867 1482 et
885 1456 1031 1487 increduli,

249 1508 389 1535 errantes,
415 1503 564 1529 servientes
582 1502 723 1529 desideriis
738 1507 764 1528 ct
787 1502 969 1535 voluptatibus
985 1509 1029 1527 va-

251 1549 308 1579 riis,
318 1558 326 1573 ι
339 1552 391 1575 ctc.
403 1548 445 1575 Hae
455 1554 533 1575 erant
544 1548 592 1574 viae
607 1556 670 1574 metr
681 1555 779 1582 pravm.
795 1547 914 1574 Perfecta
927 1547 970 1573 illa
980 1554 1029 1573 vox

249 1600 290 1621 est
304 1594 501 1621 Ecclesiastici.
521 1594 586 1620 Dum
607 1595 679 1620 enim
693 1594 781 1620 adhuc
798 1601 950 1628 peccamus,
975 1594 1031 1620 haec

249 1641 340 1666 dicere
357 1648 408 1666 non
438 1640 577 1672 valemus;
598 1640 678 1673 pedes
693 1639 763 1666 enim
787 1644 893 1666 nostros
910 1639 943 1666 ab
957 1639 1029 1665 omni

250 1685 293 1711 via
317 1685 384 1710 mala
412 1684 582 1717 prohibendo
599 1692 740 1711 sermones
767 1684 812 1711 Dei
837 1684 1030 1711 custodiemus.

249 1729 322 1761 Quos
342 1729 505 1757 sermones?
529 1729 590 1756 Illos
605 1729 650 1763 qui
669 1729 694 1755 in
711 1729 768 1763 lege
791 1733 864 1758 sunt.
884 1729 1033 1763 spirituali-

251 1780 290 1801 tcr
306 1782 352 1802 eos
382 1775 567 1809 intelligendo,
589 1780 616 1801 et
641 1774 731 1802 Jesum
757 1775 893 1802 Christum
921 1775 965 1808 qui
985 1781 1032 1808 per

250 1820 323 1853 ipsos
346 1821 510 1854 prmdiealur
541 1819 723 1853 agnoscendo.
750 1818 836 1845 Porro
862 1818 906 1846 illa
930 1819 1010 1845 verba
1026 1838 1032 1849 ,

252 1875 261 1890 ι
277 1865 402 1900 prohibui
422 1865 505 1899 pedes
530 1872 615 1896 meos,
631 1874 639 1890 ›
656 1865 793 1891 declarant
806 1864 910 1891 arbitrii
927 1864 1033 1891 liberta-

250 1916 314 1938 tem.
337 1910 392 1937 Hoc
409 1910 482 1937 enim
499 1910 576 1942 dixit,
595 1915 721 1944 tanquam
740 1910 766 1936 in
781 1910 837 1944 ejus
855 1915 987 1944 potestate
999 1910 1033 1936 sit

252 1957 333 1991 pedes
362 1956 396 1983 ad
416 1956 606 1984 ambulandum
631 1963 740 1983 movere
759 1956 800 1982 vcl
820 1957 901 1983 etiam
922 1956 1031 1983 eosdem

250 2004 403 2039 prohibere.

286 2094 368 2121 Vens.
387 2093 448 2120 102.
466 2093 486 2118 Α
502 2092 611 2125 jttdiciis
628 2091 678 2118 tuis
698 2099 749 2118 non
763 2091 900 2123 declinari,
922 2091 984 2125 quia
1006 2096 1033 2117 tu

251 2140 331 2174 legem
346 2139 456 2173 posuisti
472 2138 548 2170 mihi,
563 2142 616 2164 etc.
630 2136 726 2163 Judicii
743 2137 779 2163 tui
795 2144 901 2171 semper
913 2137 1032 2163 memini.

251 2186 278 2211 In
294 2192 364 2211 nono
380 2189 467 2210 autem
483 2183 585 2218 psalmo
597 2183 620 2198 ’⁸³
635 2183 719 2210 dicit:
748 2192 756 2207 ι
772 2183 910 2210 Coustitue
928 2183 1033 2217 legisla—

1080 958 1123 985 διὰ
1149 957 1228 984 τοῦτο
1245 957 1300 991 ἐγὼ
1323 957 1393 991 ὑπὲρ
1416 957 1518 988 πάντας
1544 956 1607 988 τοὺς
1635 956 1810 987 διδάσκοντὰς
1834 964 1867 991 με

1082 1002 1195 1037 συνῆκα,
1210 1000 1294 1028 Εἶπεν
1304 1002 1403 1033 αὐτοὺς
1419 1001 1532 1038 ἐχθροὺς
1564 1001 1578 1026 ὁ
1601 1001 1840 1039 Ἐκκλησιαπικὸς
1853 1022 1862 1033 ,

1080 1047 1156 1075 εἶπεν
1182 1046 1280 1077 αὐτοὺς
1308 1045 1502 1077 διδάσκοντας·
1529 1045 1576 1074 νῦν
1597 1045 1671 1078 λέγει
1693 1044 1791 1075 αὐτοὺς
1819 1043 1867 1074 καὶ

1081 1092 1293 1129 πρεσϐυτέρους.

1121 1137 1205 1171 Ὑπὲρ
1226 1137 1445 1171 πρεσϐυτέρους
1462 1136 1591 1170 συνῆκα,
1612 1136 1655 1163 ὅτι
1670 1136 1724 1169 τὰς
1741 1135 1868 1169 ἐντολάς

1081 1189 1140 1209 σου
1158 1181 1332 1215 ὲξεζῆτησα,
1346 1191 1373 1208 κ.
1389 1191 1414 1208 τ.
1429 1183 1451 1209 ὲ.
1469 1180 1613 1217 Χρήζομαι
1625 1180 1712 1215 τούτῳ
1730 1180 1769 1215 τῷ
1794 1179 1868 1215 ῥητῷ

1081 1228 1150 1264 πρὸς
1159 1229 1222 1260 τοὺς
1235 1228 1364 1264 γέροντας
1377 1229 1438 1260 τοὺς
1457 1228 1560 1264 μακρὸν
1573 1228 1667 1263 χρόνον
1681 1227 1726 1254 καὶ
1736 1226 1786 1262 τὴν
1797 1226 1869 1255 ἀπά-

1083 1273 1156 1300 θειαν
1179 1274 1339 1306 νομίζοντας
1362 1270 1431 1301 εἶναι
1455 1273 1583 1309 πρόξενον
1604 1272 1654 1307 τῆς
1670 1271 1796 1308 γνώσεως
1820 1271 1867 1299 τοῦ

1082 1319 1148 1346 Θεοῦ
1154 1338 1160 1345 .

1124 1366 1171 1393 Ἐκ
1189 1365 1290 1399 πάσης
1304 1366 1375 1392 ὀδοῦ
1389 1365 1522 1400 πονηρᾶς
1535 1364 1675 1391 ἐκώλυσα
1687 1362 1758 1396 τοὺς
1774 1362 1868 1395 πόδας

1079 1419 1150 1445 μου,
1169 1410 1248 1444 ὅπως
1267 1410 1306 1439 ἂν
1316 1411 1441 1445 φυλάξω
1461 1411 1532 1443 τοὺς
1552 1411 1661 1444 λόγους
1677 1417 1746 1440 σου,
1761 1417 1788 1434 κ.
1804 1417 1829 1433 τ.
1843 1408 1867 1437 ἑ,

1083 1457 1207 1493 Πονηρὰς
1222 1458 1297 1489 ὁδοὺς
1307 1457 1451 1493 ὡδεύομεν,
1463 1465 1472 1484 ι
1486 1456 1593 1492 ἀνόητοι
1605 1465 1613 1482 ι
1630 1455 1705 1487 ὅντες
1719 1454 1783 1481 ποτὲ
1795 1463 1804 1479 ι
1820 1453 1868 1481 καὶ

1083 1503 1221 1535 ἀπειθεῖς,
1253 1503 1438 1539 πλανώμενοι,
1460 1502 1628 1533 δουλεύοντες
1645 1501 1802 1537 ἐπιθυμίαις
1820 1500 1868 1528 καὶ

1082 1549 1190 1585 ἡδοναῖς
1206 1549 1351 1580 ποικίλαις,
1371 1559 1379 1574 ι
1393 1547 1440 1574 καὶ
1453 1546 1487 1572 τὰ
1499 1546 1573 1581 ἑξῆς.
1598 1548 1713 1574 Ἐκεῖναι
1732 1547 1781 1583 μὲν
1798 1545 1869 1582 ἦσαν

1082 1595 1137 1621 ὁδοὶ
1155 1594 1282 1630 πονηραί.
1303 1593 1424 1628 Τελείαὴ
1441 1593 1514 1628 φωνὴ
1530 1593 1598 1627 αὕτη
1616 1591 1868 1627 Ἐκκλησιαστικοῦ,

1084 1641 1165 1667 Ὅσον
1182 1640 1235 1676 γὰρ
1250 1640 1289 1666 ἔτι
1303 1639 1495 1677 ἁμαρτάνομεν
1505 1658 1511 1670 ,
1536 1639 1625 1673 λέγειν
1648 1637 1735 1665 ταῦτα
1748 1637 1777 1664 οὺ
1791 1637 1870 1664 δυνά-

1084 1686 1168 1723 μεθα·
1188 1687 1219 1712 ὲκ
1233 1686 1280 1714 τοῦ
1296 1685 1349 1720 γὰρ
1365 1684 1479 1712 κωλύειν
1493 1685 1556 1716 τοὺς
1582 1685 1664 1716 πόδας
1678 1684 1756 1719 ἡμῶν
1769 1684 1801 1710 ὲκ
1815 1684 1869 1710 πά-

1084 1740 1133 1766 σης
1145 1731 1205 1757 ὁδοῦ
1226 1731 1346 1766 πονηρᾶς
1362 1730 1515 1765 φυλάξομεν
1531 1730 1594 1762 τοὺς
1610 1730 1703 1763 λόγους
1722 1729 1768 1755 τοῦ
1789 1728 1869 1757 Θεοῦ.

1083 1777 1179 1807 Ποίους
1191 1776 1284 1810 λόγους
1295 1785 1301 1809 ;
1312 1776 1374 1807 τοὺς
1387 1777 1416 1802 ὲν
1426 1777 1508 1811 νόμῳ,
1523 1776 1667 1811 νοήσαντες
1678 1765 1776 1806 αὐτοὺς
1787 1783 1870 1801 πνευν

1085 1823 1216 1858 ματικῶς,
1234 1823 1281 1850 καὶ
1293 1821 1516 1856 ἐπιγινώσκοντες
1531 1821 1576 1848 τὸν
1588 1822 1621 1848 δι’
1632 1821 1720 1848 αὐτῶν
1739 1821 1871 1857 κηρυττόν

1085 1877 1164 1904 μενον
1184 1866 1286 1903 Ἰησοῦν
1305 1867 1431 1903 Χριστόν.
1452 1867 1592 1902 Ἐμφαίνει
1617 1867 1645 1893 δὲ
1675 1867 1706 1893 τὸ
1729 1867 1870 1903 ἐλεύθερον

1083 1914 1133 1950 τῆς
1150 1913 1333 1949 προαιρέσεως
1350 1912 1390 1945 τὸ,
1412 1922 1421 1937 ι
1439 1912 1576 1941 Ἐκώλυσα
1602 1913 1663 1944 τοὺς
1680 1912 1773 1944 πόδας.
1789 1923 1798 1939 ι
1825 1913 1870 1948 Ὠς

1084 1959 1138 1996 γὰρ
1154 1959 1196 1985 ἐπ’
1212 1957 1285 1993 αὐτῷ
1301 1957 1375 1989 ὖντος
1402 1957 1448 1985 τοῦ
1478 1959 1562 1985 κινεῖν
1591 1958 1654 1988 τοὺς
1680 1958 1762 1990 πόδας
1784 1959 1824 1990 είς
1840 1958 1871 1985 τδ

1085 2005 1221 2042 βαδίζειν,
1243 2005 1259 2039 ἢ
1280 2004 1327 2030 καὶ
1351 2003 1466 2030 κωλύειν
1489 2003 1605 2035 αὐτοὺς,
1634 2003 1664 2033 τὸ
1690 2004 1871 2040 προκείμενον

1084 2048 1169 2076 εἶπεν.

1127 2095 1194 2122 Ἀπὸ
1209 2095 1267 2124 τῶν
1277 2095 1426 2130 χριμάτων
1445 2104 1503 2122 σου
1527 2097 1581 2122 οὐκ
1596 2094 1747 2127 ἐξέκλινα,
1764 2094 1809 2123 ὅτι
1828 2094 1870 2121 σὺ

1084 2141 1304 2175 ἑνομοθέτησάς
1322 2150 1360 2175 με
1372 2162 1378 2173 ,
1393 2150 1420 2170 κ,
1433 2151 1457 2167 τ.
1477 2142 1499 2168 ὲ.
1514 2142 1566 2168 Τοῦ
1588 2141 1634 2169 σοῦ
1645 2141 1789 2173 διαπαντὸς
1803 2142 1870 2175 ἐμε-

1087 2187 1197 2222 μνήμην
1222 2186 1408 2222 δικαστηρίου.
1433 2186 1475 2213 Ἐν
1502 2186 1587 2220 ἐνάτῳ
1611 2185 1640 2211 δὲ
1663 2184 1736 2219 λέγει
1759 2183 1869 2221 ψαλμῷ*

252 2236 337 2257 torem
352 2237 432 2263 super
453 2237 508 2256 eos.
530 2229 623 2255 Sciant
649 2233 741 2260 gentes
757 2229 884 2262 quoniam
911 2228 1030 2254 homines

1089 2240 1097 2256 I
1115 2231 1291 2266 Κατάστησον
1302 2231 1448 2266 νομοθέτην
1460 2231 1501 2257 ἐπ’
1517 2230 1624 2262 αὐτούς.
1634 2230 1783 2257 Γνώτωσαν
1795 2230 1870 2266 ἔθνη,

251 2280 323 2303 sunt.
339 2284 345 2300 ι
366 2275 471 2309 Moyses
485 2274 592 2308 quidem
606 2274 672 2308 legis
690 2274 805 2301 litterarii
822 2273 985 2307 prmscripsit
1000 2273 1033 2300 iis

251 2323 296 2356 qui
322 2322 382 2348 novi
408 2321 574 2348 Testamenti
594 2321 738 2346 adventum
757 2327 855 2354 capere
882 2327 934 2345 non
958 2323 1035 2353 pote-

252 2371 330 2399 rant;
357 2367 434 2393 Jesus
463 2374 526 2393 vero
551 2365 673 2394 Christus
699 2365 844 2392 adveniens
869 2364 1034 2398 przcscripsit

252 2414 316 2440 mihi
340 2412 512 2447 Erangelium
535 2417 562 2439 et
576 2412 726 2447 spiritalem
753 2411 818 2438 mihi
834 2410 931 2445 Moysis
948 2411 1032 2445 legem

251 2459 381 2485 ostendit.

284 2504 368 2538 808
380 2503 460 2529 V'Ens.
480 2503 540 2530 105.
560 2502 644 2534 Quam
661 2501 750 2527 dulcia
765 2500 883 2533 faucibus
900 2500 962 2526 meis
978 2499 1032 2526 elo-

249 2552 311 2583 quia
325 2555 381 2582 tua,
396 2557 474 2583 super
484 2550 534 2576 mel
553 2549 592 2575 ori
606 2556 672 2578 meo,
688 2551 740 2573 etc.
757 2546 831 2573 Mens
844 2554 902 2581 qute
918 2546 1033 2572 delecta-

250 2603 294 2624 tur
309 2601 335 2623 et
351 2596 496 2623 inmtlritur
510 2595 633 2625 scientia,
650 2601 680 2620 os
698 2599 817 2620 vocatur.

283 2642 363 2668 Vens.
391 2641 452 2667 104.
481 2641 501 2666 Α
523 2639 653 2665 mandatis
668 2639 719 2664 tuis
737 2639 871 2664 intellexi:
897 2641 1032 2671 propterea

249 2688 320 2715 odivi
336 2694 437 2713 omnem
454 2686 522 2711 viam
539 2684 696 2719 iniquitatis.
713 2689 766 2711 etc.
788 2684 814 2710 lu
830 2682 963 2710 mandatis
981 2681 1033 2707 tuis

250 2733 315 2761 mihi
336 2739 396 2766 qua:
420 2731 522 2765 agenda
539 2735 602 2757 sunt
619 2730 800 2757 dividentihus
822 2728 978 2762 intelligens
993 2726 1032 2753 fa-

249 2783 309 2805 ctus
325 2785 394 2808 sum,
413 2781 439 2803 et
456 2784 507 2802 non
523 2775 608 2802 solum
625 2776 658 2802 ab
674 2776 746 2803 onmi
762 2776 805 2802 via
821 2774 970 2809 iniquitatis
986 2774 1032 2800 ah-

249 2829 320 2853 sum,
334 2822 380 2848 sed
396 2826 422 2848 et
438 2820 509 2848 illam
525 2821 607 2848 odivi.

281 2868 303 2887 δι
328 2867 421 2893 .‘l..tlh.
438 2875 463 2896 ι’.
478 2867 521 2895 Η.
560 2868 581 2883 ³³
599 2868 675 2895 Rom.
704 2876 729 2899 κ,
751 2867 776 2893 '2.
815 2868 836 2881 “
853 2866 926 2892 Vrrs.
951 2865 995 2892 2|.

1085 2278 1125 2303 ὅτι
1143 2277 1280 2312 ἄνθρωποί
1294 2278 1371 2304 εἰσιν.
1391 2287 1399 2302 ι
1419 2278 1538 2313 Μωῠσῆς
1556 2277 1604 2312 μὲν
1619 2277 1674 2312 γὰρ
1692 2276 1871 2312 ἐνομοθέτησε

1085 2322 1119 2349 τὰ
1145 2322 1192 2348 τοῦ
1216 2323 1378 2358 γράμματος
1404 2324 1459 2354 τοῖς
1482 2323 1519 2357 μὴ
1536 2322 1691 2357 δυναμένοις
1706 2323 1804 2357 χωρεῖν
1821 2322 1870 2357 τὴν

1084 2367 1230 2402 ἐπιδημίαν
1244 2368 1405 2403 τῆςΚαινῆς
1422 2367 1568 2403 Διαθήκης·
1593 2366 1696 2402 Ἰησοῦς
1710 2367 1738 2393 δὲ
1754 2366 1870 2402 Χριστὸς

1085 2413 1256 2450 ἐπιδημήσας
1286 2413 1464 2449 ὲνομοθέτησέ
1491 2421 1534 2447 μοι
1559 2413 1589 2439 τὺ
1612 2412 1794 2447 Εὐαγγέλιον,
1824 2413 1872 2442 καὶ

1085 2459 1269 2494 πνευματικόν
1284 2467 1329 2495 μοι
1346 2459 1389 2484 τὸν
1403 2458 1541 2490 Μωῦσέως
1553 2458 1636 2495 ἔδειξε
1652 2459 1742 2493 νόμον.

1127 2504 1173 2537 Ὠς
1194 2504 1306 2539 γλυκέα
1336 2504 1375 2537 τῷ
1399 2503 1527 2537 λάρυγγί
1547 2514 1606 2539 μου
1624 2504 1661 2531 τὰ
1678 2504 1766 2539 lor/ti
1788 2512 1846 2532 σου
1863 2524 1869 2536 .

1084 2549 1160 2584 ὑπὲρ
1174 2550 1244 2584 μέλι
1264 2549 1304 2582 τῷ
1318 2550 1443 2584 στόματί
1460 2558 1537 2583 μου,
1559 2558 1585 2575 κ.
1606 2558 1630 2575 τ.
1654 2550 1677 2576 ὲ.
1699 2550 1728 2576 '0
1741 2549 1870 2585 ἡδόμενος

1085 2596 1131 2622 καὶ
1143 2596 1306 2631 τρεφόμενος
1316 2596 1361 2622 ἐπὶ
1373 2597 1404 2634 τῇ
1419 2595 1514 2630 γνώσει
1527 2596 1588 2627 νοῦς
1600 2595 1761 2630 ὀνομάζεται
1773 2597 1860 2631 στόμα

1127 2641 1193 2668 Ἀπὸ
1209 2641 1268 2668 τῶν
1284 2641 1415 2668 ἐντολῶν
1431 2650 1488 2669 σου
1502 2642 1632 2676 συνῆκα·
1645 2642 1693 2668 διὰ
1706 2642 1792 2670 τοῦτο
1806 2642 1855 2676 ἑμί
1863 2657 1869 2662 ι

1085 2693 1168 2719 σησα
1182 2686 1285 2713 πᾶσαν
1299 2687 1371 2714 ὁδὸν
1385 2687 1503 2720 ἀδικίας
1513 2708 1519 2719 ,
1541 2697 1566 2713 κ.
1589 2696 1614 2715 τ.
1629 2688 1651 2718 ἐ.
1675 2689 1718 2713 Ὲν
1732 2688 1791 2719 ταῖς
1811 2689 1873 2720 σαῖς

1087 2732 1195 2764 συνετὸς
1209 2732 1352 2767 γενόμενος
1369 2732 1487 2763 ἐντολαῖς
1502 2732 1666 2768 διαιρούσαις
1690 2741 1734 2767 μοι
1750 2732 1784 2758 τὰ
1799 2740 1873 2767 πρα-

1086 2777 1164 2803 κτέα·
1178 2778 1224 2804 καὶ
1241 2777 1292 2813 μὴν
1305 2778 1336 2804 οὺ
1356 2778 1434 2813 μόνον
1448 2778 1544 2814 ἄπειμι
1563 2779 1652 2814 πάσης
1675 2777 1736 2804 ὁδοῦ
1754 2777 1873 2812 ἀδικίας,

1085 2821 1152 2848 ἀλλὰ
1169 2822 1214 2849 καὶ
1232 2831 1263 2856 με
1269 2822 1380 2857 μίσηκα.
