4106 6456
394 358 415 410 Ι
428 357 528 411 609

1306 353 1617 412 SELECTA
1656 350 1721 404 IN
1762 350 2098 406 PSALMOS.
2140 381 2207 392 -—
2244 349 2439 405 PSAL.
2483 349 2718 406 CXVIII.

3506 350 3641 410 tc'i)

465 475 692 542 Ὠμοσα
719 474 815 528 καὶ
844 474 1078 542 ἐστησα
1098 475 1201 529 τοῦ
1216 474 1597 543 φυλάξασθαι
1624 473 1693 527 τὰ
1713 473 1956 541 κρίματα

2138 468 2298 523 Vens.
2332 467 2454 523 l06.
2485 469 2673 523 Jurati
2702 479 2749 523 el
2776 475 2939 524 statui
2972 472 3459 543 custodirejudicin
3481 479 3643 547 justi-

392 564 502 632 τῆς
551 566 945 633 δικαιοσύνης
973 580 1109 629 σου,
1144 584 1197 619 κ.
1224 584 1274 619 τ.
1302 567 1347 619 ἐ.
1377 566 1450 619 Τὸ
1489 564 1820 636 ἀμετάθετον
1868 563 1961 617 τοῦ

367 726 369 728 η
394 657 598 710 σκοποῦ
632 658 792 727 ὅρκον
815 656 1115 726 ὠνόμασεν.

362 762 370 816 i
466 750 577 804 Τοῦ
605 750 812 804 αὐτοῦ.
856 750 921 801 Τί
957 753 1105 803 ποιεῖ
1138 750 1323 805 ἐνθάδε
1365 752 1425 802 τὸ
1475 748 1737 819 «ὤμοσα»
1798 749 1963 820 ζητη-

389 840 529 894 τέον.
567 861 584 892 ι
622 841 835 894 Διέθετο
885 841 1150 913 διαθήκην
1189 843 1323 913 πρὸς
1361 843 1484 904 τοὺς
1533 841 1818 902 ἐκλεκτοὺς
1868 841 1963 893 αὐ-

390 934 503 987 τοῦ.
542 954 559 985 ι
588 936 695 987 Καὶ
720 934 921 1005 ταύτην
944 937 1043 1007 τὴν
1074 935 1337 1007 διαθήκην
1368 935 1502 1005 πρὸς
1528 936 1653 996 τοὺς
1676 933 1961 999 ἐκλεκτοὺς

390 1024 554 1078 αὑτοῦ
587 1025 905 1096 διαθεμένου
938 1026 1030 1078 τοῦ
1075 1025 1208 1078 Θεοῦ
1243 1029 1271 1079 6
1301 1024 1570 1077 πιστεύων
1611 1024 1959 1094 παρεδέξατο,

390 1118 484 1170 καὶ
516 1118 681 1171 οἱονεὶ
708 1119 891 1188 ὅρκοις
932 1119 1133 1188 μεταξὺ
1164 1117 1258 1170 τοῦ
1291 1117 1424 1171 Θεοῦ
1458 1119 1752 1187 ἐποιήσατο
1785 1136 1962 1189 παρα-

388 1211 677 1280 δεξάμενος
701 1211 863 1264 αὑτοῦ
886 1212 982 1283 τὴν
1023 1211 1306 1282 διαθήκην,
1334 1211 1473 1263 ὥστε
1505 1212 1697 1281 στῆσαι
1738 1212 1831 1266 καὶ
1861 1230 1961 1280 φυ-

388 1302 647 1366 λάξασθαι
671 1302 738 1355 τὰ
762 1303 1003 1374 κρίματα
1031 1304 1127 1374 τῆς
1154 1302 1497 1374 δικαιοσύνης
1524 1304 1708 1357 αὑτοῦ.
1742 1306 1960 1375 Ἰστημι

387 1393 464 1455 δέ,
502 1395 684 1463 φησὶν,
719 1394 858 1447 αὐτά
889 1399 953 1467 τῇ
984 1396 1089 1466 ἐμῇ
1120 1396 1285 1467 ψυχῇ·
1317 1398 1558 1451 καὶϐταν
1586 1397 1728 1450 αὐτά
1756 1400 1957 1469 στήσω,

388 1487 593 1551 γίνεται
628 1482 804 1538 ἐκεῖνο
850 1481 911 1538 τὸ
940 1486 1225 1557 εἰρημένον
1260 1488 1409 1559 παρά
1440 1488 1518 1558 τῷ
1551 1488 1852 1559 Σολομῶντι
1901 1489 1959 1543 ἐν

388 1578 746 1648 Παροιμίαις·
788 1597 806 1629 ι
841 1579 1105 1648 Λογισμοὶ
1140 1579 1361 1633 δικαίων
1385 1581 1646 1651 κρίματα.
1689 1602 1707 1631 ι
1749 1582 1961 1635 Ἐκεῖνα

394 1690 411 1721 t
444 1671 511 1724 τὰ
541 1672 781 1742 κρίματά
820 1692 836 1722 ι
870 1674 983 1725 ἐστι
1028 1692 1045 1723 ‹
1074 1674 1171 1743 τῆς
1203 1674 1545 1745 δικαιοσύνης
1583 1694 1601 1725 ι
1657 1674 1752 1728 τοῦ
1799 1674 1953 1728 Θεοῦ·

386 1761 505 1812 τότε
554 1760 609 1812 δὲ
643 1760 929 1830 γενόμενα,
966 1762 1055 1814 ὅτε
1089 1760 1277 1832 ὤμοσα
1330 1762 1424 1814 καὶ
1472 1761 1675 1832 ἐστησα
1727 1761 1867 1814 αὐτὰ
1899 1763 1957 1815 ὲν

387 1852 624 1922 ἐμαυτῷ.
658 1853 730 1905 Τὸ
759 1854 816 1906 δέ
846 1872 863 1903 ι
889 1854 1083 1923 στῆσαι
1102 1873 1119 1905 ι
1159 1852 1393 1906 ἐνταῦθα
1428 1853 1490 1906 τὸ
1519 1853 1749 1924 βεϐαίως
1779 1850 1958 1922 όρίσαι

384 1942 561 2012 δηλοῖ·
627 1944 720 1995 καὶ
764 1942 825 1995 τὸ
869 1962 887 1993 ι
914 1943 1149 2012 ὀμόσαι»
1197 1943 1445 1996 τουτέστι
1495 1944 1555 1995 τὸ
1607 1941 1960 2013 ἀμεταθέτως

385 2034 541 2087 τοῦτο
571 2034 886 2105 προθέσθαι,
910 2036 1004 2088 καὶ
1032 2036 1383 2107 ἀπαράϐατον
1408 2035 1693 2105 φυλάττειν
1716 2034 1776 2088 τδ
1800 2035 1959 2106 ἔργον

383 2125 477 2178 τοῦ
504 2126 666 2195 ὅρκου
702 2126 836 2194 μετὰ
866 2125 1205 2195 βεϐαιώσεως
1232 2126 1570 2198 προελέσθαι.

461 2215 535 2268 Τὰ
581 2215 829 2269 ἑκούσια
866 2218 972 2271 τοῦ
1011 2220 1308 2287 στόματός
1336 2236 1455 2287 μου
1488 2217 1830 2286 εὐδόκησον
1856 2218 1955 2286 δὴ,

385 2310 580 2376 Κύριε,
624 2310 720 2362 καὶ
756 2309 826 2363 τὰ
869 2310 1122 2380 κρίματά
1159 2326 1275 2365 σου
1322 2311 1572 2375 δίδαξόν
1602 2328 1698 2380 με,
1746 2329 1799 2364 κ.
1829 2330 1879 2365 τ.
1909 2314 1955 2366 ἐ.

385 2402 519 2473 Περὶ
552 2394 625 2455 ὧν
681 2403 741 2454 οὑ
786 2402 1147 2474 διετάχθημεν
1198 2407 1411 2466 ποιεῖν,
1462 2402 1598 2456 ἀλλά
1645 2404 1959 2474 προαιρέσει

386 2490 667 2561 ποιοῦμεν,
699 2490 871 2545 ταῦτά
900 2510 1061 2563 φησιν
1095 2492 1313 2545 ἑκούσια
1355 2490 1450 2544 τοῦ
1490 2490 1755 2561 στόματος
1780 2490 1955 2561 ἡμῶν·

384 2578 514 2645 οἷον,
548 2585 595 2635 εί
625 2583 916 2655 παρθενίαν
947 2585 1191 2655 ἀσκήσω,
1223 2584 1287 2654 ἢν
1316 2584 1377 2636 ού
1432 2581 1809 2654 προσετάχθην
1841 2582 1961 2634 οὐδὲ

384 2673 708 2744 ἐκελεύσθην
735 2716 748 2738 ,
784 2675 897 2729 ἀλλ’
942 2676 1204 2738 ἑκουσίως
1238 2673 1395 2727 τοῦτο
1441 2676 1663 2744 ποιῆσαι
1709 2676 1961 2743 κρεῖσσον

383 2767 665 2838 αἱροῦμαι.
689 2768 858 2821 Τοῦτο
890 2764 981 2822 οῦν
1018 2768 1329 2838 εὐδόκησον,
1360 2768 1554 2837 Κύριε.
1590 2765 1701 2819 Καὶ
1735 2766 1827 2818 ἐπὶ
1864 2761 1959 2818 ἄλ-

384 2859 492 2913 λων
520 2860 575 2912 δέ
601 2861 800 2931 ὁμοίως
847 2860 954 2913 τῶν
1003 2860 1143 2913 κατὰ
1174 2860 1263 2912 τὸν
1296 2859 1408 2928 βίον
1437 2858 1593 2928 ήμῶν
1619 2855 1842 2910 τοιαῦτα
1871 2857 1956 2911 εὐ-

389 2950 649 3020 ρήσομεν,
684 2942 757 3001 ὧν
784 2950 904 3001 τινὰ
940 2950 1036 3018 μὲν
1077 2949 1338 3018 ποιοῦμεν
1386 2947 1462 3011 ὡς
1498 2946 1958 3017 προστεταγμένοι

382 3040 578 3103 δοῦλοι,
601 3039 722 3093 τι.νά
754 3040 810 3092 δὲ
846 3039 1155 3109 πράττομεν
1185 3039 1462 3101 ἑκουσίως.

470 3132 533 3187 Ἡ
552 3130 720 3201 ψυχή
746 3149 864 3199 μου
896 3132 965 3184 ἐν
993 3131 1123 3197 ταῖς
1148 3132 1321 3199 χερσί
1342 3148 1457 3185 σου
1472 3132 1816 3197 διαπαντὸς,
1854 3132 1952 3184 καί
1981 3150 2023 3206 c

381 3222 489 3276 τοῦ
526 3226 715 3291 νόμου
743 3240 857 3277 σου
881 3225 990 3276 οὐκ
1022 3225 1418 3292 ἐπελαθόμην,
1451 3242 1505 3277 κ.
1537 3242 1587 3280 τ.
1621 3226 1666 3276 ἐ.
1695 3225 1957 3295 Ζητήσεις

384 3313 501 3375 πῶς
533 3316 564 3384 ή
591 3314 734 3384 ψυχὴ
767 3312 860 3366 τοῦ
895 3313 1053 3367 Δαυῒδ
1096 3316 1152 3366 ἐν
1194 3318 1312 3378 ταῖς
1356 3315 1512 3386 χερσὶ
1547 3315 1641 3370 τοῦ
1673 3314 1807 3368 Θεοῦ
1839 3315 1955 3368 δια-

384 3405 586 3467 παντός
606 3421 619 3433 “
654 3405 880 3477 πότερον
912 3407 986 3469 ὡς
1016 3408 1073 3458 ἐν
1098 3406 1408 3479 δικαιοσύνῃ
1428 3448 1442 3471 ,
1474 3408 1507 3477 ἢ
1540 3407 1615 3470 ὡς
1651 3410 1707 3460 ἐν
1738 3406 1951 3474 γνώσει.

382 3495 493 3547 Καὶ
525 3494 665 3565 τάχα
708 3495 768 3547 τὸ
810 3497 1112 3567 πρότερον·
1151 3496 1395 3565 ἀγγέλων
1425 3498 1523 3567 μὲν
1568 3498 1675 3568 γάρ
1731 3499 1845 3550 ἐστι
1897 3499 1958 3551 τὸ

380 3586 669 3649 διαπαντὸς
719 3587 935 3657 βλέπειν
973 3587 1033 3639 τὸ
1079 3588 1366 3659 πρόσωπον
1394 3588 1486 3640 τοῦ
1519 3587 1675 3651 Θεοῦ,
1710 3590 1956 3642 τουτέστι

380 3680 480 3750 τὴν
514 3680 744 3751 θεωρίαν
787 3682 983 3745 αὑτοῦ,
1042 3681 1345 3753 ἀνθρώπων
1378 3682 1435 3735 δὲ
1470 3683 1531 3736 τὸ
1560 3682 1815 3737 δύνασθαι
1845 3683 1959 3735 δια-

383 3770 582 3832 παντὸς
612 3770 1019 3843 δικαιοπραγεῖν
1064 3774 1185 3825 κατ’
1225 3775 1523 3844 ἐνέργειαν·
1560 3776 1696 3846 ὅπερ
1750 3776 1868 3829 ἐστὶ
1899 3775 1960 3829 τὸ

381 3857 521 3915 εἶναι
552 3864 609 3914 ἐν
658 3867 776 3925 ταῖς
815 3864 969 3934 χερσὶ
1012 3864 1106 3916 τοῦ
1140 3864 1295 3917 Θεοῦ·
1333 3868 1365 3935 ή
1400 3866 1508 3937 γὰρ
1544 3867 1684 3920 κατά
1721 3866 1958 3921 διάνοιαν

380 3954 764 4024 δικαιοπραγία
801 3955 945 4025 μόνῳ
978 3955 1186 4024 προσῆν
1220 3955 1297 4026 τῷ
1336 3958 1575 4027 Χριστῷ,
1606 3958 1664 4020 ὃς
1689 3960 1957 4028 ἁμαρτίαν

380 4045 479 4097 οὐκ
509 4045 751 4114 ἐποίησε,
775 4044 1011 4114 δηλονότι
1033 4045 1153 4096 κατ’
1186 4045 1483 4116 ἐνέργειαν,
1512 4047 1605 4099 καὶ
1631 4046 1725 4114 οὐχ
1758 4045 1953 4116 εὑρέθη

379 4133 529 4196 δόλος
560 4136 616 4186 ἐν
653 4133 730 4203 τῷ
768 4135 992 4204 στόματι
1045 4133 1208 4187 αὐτοῦ
1233 4151 1245 4163 ·
1290 4136 1491 4203 σαφὲς,
1540 4135 1622 4187 ὄτι
1666 4134 1805 4187 κατὰ
1843 4135 1956 4187 διά-

382 4242 549 4289 νοιαν,
588 4226 679 4292 ἀφ’
722 4215 791 4294 ἦς
819 4225 1172 4296 προέρχονται
1205 4226 1272 4278 τὰ
1304 4225 1533 4297 περιττά
1572 4226 1672 4296 τῆς
1706 4227 1950 4297 καρδίας.

384 4314 492 4384 Τὴν
524 4314 702 4384 ψυχήν
741 4316 836 4385 μοὺ
878 4328 960 4367 σοι
994 4314 1280 4385 ἐγχειρίζω
1334 4315 1561 4367 πάντοτε
1582 4355 1596 4379 ,
1629 4316 1687 4367 σὲ
1720 4318 1954 4389 φρουρὸν

384 4406 642 4475 ποιοῦμαι
678 4408 771 4460 καὶ
803 4407 1215 4477 ὑπερασπιστὴν
1240 4407 1357 4477 ,καὶ
1386 4406 1723 4478 κυϐερνήτην
1757 4410 1947 4479 αὐτῆς·

383 4498 477 4549 καὶ
500 4497 586 4550 διὰ
615 4495 772 4548 τοῦτο
797 4494 890 4548 τοῦ
915 4496 1080 4564 νόμου
1116 4511 1209 4547 σου
1239 4496 1339 4548 οὐκ
1360 4496 1725 4566 ἐπελαθόμην,
1756 4498 1841 4550 ἵνα
1876 4499 1948 4569 μὴ

381 4587 659 4641 ἀποπέσω.
696 4587 810 4650 Πᾶς
850 4586 878 4637 6
910 4585 1125 4648 ἀναθεὶς
1156 4587 1343 4639 ἑαυτὸν
1372 4587 1451 4657 τῷ
1482 4587 1619 4657 Θεῷ,
1649 4587 1746 4658 τὴν
1773 4588 1950 4658 ψυχὴν

382 4676 545 4731 αὑτοῦ
581 4678 935 4749 παρατίθεται
974 4679 1053 4741 εἰς
1096 4677 1191 4740 τὰς
1223 4680 1408 4749 χεῖρας
1430 4678 1613 4743 αὐτοῦ,
1644 4679 1826 4743 καθὼς
1857 4682 1951 4733 καὶ

380 4769 614 4841 ἀλλαχοῦ
667 4765 843 4823 εἶπεν·
900 4788 919 4820 t
960 4770 1081 4824 Ὅτι
1115 4772 1179 4823 σὺ
1222 4767 1271 4823 εἷ
1302 4772 1330 4823 6
1364 4770 1777 4841 ύπερασπιστής
1824 4789 1946 4842 μου,

381 4859 574 4932 Κύριε,
609 4862 687 4924 εἰς
718 4861 905 4931 χεῖράς
937 4878 1031 4914 σου
1065 4860 1450 4932 παραθήσομαι
1468 4861 1528 4913 τὸ
1550 4862 1768 4931 πνεῦμά
1791 4880 1944 4933 μου.»

381 4955 446 5008 Εἰ
474 4954 530 5009 δὲ
568 4952 777 5025 μερίζει
822 4953 1011 5006 ἑαυτὸν
1039 4954 1119 5016 είς
1149 4954 1339 5023 ἡδονὰς
1366 4955 1458 5007 καὶ
1489 4953 1632 5024 πάθη
1665 4955 1951 5025 σωματικά

381 5047 478 5099 καὶ
508 5044 792 5117 φροντίδας
828 5044 1117 5115 βιωτικάς,
1153 5046 1213 5097 οὐ
1250 5045 1602 5115 παρατίθεται
1634 5045 1733 5117 τὴν
1774 5047 1949 5117 ψυχὴν

383 5137 546 5191 αὑτοῦ
576 5141 656 5201 είς
691 5140 875 5209 χεῖρας
909 5136 1065 5189 Θεοῦ.

352 5230 355 5233 λ
460 5226 570 5280 Τοῦ
605 5226 810 5279 αὑτοῦ.
860 5226 916 5278 Ὀ
959 5225 1015 5278 δὲ
1052 5224 1281 5288 Ἀκύλας
1311 5225 1469 5279 οὕτω
1507 5244 1525 5276 t
1566 5226 1725 5295 Ψυχή
1759 5241 1859 5295 μου
1891 5228 1949 5279 ἐν

382 5318 566 5389 ταρσῷ
591 5336 689 5389 μου
715 5316 1003 5387 ἐνδελεχῶς
1023 5317 1114 5369 καὶ
1133 5317 1414 5386 διηνεκῶς,
1441 5317 1533 5370 καὶ
1556 5318 1718 5387 νόμου
1739 5334 1832 5369 σου
1848 5317 1948 5369 οὐκ

384 5408 743 5479 ἐπελαθόμηψ
784 5428 801 5459 ι
827 5410 856 5460 6
891 5408 946 5461 δὲ
992 5407 1301 5478 Σύμμαχος·
1343 5426 1360 5457 ι
1411 5408 1474 5459 Ἦ
1505 5408 1649 5479 ψυχή
1683 5425 1781 5477 μου
1812 5407 1947 5477 μετά

382 5498 570 5572 χεῖράς
606 5516 706 5567 μου
756 5498 1061 5560 διαπαντός
1107 5518 1125 5549 ι
1160 5500 1191 5567 ἡ
1223 5497 1277 5550 δὲ
1305 5498 1528 5568 πέμπτη
1576 5498 1777 5567 ὁμοίως
1837 5500 1947 5560 τοῖς

394 5591 818 5659 Ἐϐδομήκοντα.

2066 559 2154 612 tia:
2196 567 2322 624 tua’,
2353 568 2458 614 etc.
2486 558 2710 615 Consilii
2753 560 3249 618 immutabilitatem
3269 564 3638 634 jut'antenttnn

2066 649 2375 718 appellavit.

2138 744 2410 811 Ejusdem.
2437 744 2574 809 Quid
2603 744 2702 799 sibi
2727 746 2828 801 hoc
2862 747 2978 802 loco
3000 749 3149 815 velit,
3184 770 3202 802 σ
3222 752 3419 820 juravi,
3447 775 3465 806 ι
3494 772 3640 824 qure-

2068 837 2292 889 rendum
2313 843 2412 889 est.
2440 854 2457 887 ι
2482 837 2754 904 Disposuit
2774 847 3152 895 testamentum
3175 844 3361 899 electis
3389 848 3500 901 suis
3523 848 3586 902 “.
3615 870 3634 902 ο

2064 924 2237 993 Atque
2289 925 2391 979 hoc
2426 934 2825 993 testamentum,
2860 928 2968 983 Deo
3003 930 3131 985 illud
3166 933 3351 989 electis
3380 914 3491 993 suis
3523 941 3634 992 dis-

2064 1027 2315 1085 ponente,
2345 1018 2517 1072 ﬁdelis
2538 1019 2793 1089 suscepit,
2826 1028 2987 1089 atque
3010 1021 3337 1089 iuramentis
3378 1030 3637 1097 quodam-

2065 1110 2223 1162 modo
2244 1124 2303 1164 se
2331 1109 2439 1163 Deo
2459 1113 2750 1167 obstrinxit
2776 1116 3072 1184 suscipiens
3097 1128 3475 1176 testamentum
3498 1123 3634 1192 ejus,

2066 1207 2124 1251 ut
2153 1208 2418 1256 statueret
2442 1210 2497 1255 et
2520 1204 3039 1274 custodiretjudicia
3061 1207 3288 1276 justitice
3323 1211 3482 1266 illius.
3508 1214 3632 1270 Sta-

2066 1299 2177 1353 tuo,
2212 1291 2406 1360 inquit,
2439 1291 2528 1345 illa
2554 1294 2749 1349 animat
2780 1311 2952 1350 mea}:
2992 1311 3046 1353 et
3079 1314 3202 1354 cum
3234 1301 3325 1356 illa
3354 1312 3631 1369 statuero,

2064 1378 2121 1432 ﬁt
2165 1379 2294 1433 illud
2328 1382 2471 1449 quod
2521 1383 2660 1452 apud
2697 1383 3040 1442 Salomonem
3086 1390 3140 1443 in
3193 1389 3506 1449 Proverbiis
3548 1397 3633 1449 di-

2062 1481 2209 1525 ctum
2246 1481 2330 1526 est
2357 1472 2441 1527 “:
2479 1490 2499 1525 ι
2531 1473 2903 1544 Cogitationes
2927 1478 3197 1548 justorum
3222 1482 3448 1550 judicia.
3481 1505 3498 1537 ι
3540 1486 3632 1541 Illa

2068 1580 2087 1612 ι
2109 1562 2310 1631 judicia
2333 1582 2351 1616 ι
2395 1575 2518 1621 sunt
2565 1586 2583 1618 ι
2606 1569 2830 1638 justitia:
2860 1589 2877 1621 ι
2918 1571 3050 1627 Dei:
3092 1582 3219 1629 tunc
3250 1588 3429 1631 autem
3460 1578 3630 1645 ﬁunt,

2061 1654 2275 1721 quando
2312 1654 2490 1721 juravi
2538 1666 2592 1711 et
2639 1658 2801 1711 statui
2838 1658 2928 1713 illa
2978 1660 3030 1714 in
3080 1665 3421 1734 memetipso.
3464 1665 3636 1722 Porro

2067 1762 2085 1794 ‹
2120 1752 2356 1800 statuere
2387 1765 2405 1798 ι
2442 1749 2543 1803 hoc
2574 1748 2695 1805 loco
2726 1750 2999 1819 signiﬁcat
3032 1752 3259 1808 ﬁrmiter
3305 1759 3631 1823 decernere;

2061 1844 2116 1889 et
2165 1855 2182 1886 ι
2211 1835 2397 1904 jurare
2426 1858 2445 1889 ι
2490 1840 2627 1895 idem
2668 1851 2750 1896 est
2788 1858 2853 1898 ac
2890 1843 3301 1901 immutabiliter
3351 1848 3478 1902 illud
3511 1865 3638 1919 pro-

2060 1941 2279 1995 ponere,
2296 1939 2351 1983 et
2372 1945 2505 2000 opus
2518 1930 2871 2001 jurisjurandi
2895 1951 3017 1990 cum
3038 1937 3450 1993 conﬁrmatione
3468 1942 3635 1998 invio-

2059 2020 2227 2076 latum
2262 2037 2480 2080 servare
2516 2026 2672 2081 velle.

2118 2204 2295 2281 _\'sss.
2341 2206 2465 2263 108.
2525 2206 2841 2262 Voluntaria
2877 2210 2984 2262 oris
3032 2211 3133 2264 mei
3177 2212 3493 2281 beneplacita
3524 2216 3631 2284 fac,

2058 2299 2282 2355 Domine
2306 2340 2322 2365 ,
2357 2311 2401 2353 et
2430 2301 2637 2369 judicia
2675 2309 2766 2353 tua
2794 2302 2920 2355 doce
2952 2319 3033 2355 me
3054 2341 3069 2366 ,
3101 2313 3208 2360 etc.
3238 2304 3371 2370 Quae
3399 2321 3505 2360 non
3540 2322 3634 2361 su-

2060 2408 2179 2446 mus
2203 2392 2341 2459 jussi
2376 2392 2582 2456 facere,
2616 2392 2707 2446 sed
2737 2392 2905 2446 libera
2938 2393 3219 2450 voluntate
3248 2396 3478 2452 facimus
3503 2438 3518 2462 ,
3566 2414 3629 2453 ea

2060 2481 2293 2549 appellat
2326 2480 2630 2535 voluntaria
2664 2481 2777 2535 oris
2811 2483 3016 2536 nostri:
3047 2483 3191 2537 verbi
3217 2487 3411 2555 gratia,
3446 2488 3489 2541 si
3523 2490 3633 2542 vir-

2061 2571 2341 2640 ginitatem
2375 2571 2595 2626 coluero
2622 2610 2638 2637 ,
2672 2574 2801 2642 'qure
2834 2575 2963 2628 mihi
3019 2590 3196 2645 neque
3234 2589 3498 2648 praacepta
3536 2596 3635 2635 ne-

2061 2678 2169 2732 que
2212 2664 2363 2734 jussa
2398 2673 2515 2730 est,
2552 2666 2647 2719 sed
2680 2676 2871 2734 sponte
2897 2668 2998 2722 hoc
3038 2671 3217 2725 facere
3246 2672 3439 2728 melius
3470 2673 3634 2744 eligo.

2064 2753 2178 2808 Hoc
2220 2755 2385 2824 igitur
2416 2756 2813 2825 beneplacitum
2865 2758 2952 2813 fac
2984 2799 2999 2823 ,
3036 2759 3281 2816 Domine.
3317 2762 3410 2817 Sic
3442 2774 3496 2817 et
3530 2766 3639 2821 alia

2062 2846 2375 2901 istiusmodi
2419 2848 2471 2901 in
2506 2848 2618 2901 vita
2648 2860 2833 2903 nostra
2870 2853 3224 2920 reperiemus,
3257 2871 3483 2924 quorum
3531 2858 3633 2911 ali-

2060 2952 2165 3005 qua
2196 2937 2413 3005 quidem
2446 2937 2585 3006 jussi
2625 2939 2772 2993 velut
2802 2943 2945 2995 servi
2985 2942 3216 2999 facimus
3241 2984 3256 3009 ,
3290 2946 3469 3015 aliqua
3504 2964 3629 3004 vero

2062 3026 2293 3082 facimus
2344 3029 2534 3084 libere.

2132 3115 2293 3173 Vsus.
2324 3118 2446 3175 109.
2480 3121 2670 3175 Anima
2698 3138 2813 3176 mea
2842 3124 2898 3177 in
2926 3126 3169 3180 manibus
3202 3129 3306 3182 tuis
3331 3146 3550 3199 semper,
3581 3145 3631 3188 et

2059 3210 2221 3281 legem
2260 3223 2406 3265 luam
2444 3230 2545 3267 non
2573 3231 2687 3268 sum
2718 3216 2932 3282 oblitus,
2964 3228 3073 3273 etc.
3108 3219 3328 3285 Quaeres
3360 3229 3632 3293 quomodo

2060 3303 2241 3356 anima
2279 3303 2496 3359 Davidis
2536 3305 2588 3358 in
2632 3307 2881 3362 manibus
2914 3308 3007 3364 Dei
3044 3308 3207 3367 fuerit
3251 3328 3508 3383 semper:
3560 3334 3627 3371 an

2061 3401 2316 3463 tanquam
2352 3395 2404 3450 in
2428 3395 2639 3465 justitia
2666 3437 2681 3460 ,
2714 3398 2799 3451 vel
2830 3406 3084 3466 tanquam
3122 3403 3173 3456 in
3200 3408 3529 3474 cognitione.
3565 3411 3631 3463 Et

2059 3484 2199 3539 forte
2227 3486 2394 3553 priori
2430 3487 2627 3542 modo:
2676 3502 2801 3540 nam
2840 3492 3156 3558 angelorum
3191 3478 3278 3549 εει
3305 3512 3519 3566 semper
3548 3501 3626 3552 vi-

2060 3575 2188 3629 dere
2212 3575 2405 3630 faciem
2438 3577 2553 3642 Dei,
2585 3579 2688 3634 hoc
2716 3590 2799 3634 est
2830 3581 3028 3636 habere
3058 3583 3200 3639 illius
3224 3589 3631 3658 contemplatio-

2060 3681 2220 3731 nem;
2273 3668 2549 3721 hominum
2596 3683 2726 3723 vero
2784 3685 2941 3739 posse
2990 3688 3204 3743 semper
3241 3680 3381 3747 quod
3423 3680 3629 3748 justum

2059 3768 2145 3811 est
2187 3759 2479 3814 eﬁicaciter
2528 3762 2741 3829 operari
2775 3780 2788 3815 :
2827 3765 2969 3833 quod
3011 3774 3097 3819 est
3135 3765 3187 3819 in
3238 3770 3485 3824 manibus
3536 3772 3629 3827 Dei

2060 3862 2216 3904 csse:
2273 3866 2397 3905 nam
2430 3863 2608 3907 mente
2645 3863 2793 3909 recte
2840 3870 3003 3924 agere
3052 3857 3221 3913 solius
3248 3870 3365 3913 erat
3406 3861 3629 3929 Christi,

2058 3941 2149 4008 qui
2179 3951 2459 4009 peccatum
2490 3957 2595 3996 non
2620 3942 2769 4006 fecit,
2803 3943 3054 4000 videlicet
3083 3958 3227 4015 actu,
3258 3966 3357 4005 nec
3381 3953 3634 4009 inventus

2056 4041 2139 4085 est
2168 4031 2321 4086 dolus
2352 4032 2405 4085 iu
2435 4046 2531 4086 ore
2556 4034 2674 4103 ejus
2700 4034 2767 4100 δ’,
2795 4036 3051 4090 nimirum
3081 4050 3281 4108 mente,
3310 4056 3338 4094 a
3364 4058 3469 4110 qua
3507 4062 3632 4115 pro—

2057 4124 2254 4177 cedunt
2288 4126 2555 4194 superflua
2601 4127 2802 4183 cordis.
2851 4129 3104 4183 Animam
3135 4147 3308 4186 meam
3345 4135 3441 4190 tibi
3479 4153 3615 4192 com-

2056 4214 2212 4267 mitto
2257 4230 2495 4285 sempcr,
2534 4228 2587 4272 te
2616 4220 2914 4285 custodem,
2945 4229 3306 4289 protectorem
3336 4240 3401 4280 ac
3430 4226 3632 4294 guber-

2057 4316 2301 4362 natorem
2329 4310 2497 4381 δυο
2522 4310 2664 4367 illius
2688 4312 2851 4378 facio,
2879 4323 2934 4367 et
2959 4327 3241 4384 propterea
3272 4317 3443 4385 legem
3476 4329 3624 4374 tuam

2057 4413 2159 4452 nou
2186 4415 2302 4452 sum
2331 4402 2551 4468 oblitus,
2580 4418 2648 4459 ne
2674 4404 2883 4458 cadam.
2910 4404 3100 4461 Omnis
3128 4408 3217 4475 qui
3244 4409 3477 4478 seipsum
3514 4408 3625 4464 Deo

1985 4481 2028 4533 Ι)
2058 4488 2277 4551 addicit,
2300 4490 2534 4545 animam
2549 4504 2703 4547 suam
2732 4495 2785 4550 in
2813 4496 3063 4551 manibus
3086 4496 3204 4565 ejus
3224 4499 3410 4564 tradit,
3439 4514 3624 4569 quem—

2059 4577 2343 4632 admodum
2402 4590 2455 4635 et
2514 4582 2641 4637 alibi
2670 4582 2716 4617 ⁸⁸
2742 4586 2873 4640 dicit
2908 4602 2923 4639 :
2959 4606 2977 4637 ιι
3011 4588 3275 4653 Quoniam
3315 4599 3369 4644 tu
3406 4605 3465 4646 es
3495 4607 3625 4661 pro-

2056 4676 2231 4723 tector
2276 4686 2426 4727 meus
2451 4713 2465 4738 ,
2504 4674 2768 4742 Domine,
2806 4676 2859 4731 iu
2912 4694 3107 4734 manus
3156 4691 3277 4736 tuas
3305 4686 3629 4739 commendo

2057 4759 2305 4829 spiritum
2335 4778 2534 4818 meum.
2570 4783 2589 4817 ι
2633 4764 2688 4819 Si
2726 4776 2904 4822 autem
2939 4770 3177 4839 seipsum
3223 4774 3420 4842 partim
3464 4776 3627 4833 tradit

2058 4853 2428 4922 voluptatibus
2479 4867 2535 4912 et
2587 4856 2871 4917 affectibus
2925 4862 3202 4933 corporeis
3247 4874 3412 4935 atque
3462 4866 3625 4937 hujus

2057 4946 2179 4999 vita:
2208 4948 2376 5013 curis,
2410 4964 2513 5004 nou
2542 4955 2888 5009 commendat
2908 4954 3147 5011 animam
3171 4971 3323 5013 suam
3349 4958 3406 5014 in
3433 4975 3626 5015 manus

2058 5036 2172 5093 Dei.

2115 5222 2385 5291 Ejusdem.
2416 5226 2605 5294 Aquila
2631 5226 2710 5282 sic
2737 5230 2899 5283 vertit
2929 5246 3000 5287 υ
3028 5231 3224 5286 Anima
3251 5247 3366 5287 mea
3404 5234 3456 5286 in
3497 5234 3615 5287 vola

2046 5328 2164 5368 mea
2198 5316 2567 5372 indesinenter
2601 5330 2655 5373 et
2684 5333 2964 5390 perpetuo,
3009 5334 3063 5377 et
3100 5324 3269 5394 legem
3322 5335 3465 5380 tuam
3510 5341 3617 5379 non

2044 5421 2163 5461 sum
2197 5408 2414 5462 oblitus.
2443 5428 2460 5460 ι
2489 5411 2846 5480 Symmachus
2882 5430 2896 5466 :
2931 5431 2950 5464 ι
2975 5414 3166 5469 Anima
3196 5429 3312 5468 mea
3347 5424 3470 5484 post
3503 5430 3616 5468 ma-

2046 5512 2148 5551 nus
2183 5512 2332 5551 meas
2389 5513 2637 5568 semper;
2669 5520 2687 5552 ›
2736 5502 2923 5570 quinta
2982 5512 3164 5558 autem
3211 5504 3379 5558 editio
3427 5504 3616 5559 eodem

2046 5588 2206 5641 modo
2241 5603 2305 5643 ae
2347 5590 2703 5663 Septuaginta
2737 5593 3082 5663 interpretes.

454 5770 498 5801 "
528 5767 667 5821 Pnal.
700 5780 958 5827 unvm,
991 5765 1041 5817 ι.
1116 5766 1162 5796 ⁸⁸
1193 5765 1353 5819 Prov.
1385 5782 1482 5833 xu,
1514 5767 1566 5821 5.
1646 5768 1688 5799 ⁸⁷
1718 5766 1734 5821 Ι
1760 5767 1900 5823 Petr.
1937 5783 1951 5821 ι

2058 5765 2116 5818 “.2.
2199 5766 2243 5798 ⁸⁸
2275 5766 2417 5822 Psal.
2448 5784 2571 5833 xxx,
2603 5768 2655 5833 5,
2687 5770 2739 5823 6.

744 5858 1012 5924 Ριτιιοιν.
1054 5858 1170 5917 Gn.
1220 5857 1359 5919 XII.
