4106 6396
475 325 604 379 1611

549 441 704 495 Vens.
748 438 871 493 110.
913 437 1208 492 Posuerunt
1241 445 1538 506 peccatores
1560 436 1804 508 laqueum
1831 436 1978 501 mihi,
2003 448 2048 491 et
2079 440 2126 496 Α

474 538 538 584 rte
568 529 836 585 mandatis
876 529 980 582 tuis
1004 544 1106 581 non
1141 526 1337 593 erravi,
1379 535 1484 582 etc.
1533 527 1852 584 Peccatores
1890 529 2052 599 justis

477 623 736 690 plurimos
773 621 1062 690 variosque
1094 617 1316 688 laqueos
1346 628 1559 686 texunt,
1617 621 1781 675 veluti
1817 621 2054 691 Josepho

477 715 672 768 mulier
702 711 950 783 Egyptia
985 711 1324 780 fratresque;
1367 712 1572 767 Danieli
1618 715 1668 766 hi
1703 714 1795 784 qui
1825 729 1856 768 a
1895 714 2054 768 Dario

475 815 796 874 potestatem
839 812 1203 873 acceperant;
1264 805 1358 859 sed
1417 805 1642 858 minime
1697 820 1727 858 a
1784 806 2055 861 mandatis

481 899 573 952 Dei
623 899 952 952 aberrarunt
986 917 998 953 :
1031 907 1368 968 quapropter
1437 897 1646 966 laqueis
1706 897 2053 955 sublimiores

474 988 710 1041 fuerunt.

546 1081 708 1136 Vens.
763 1081 884 1134 111.
949 1077 1273 1134 Ηωνεᾱίιαιε
1312 1077 1567 1147 acquisiui
1605 1077 1908 1132 testimonia
1959 1083 2052 1130 tua

475 1175 531 1226 in
562 1183 838 1236 mternum,
893 1171 1018 1242 quia
1071 1170 1356 1225 exsultatio
1390 1169 1567 1223 cordis
1610 1169 1714 1224 mei
1749 1180 1892 1235 sunt,
1943 1180 2046 1224 etc.

473 1262 578 1329 Qui
617 1263 885 1317 mandatis
920 1260 1015 1317 Dei
1053 1259 1417 1323 delectantur,
1463 1267 1517 1313 et
1548 1257 1750 1327 justam
1781 1261 2050 1312 actionem

476 1353 904 1424 amplectuntur,
982 1353 1040 1408 hi
1108 1367 1325 1424 semper
1384 1353 1700 1408 haereditate
1767 1352 2052 1421 acquirunt

479 1445 798 1501 testimonia
832 1447 972 1511 elus.
1020 1443 1095 1499 Ea
1127 1443 1394 1514 siquidem
1425 1457 1534 1512 pra:
1560 1441 1812 1498 omnibus
1842 1457 1962 1512 quae
1994 1442 2046 1496 in

478 1537 684 1591 mundo
714 1544 842 1592 sunt
871 1536 923 1590 in
955 1544 1158 1591 sortem
1189 1551 1254 1588 ac
1285 1534 1587 1604 portionem
1619 1533 1886 1599 obtinent,
1918 1542 1972 1588 et
2003 1533 2046 1587 si

475 1629 604 1698 quid
635 1637 858 1697 propter
887 1627 974 1683 illa
1001 1628 1246 1696 perpessi
1277 1626 1504 1692 fuerint,
1532 1626 1803 1681 laetantur.

550 1718 710 1772 Vens.
746 1718 867 1772 “2.
901 1715 1161 1773 Inclinavi
1189 1735 1280 1772 cor
1305 1733 1475 1772 meum
1500 1717 1570 1770 ad
1591 1716 1861 1786 faciendas
1877 1717 2045 1787 justi-

474 1810 747 1876 [irationes
769 1817 885 1861 luas
913 1807 969 1861 in
993 1817 1245 1861 aeternum
1273 1815 1484 1874 propter
1506 1806 1920 1872 retributionem,
1943 1814 2046 1861 etc.

478 1899 755 1965 Inclinavi,
783 1899 907 1968 quia
943 1899 1182 1954 sciebam
1219 1898 1513 1968 repositam
1556 1898 1684 1952 mihi
1719 1913 1840 1954 esse
1887 1898 2048 1953 retri-

475 1992 775 2056 butionem,
810 1990 953 2059 quod
982 1999 1064 2044 est
1097 2005 1324 2060 regnum
1352 1990 1444 2045 Dei
1478 2007 1492 2044 :
1524 2006 1543 2041 ι
1569 1988 1698 2056 Quae
1724 1989 1912 2045 oculus
1943 2003 2048 2044 non

473 2081 628 2148 vidit,
659 2090 760 2136 nec
788 2079 940 2134 auris
973 2082 1202 2142 audivit,
1235 2094 1336 2135 nec
1372 2079 1428 2134 in
1471 2094 1567 2136 cor
1596 2079 1835 2136 hominis
1861 2095 2051 2136 ascen-

472 2173 573 2236 dit,
605 2186 726 2241 quas
753 2171 1082 2241 praeparavit
1113 2170 1256 2225 Deus
1291 2168 1636 2240 diligentibus
1668 2184 1728 2226 se
1756 2169 1822 2224 δ’.
1867 2188 1887 2222 ι

543 2261 818 2333 Ejusdem.
907 2260 1215 2316 Rctrihutio
1270 2259 1762 2329 justiﬁeationum,
1813 2262 2048 2333 cognitio

474 2355 690 2411 illarum
714 2365 822 2409 est.

547 2446 708 2504 Vsus.
760 2445 880 2500 H3.
919 2443 1142 2516 Iniquus
1182 2446 1305 2500 odio
1353 2446 1518 2499 habui
1543 2487 1556 2510 ,
1601 2454 1651 2501 et
1693 2448 1858 2517 legem
1902 2457 2046 2501 tuam

469 2537 654 2602 dilexi,
713 2546 824 2592 etc.
885 2536 1129 2606 Iniquus,
1187 2545 1458 2605 quatenus
1510 2537 1729 2606 iniquus
1771 2546 1872 2602 est,
1923 2539 2048 2593 odio

472 2627 700 2681 habetur
728 2644 743 2691 ;
794 2634 1066 2696 quatenus
1105 2635 1284 2680 autem
1321 2627 1498 2696 imago
1523 2639 1579 2682 et
1607 2627 1922 2696 ﬁgmentum
1955 2628 2046 2683 Dei

469 2725 575 2782 est,
625 2716 886 2787 diligitur.
945 2715 1060 2770 Sub
1120 2716 1222 2771 hoc
1275 2718 1440 2786 igitur
1499 2717 1740 2773 secundo
1799 2729 2046 2788 respectu

469 2809 638 2862 etiam
665 2809 731 2861 ad
755 2822 850 2863 eos
883 2806 975 2877 qui
1004 2820 1226 2863 carcere
1270 2809 1585 2863 detinentur
1606 2809 1864 2866 accedere
1885 2810 2047 2880 jube-

470 2915 592 2953 tnur
625 2909 683 2955 et
713 2899 869 2954 malis
894 2899 1236 2955 benefacere.
1291 2898 1476 2955 Potest
1519 2909 1706 2956 autem
1738 2901 1908 2957 David
1945 2903 2047 2957 hoc

470 2989 588 3044 loco
622 2989 841 3060 iniquos
873 2989 1058 3046 dicere
1103 3002 1389 3046 sermones
1439 2999 1493 3044 et
1543 2990 1692 3060 leges
1735 3005 1876 3061 quas
1921 2991 2046 3047 odio

465 3079 681 3135 habuit.

540 3171 820 3242 Ejusdem.
882 3169 1000 3226 Non
1059 3171 1185 3226 odio
1243 3170 1433 3227 habuit
1481 3173 1698 3242 iniquos
1741 3173 2043 3231 homines:

469 3280 594 3320 nam
629 3278 699 3319 ex
728 3263 848 3334 ejus
872 3249 982 3318 vita
1010 3263 1179 3332 liquet
1223 3265 1273 3318 ei
1315 3279 1420 3320 non
1471 3264 1638 3320 fuisse
1669 3267 1795 3322 odio
1829 3266 2048 3337 iniquos

470 3356 719 3412 homines
752 3372 767 3411 :
801 3368 978 3425 neque
1007 3355 1152 3409 enim
1185 3356 1509 3425 parricidam
1557 3352 1877 3413 Abessalom
1919 3359 2047 3413 odio

471 3451 681 3515 habuit,
732 3463 908 3520 neque
955 3449 1173 3510 Saitlem
1213 3448 1302 3515 qui
1363 3448 1543 3502 varias
1587 3447 1776 3502 Davidi
1819 3447 2047 3502 insidias

468 3550 744 3597 struxerat
793 3548 849 3596 et
897 3539 964 3594 de
1007 3555 1116 3608 quo
1147 3539 1284 3600 dixit
1318 3539 1458 3592 Deus
1480 3539 1528 3571 ⁸ο
1569 3556 1585 3591 :
1625 3555 1644 3590 ι
1676 3538 1910 3593 Ρωιιὶιει
1961 3553 2046 3594 me

467 3628 611 3700 qt’tod
634 3632 886 3686 unxerim
913 3630 1043 3685 Sail
1073 3630 1127 3683 in
1150 3644 1333 3698 regem
1361 3646 1376 3694 ;
1403 3646 1422 3678 ι
1458 3643 1637 3697 neque
1666 3628 1831 3682 alium
1856 3643 2044 3696 quent-

467 3724 613 3791 piam
649 3721 920 3788 iniquutn.
969 3717 1334 3784 Quamobrem
1369 3736 1388 3769 ι
1419 3716 1633 3786 iniquos
1663 3734 1682 3770 ι
1721 3717 1909 3772 dicens
1937 3731 2043 3771 non

468 3811 676 3867 addidit
713 3826 732 3862 t
765 3807 1010 3863 homines
1041 3826 1055 3862 :
1093 3826 1111 3860 ι
1173 3822 1297 3862 nam
1349 3816 1620 3876 quatenus
1653 3816 1877 3863 sanctus
1917 3807 2044 3862 odio

466 3902 702 3958 habebat
741 3899 908 3970 810
948 3912 1009 3953 ea
1054 3912 1176 3968 quae
1213 3898 1340 3953 odio
1383 3897 1540 3966 digna
1573 3906 1722 3963 sunt,
1762 3911 2043 3952 sermones

467 3995 707 4064 iniquos,
732 3994 984 4063 dogmata
1028 3990 1234 4059 iniqua,
1273 3989 1551 4046 doctrinas
1578 3989 1862 4060 ejusmodi,
1909 3986 2042 4043 alle-

465 4096 614 4140 ctum
667 4099 776 4153 quo
805 4086 865 4137 lit
904 4093 964 4136 ιιι
991 4091 1238 4150 peccent.
1281 4079 1436 4136 Unde
1475 4080 2042 4148 sermonibusiniquis

467 4173 778 4244 anteposuit
804 4173 1056 4227 dilectam
1094 4172 1286 4241 legem.
1319 4169 1436 4226 Hoc
1461 4186 1628 4226 sensu
1658 4181 1714 4226 et
1748 4179 1956 4239 patrem
1987 4182 2042 4226 et

468 4274 694 4320 matrem
747 4263 872 4318 odio
920 4262 1123 4318 habere
1165 4261 1444 4331 juhemur,
1503 4260 1607 4318 hoc
1648 4270 1732 4318 est
1774 4263 2038 4331 aversari,

465 4371 590 4411 cum
617 4369 718 4410 nos
741 4358 811 4409 ad
833 4353 1166 4424 impietatem
1195 4362 1496 4422 provocant
1517 4393 1535 4420 ,
1582 4355 1670 4410 vel
1709 4369 1740 4408 a
1782 4356 2042 4425 martyrio

1871 321 1962 378 EX
1997 321 2298 378 ORIGENE

3601 324 3744 377 1612

2231 437 2476 490 Ἕθεντο
2502 435 2835 505 ἁμαρτωλοὶ
2864 439 3086 507 παγίδα
3110 456 3232 507 μοι,
3269 437 3368 492 καὶ
3388 439 3456 491 ἐκ
3491 437 3608 491 τῶν
3637 441 3739 494 ἑν-

2155 525 2348 580 τολῶν
2390 541 2506 580 σου
2561 528 2671 579 οὐκ
2720 527 3092 596 ἐπλανήθην,
3123 547 3175 581 κ.
3215 545 3266 581 τ.
3313 530 3360 581 ἐ.
3395 527 3634 595 Παγίδας
3688 531 3740 583 οἱ

2155 615 2467 687 ἁμαρτωλοὶ
2510 616 2710 679 πολλὰς
2741 620 2854 680 τοῖς
2905 617 3132 682 δικαίοις
3176 619 3271 670 καὶ
3317 618 3606 689 διαφόρους
3641 621 3741 690 ρά-

2155 725 2401 762 πτουσιν·
2429 703 2541 761 οἷον
2567 707 2646 778 τῷ
2691 709 2887 779 Ἰωσὴφ
2921 711 2954 780 ἠ
2985 709 3261 776 Αἰγυπτία
3293 709 3385 762 καὶ
3414 710 3463 760 οἱ
3493 709 3734 778 ἀδελφοίο

2153 802 2230 873 τῷ
2275 799 2476 871 Δανιὴλ
2517 801 2568 852 οἱ
2619 800 2726 853 ἀπὸ
2757 801 2850 854 τοῦ
2895 802 3123 870 Δαρείου
3173 801 3429 864 λαϐόντες
3463 800 3737 866 ἐξουσίαν·

2153 893 2266 947 ἀλλ’
2288 892 2387 946 οὐκ
2419 892 2882 964 ἀπεπλανήθησαν
2913 894 3020 947 τῶν
3052 893 3280 947 ἐντολῶν
3314 893 3406 946 τοῦ
3432 893 3589 946 Θεοῖν
3648 895 3740 948 διά

2152 983 2310 1039 τοῦτο
2336 983 2446 1037 τῶν
2468 983 2711 1052 παγίδων
2737 983 2998 1055 ἀνώτεροι
3027 984 3291 1053 ἐγένοντο.

2236 1075 2723 1144 Ἑκληρονόμησα
2749 1078 2823 1128 τὰ
2842 1075 3134 1144 μαρτύριά
3152 1089 3268 1130 σου
3293 1078 3382 1143 εἰς
3408 1074 3740 1140 τόναιῶνα,

2152 1168 2241 1222 ὅτι
2266 1169 2606 1237 ἀγαλλίαμα
2627 1165 2737 1234 τῆς
2751 1166 3003 1235 καρδίας.
3015 1185 3135 1237 μου
3151 1167 3330 1232 εἰσιν,
3356 1186 3410 1221 κ.
3433 1186 3482 1220 τ.
3507 1169 3555 1223 ὲ.
3581 1169 3738 1222 ’Ὀσοι

2150 1259 2398 1331 χαίρουσι
2429 1260 2546 1322 ταῖς
2575 1258 2814 1321 ἐντολαῖς
2841 1257 2935 1311 τοῦ
2977 1259 3132 1324 Θεοῦ,
3167 1259 3263 1312 καὶ
3284 1259 3384 1332 τὴν
3415 1259 3742 1331 δικαιοπρα-

2151 1351 2274 1420 γίαν
2307 1348 2661 1415 ἀσπάζονται,
2690 1345 2835 1404 οὗτοι
2865 1350 3152 1414 διαπαντὸς
3187 1351 3612 1423 κληρονομοῦσιν
3639 1354 3742 1406 αὒ-

2149 1442 2244 1496 τοῦ
2273 1442 2342 1496 τά
2367 1442 2662 1514 μαρτύρια,
2691 1442 2894 1514 κλῆρον
2928 1443 3064 1496 αύτά
3091 1444 3186 1496 καὶ
3226 1443 3422 1514 μερίδα
3451 1445 3571 1496 ἀντὶ
3596 1445 3736 1498 πάν-

2149 1551 2257 1586 των
2285 1532 2391 1586 τῶν
2413 1534 2472 1586 ἐν
2493 1532 2569 1603 τῷ
2584 1533 2773 1604 κόσμῳ
2793 1533 3083 1605 κτώμενοι,
3098 1535 3190 1587 καὶ
3211 1535 3348 1606 ὅπερ
3375 1535 3470 1588 ἐὰν
3489 1534 3740 1590 πάθωσιν

2150 1623 2240 1676 ἐπ’
2265 1625 2468 1688 αὐτοῖς,
2497 1625 2931 1696 εὐφραινόμενοι.

2221 1717 2465 1770 "Exite-ct
2516 1716 2634 1785 τὴν
2665 1716 2920 1784 καρδίαν
2959 1734 3080 1785 μου
3110 1717 3216 1771 τοῦ
3250 1717 3500 1786 ποιῆσαι
3541 1718 3613 1772 τὰ
3645 1718 3735 1770 δε-

2154 1806 2452 1876 καιώματά
2475 1824 2590 1862 σου
2619 1810 2706 1874 εὶς
2721 1807 2829 1861 τὸν
2845 1807 3028 1862 αἰῶνα
3055 1806 3127 1860 δι’
3144 1807 3523 1876 ἀντάμειψιν,
3543 1825 3594 1862 κ.
3612 1825 3661 1860 τ.
3685 1809 3737 1860 ἐ.

2152 1897 2322 1961 Εἰδὼς
2365 1899 2734 1970 ἀποκειμένην
2776 1899 3010 1970 ἀμοιϐὴν
3037 1899 3240 1964 ἔκλινα,
3277 1902 3399 1972 ἥτις
3435 1903 3551 1955 ἐστὶ
3585 1903 3739 1972 βασι-

2151 1990 2268 2043 λεία
2319 1989 2475 2042 Θεοῦο
2517 2009 2536 2040 ι
2570 1990 2636 2042 Ἃ
2694 1989 2968 2060 ὀφθαλμὸς
3019 1992 3120 2044 οὐκ
3177 1987 3304 2057 εἶδε,
3354 1993 3448 2046 καὶ
3503 1990 3596 2058 οῦς
3634 1995 3738 2048 οὐκ

2151 2083 2373 2153 ἤκουσε,
2416 2082 2510 2134 καὶ
2558 2081 2652 2132 ἐπὶ
2708 2081 2935 2150 καρδίαν
2991 2082 3277 2153 ἀνθρώπου
3325 2084 3426 2137 οὐκ
3473 2085 3663 2156 ἀνέϐη,
3701 2086 3741 2138 ἃ

2151 2173 2445 2244 ἡτοίμασεν
2473 2174 2501 2224 ὁ
2522 2171 2652 2234 Θεὸς
2683 2175 2797 2234 τοῖς
2829 2172 3113 2239 ἀγαπῶσιν
3146 2173 3328 2226 αὐτόν.
3356 2193 3376 2226 ι

2226 2262 2335 2317 Τοῦ
2381 2261 2587 2315 αὐτοῦ.
2637 2263 2700 2314 Ἥ
2740 2261 3062 2331 ἀντάμειψις
3109 2260 3215 2314 τῶν
3264 2262 3669 2334 δικαιωμάτων,
3703 2266 3738 2336 ἡ

2149 2354 2350 2423 γνῶσις
2379 2353 2559 2406 αὐτῶν
2593 2355 2762 2408 ἐστιν.

2222 2447 2614 2514 [lupae-dyon
2658 2445 2943 2513 ἐμίσησα,
2975 2445 3082 2498 τὸν
3110 2443 3177 2497 δὲ
3205 2446 3394 2514 νόμον
3447 2463 3564 2500 σου
3593 2447 3740 2517 ἠγά-

2149 2553 2337 2606 πησα,
2373 2554 2426 2588 κ.
2445 2553 2493 2588 τ.
2520 2538 2566 2588 ἐ.
2613 2534 2672 2590 Ὀ
2696 2536 3030 2607 παράνομος,
3061 2536 3195 2589 καθὸ
3227 2537 3539 2608 παράνομος
3562 2539 3740 2608 ὑπάρ-

2148 2647 2254 2700 χει,
2295 2630 2519 2700 μισητός
2552 2630 2687 2680 ἐστι·
2731 2627 2864 2680 καθὸ
2899 2627 2957 2680 δὲ
2990 2631 3154 2681 εἰκὼν
3185 2628 3277 2681 καὶ
3307 2629 3530 2699 πλάσμα
3574 2628 3736 2691 Θεοῦ,

2149 2719 2428 2790 ἀγαπητός
2465 2720 2599 2771 ἐστι.
2629 2718 2787 2772 Κατά
2824 2719 2954 2789 γοῦν
2991 2720 3090 2792 τὴν
3115 2721 3376 2792 δευτέραν
3405 2719 3614 2774 ἔννοιαν
3642 2722 3739 2774 καὶ

2146 2813 2260 2874 τοῖς
2292 2811 2349 2863 ἐν
2398 2813 2464 2881 τῇ
2509 2810 2725 2881 φυλακῇ
2773 2809 3131 2880 προσϐάλλειν
3180 2812 3312 2882 ἡμῖν
3346 2810 3735 2882 προτέτακται,

2147 2903 2242 2957 καὶ
2271 2898 2331 2956 εὗ
2369 2905 2544 2956 ποιεῖν
2565 2902 2692 2965 τοὺς
2721 2901 3063 2974 κακούργους
3093 2901 3530 2974 νενομοθέτηται.
3561 2901 3737 2955 Δύνα-

2144 3009 2235 3048 ται
2261 2992 2319 3046 δὲ
2341 2991 2577 3046 ἐνταῦθα
2598 2990 2778 3062 λέγειν
2810 2991 3004 3062 λόγους
3027 2993 3121 3047 καὶ
3152 2993 3349 3064 νόμους
3371 2992 3466 3056 οὓς
3498 2993 3738 3065 μεμίση-

2071 3104 2116 3164 C
2149 3100 2244 3139 κεν
2277 3085 2306 3138 ὁ
2329 3084 2513 3138 Δαυῒδ.

2223 3171 2334 3228 Τοῦ
2364 3172 2574 3229 αὐτοῦ.
2622 3173 2738 3228 Οὐκ
2777 3172 2958 3244 ἐμίσει
3004 3174 3354 3246 παρανόμους
3387 3173 3732 3246 ἀνθρώπους·

2147 3263 2370 3335 καὶγὰρ
2395 3263 2595 3332 ἔδειξεν
2619 3263 2648 3317 ὁ
2669 3264 2783 3335 βίος
2805 3264 2993 3330 αὑτοῦ,
3021 3266 3108 3320 ὅτι
3131 3266 3232 3320 οὐκ
3268 3265 3588 3339 ἀνθρώπους
3623 3284 3734 3323 τια-

2151 3355 2416 3426 ρανόμους
2442 3356 2725 3428 ἐμίσησενο
2754 3355 2878 3410 οὔτε
2911 3357 3019 3428 γὰρ
3047 3359 3136 3410 τὸν
3166 3357 3496 3428 πατραλοίαν
3541 3359 3736 3414 ’Δϐεσ-

2146 3447 2339 3518 σαλὼμ
2389 3447 2674 3518 ἐμίσησεν,
2705 3445 2830 3502 οὗτε
2859 3448 2950 3501 τὸν
2985 3448 3177 3514 Σαοὺλ,
3222 3448 3373 3520 (περὶ
3405 3443 3467 3503 οῦ
3509 3445 3665 3504 εἶπεν
3703 3453 3736 3504 ό

2145 3538 2295 3602 Θεός·
2333 3557 2352 3592 t
2385 3537 2857 3609 Μεταμεμέλημαι
2889 3539 3083 3611 χρίσας
3135 3541 3228 3594 τὸν
3261 3540 3432 3594 Σαοὺλ
3462 3541 3542 3605 είς
3579 3540 3736 3612 βασι-

2145 3629 2323 3694 λέαι)·
2373 3630 2645 3702 διαφόρως
2677 3630 2754 3701 τῷ
2781 3630 2944 3686 Δαυῒδ
2973 3631 3456 3698 ἐπιϐουλεύσαντα,
3482 3632 3607 3686 οὔτε
3633 3634 3733 3688 ἄλ-

2145 3722 2234 3774 λον
2265 3721 2385 3775 τινὰ
2411 3721 2744 3793 παράνομον·
2780 3721 2905 3775 ὅθεν
2935 3741 2954 3774 ι
2995 3724 3344 3796 παρανόμους
3383 3743 3401 3777 ι
3441 3722 3633 3788 εἰπὼν,
3665 3725 3732 3777 οὐ

2145 3813 2483 3886 προσέθηκεν
2521 3833 2539 3865 t
2579 3813 2920 3887 ἀνθρώπους*
2948 3834 2967 3868 ι
2999 3817 3074 3881 ὼς
3103 3817 3212 3889 γὰρ
3245 3817 3398 3885 ἆγιος
3429 3816 3612 3887 ἐμίσει
3661 3816 3732 3872 πά

2147 3906 2336 3974 μίσους
2359 3904 2506 3971 ἀξια,
2524 3907 2648 3969 τοὺς
2668 3905 2859 3974 λόγους
2886 3908 3015 3971 τοὺς
3037 3908 3404 3980 παρανόμους,
3439 3907 3508 3960 τὰ
3526 3907 3736 3977 δόγμαι

2142 4010 2210 4048 τα
2227 3993 2297 4047 τά
2325 3995 2636 4067 παράνομα,
2673 3995 2772 4059 τὰς
2806 3996 3059 4061 τοιαύτας
3093 3996 3460 4061 διδασκαλίας,
3491 3996 3587 4068 τὴν
3614 3997 3733 4052 διά-

2143 4084 2291 4138 θεσιν
2337 4085 2456 4139 καθ’
2508 4085 2574 4156 ἣν
2618 4086 3052 4159 ἁμαρτάνουσιν·
3093 4088 3214 4143 ὅθεν
3246 4091 3358 4153 τοῖς
3391 4087 3733 4158 παρανόμοις

2141 4175 2319 4245 λόγοις
2347 4177 2610 4249 ἀντέθηκε
2631 4179 2721 4232 τὸν
2748 4180 3108 4250 ἀγαπώμενον
3131 4180 3314 4251 νόμον.
3343 4178 3500 4232 Κατὰ
3525 4179 3730 4250 ταύτην

2140 4266 2240 4338 τὴν
2269 4266 2474 4320 ἔννοιαν
2525 4269 2618 4322 καὶ
2655 4271 2869 4341 πατέρα
2897 4272 2990 4325 καὶ
3028 4271 3244 4343 μητέρα
3288 4272 3464 4342 μισεῖν
3497 4285 3731 4341 προστε-

2141 4360 2411 4431 τάγμεθα,
2460 4363 2736 4416 τουτέστιν
2790 4364 3228 4436 ἀποστρέφεσθαι
3274 4361 3728 4433 παρακαλοῦντας

465 4447 762 4502 secundum
815 4447 1095 4502 Christum
1155 4446 1407 4502 obeundo
1470 4447 1848 4504 dehortantur.
1900 4446 2037 4503 Nam

2146 4453 2290 4522 ἡμᾶς
2306 4455 2385 4516 εἰς
2417 4453 2690 4522 ἀσέϐειαν,
2719 4455 2752 4526 ἢ
2781 4455 2876 4508 τοῦ
2905 4455 3044 4510 κατά
3067 4455 3301 4526 Χριστὸν
3316 4453 3729 4525 ἀποτρέποντας

466 4538 707 4608 alioquin
735 4538 902 4594 etiam
930 4538 1183 4594 inimicos
1223 4547 1437 4594 nostros
1491 4538 1720 4610 diligere
1757 4539 2036 4608 j-ubemur.

465 4633 578 4688 Deo
628 4641 810 4686 autem
857 4631 1112 4686 hortante
1157 4640 1214 4686 ut
1263 4631 1430 4687 etiam
1473 4632 1750 4702 propriam
1800 4630 2038 4685 animam

465 4724 766 4788 oderimus,
795 4723 1049 4779 similiter
1075 4731 1130 4779 et
1167 4722 1413 4778 homines
1443 4723 1613 4791 iniqui
1650 4721 1778 4776 odio
1803 4721 2038 4777 habendi

465 4826 612 4883 sunt,
645 4824 705 4870 ut
733 4815 883 4886 ipsos
903 4826 1290 4872 eonvertamus
1320 4815 1544 4871 meliore
1566 4815 1672 4869 vita
1706 4822 1888 4870 nostra
1932 4829 2038 4884 qua

466 4909 525 4962 ﬁt
560 4917 619 4961 ιιι
651 4907 770 4963 istis
799 4907 1004 4964 similes
1033 4923 1140 4964 non
1170 4908 1366 4965 simus.

535 4999 697 5055 Vens.
727 4998 849 5055 115.
884 4998 1154 5055 Declinate
1189 5016 1222 5052 α
1256 5015 1357 5066 me,
1389 4998 1606 5068 maligni
1629 5037 1644 5063 ,
1679 5007 1727 5052 et
1764 4998 2038 5052 scrutabor

463 5093 716 5145 mandata
751 5089 848 5145 Dei
888 5092 1011 5159 mei,
1045 5099 1156 5146 etc.
1201 5090 1312 5143 Nisi
1361 5088 1758 5144 declinaverint
1805 5103 1835 5142 a
1882 5089 2037 5142 nobis

460 5186 755 5250 daemones,
790 5184 1045 5239 ntandata
1081 5183 1176 5237 Dei-
1205 5183 1385 5236 facere
1435 5198 1542 5236 non
1585 5182 1827 5237 valemus
1856 5199 1868 5234 :
1909 5195 2032 5236 naut

461 5280 723 5334 adversus
752 5277 842 5332 illa
875 5276 1114 5330 maxime
1141 5276 1449 5342 insurgunt,
1495 5289 1558 5329 eo
1607 5277 1750 5345 quod
1805 5277 1890 5330 illa
1941 5261 2032 5331 Dei

455 5371 746 5425 scientiam
783 5368 1079 5440 praebeant.

534 5554 694 5606 Vens.
733 5553 849 5606 116.
895 5553 1112 5617 Suscipe
1149 5568 1228 5605 me
1257 5554 1539 5604 secundum
1572 5552 1831 5622 eloquium
1860 5562 2030 5616 tuum,

533 5737 623 5788 σοι
655 5734 774 5789 Cor.
813 5750 875 5800 ιι,
905 5737 957 5791 9.
1030 5736 1076 5767 ⁵ο
1107 5734 1127 5788 l
1153 5737 1283 5811 Reg.
1319 5752 1406 5804 xv,
1447 5738 1528 5793 11.

2149 4544 2472 4615 μαρτυρίου.
2499 4545 2706 4608 Ἀλλως
2727 4545 2835 4617 γάρ
2859 4547 2952 4602 καὶ
2975 4548 3100 4611 τοὺς
3130 4545 3360 4618 ἐχθροὺς
3401 4544 3558 4616 ἡμῶν
3584 4546 3728 4612 ἀγα-

2145 4634 2256 4704 πᾷν
2289 4635 2755 4707 προστετάγμεθα.
2791 4637 2925 4691 Θεοῦ
2959 4637 3017 4690 δὲ
3055 4635 3496 4707 προκαλουμένου
3527 4636 3608 4698 είς
3665 4634 3728 4688 τὸ

2145 4725 2241 4776 καὶ
2258 4725 2356 4795 τὴν
2383 4725 2519 4780 ἰδίαν
2551 4728 2780 4799 μισῆσαι
2805 4728 3004 4798 ψυχὴν,
3044 4727 3247 4799 ὁμοίως
3278 4727 3372 4780 καὶ
3404 4725 3727 4797 ἀνθρώπους

2141 4815 2226 4868 δεῖ
2251 4817 2596 4888 παρανόμους
2623 4822 2822 4888 μισεῖν,
2853 4819 2929 4884 ὡς
2957 4818 3024 4873 ἂν
3063 4820 3262 4883 αὐτοὺς
3305 4816 3725 4890 ἐπιστρέψωμεν

2143 4907 2351 4978 βελτιού
2360 4927 2507 4980 μενοι
2526 4909 2604 4980 τῷ
2627 4911 2701 4981 μὴ
2721 4911 2928 4975 τούτοις
2942 4911 3292 4982 ὁμοιωθῆναι.
3760 4931 3764 4934 ·

2221 5004 2561 5058 Ἐκκλίνατε
2589 5004 2689 5059 ἀπ’
2720 5004 2888 5073 ἐμοῦ,
2924 5005 3392 5073 πονηρευόμενοι
3414 5043 3430 5068 ,
3481 5003 3580 5056 καὶ
3623 5001 3723 5068 ἐε-

2135 5093 2443 5162 ερευνήσω
2466 5094 2570 5160 τὰς
2595 5095 2848 5159 ἐντολὰς
2873 5081 2977 5148 τοῦ
3005 5093 3153 5150 Θεοῦ
3174 5112 3315 5164 μου,
3337 5112 3392 5147 κ.
3425 5111 3478 5147 τ.
3514 5094 3560 5146 ἐ.
3595 5092 3721 5146 Ἐὰν

2140 5188 2214 5256 μὴ
2246 5187 2561 5239 ἐκκλίνωσιν
2585 5187 2678 5255 ἀφ’
2701 5186 2859 5256 ἡμῶν
2873 5188 2921 5240 οἱ
2952 5186 3221 5257 δαίμονες,
3250 5185 3349 5250 τὰς
3376 5185 3595 5248 ἐντολὰς
3622 5185 3718 5238 τοῦ

2139 5276 2273 5329 Θεοῦ
2296 5280 2468 5331 ποιεῖν
2495 5279 2595 5332 οὐκ
2632 5278 2905 5348 ἰσχύομεν·
2938 5279 3074 5350 πρὸς
3109 5279 3216 5349 γὰρ
3242 5277 3445 5342 ταύτας
3485 5277 3722 5348 μάλιστα

2138 5368 2404 5433 ἵστανται,
2450 5364 2536 5422 διά
2583 5369 2643 5422 τὸ
2681 5368 2970 5440 προξένους
3002 5371 3134 5439 ἡμῖν
3165 5367 3418 5437 γενέσθαι
3448 5365 3549 5438 τῆς
3579 5364 3725 5436 γνώ-

2141 5479 2276 5524 σεως
2308 5460 2400 5514 τοῦ
2433 5461 2586 5515 Θεοῦ.

2223 5555 2566 5609 Ἀντιλαϐοῦ
2593 5573 2713 5624 μου
2739 5554 2887 5610 κατὰ
2914 5555 2979 5608 τὸ
3015 5555 3222 5624 λόγιόν
3250 5568 3388 5617 σου,
3421 5554 3515 5608 καὶ
3537 5552 3716 5621 ζήσο-
