4106 6422
344 426 485 479 1513

1266 427 1574 485 SELECTA
1612 429 1678 483 IN
1717 428 2051 484 I’SALMUS.
2094 461 2161 467 —
2197 428 2391 485 I’SAL.
2436 430 2664 485 CXVIII.

3469 436 3600 487 ItiH

337 566 464 617 μαι,
493 548 589 600 καὶ
615 549 701 617 μὴ
736 553 1147 619 καταισχύνῃς
1172 569 1246 621 με
1278 552 1396 606 ἀπὸ
1424 550 1531 618 τῆς
1554 550 1910 618 προσδοκίας

2023 558 2069 602 et
2113 551 2304 611 vivam,
2330 559 2378 602 et
2410 565 2512 601 non
2541 547 2836 615 confundas
2864 563 2942 600 me
2974 547 3037 599 ab
3059 549 3442 615 exspectatione
3467 568 3600 617 mea,

341 657 476 707 μου,
506 656 559 692 κ.
590 657 640 693 τ.
664 640 709 691 ὲ.
742 659 759 690 ι
804 642 923 693 ’Ότι
949 644 980 711 ὴ
1004 640 1179 711 θλίψις
1208 643 1481 714 ὑπομονὴν
1503 638 1918 711 κατεργάζεται,

341 733 374 801 ὴ
413 732 469 783 δὲ
507 730 751 801 ὑπομονὴ
790 732 1038 803 δοκιμὴν,
1071 735 1105 804 ὴ
1136 733 1191 786 δὲ
1222 733 1419 804 δοκιμὴ
1450 734 1661 800 ἐλπίδα,
1694 732 1804 803 ἡδὲ
1836 732 1923 783 ὲλ-

340 822 435 883 πὶς
454 822 512 874 οὐ
540 822 912 891 καταισχύνει.
952 842 969 874 ›

300 924 303 928 ’
415 914 527 969 Τοῦ
560 914 766 968 αὑτοῦ.
792 934 809 966 ι
836 916 991 969 Κατὰ
1015 916 1075 969 τὸ
1098 917 1277 985 λόγιόν
1305 933 1416 969 σου·
1464 936 1481 968 ι
1516 916 1760 969 τουτέστι
1782 914 1921 965 κατά

338 1008 438 1077 τὴν
496 1007 786 1075 ὑπόσχεσίν
823 1025 936 1063 σου.
1001 1007 1341 1077 Ἐπηγγείλω
1384 1008 1492 1078 γὰρ
1540 1010 1595 1061 ὲν
1646 1007 1723 1077 τῷ
1773 1007 1922 1075 νόμῳ

342 1097 736 1167 ὑπερασπίζειν
769 1097 875 1148 τῶν
916 1097 1297 1165 φυλασσόντων
1342 1098 1523 1151 αὐτόν.
1575 1096 1774 1149 Τοῦτον
1813 1096 1922 1147 τοί-

340 1205 433 1241 νυν
460 1187 649 1256 ἔχοντα
674 1186 765 1239 τὸν
804 1188 1001 1240 σκοπὸν
1026 1188 1124 1257 τῆς
1156 1189 1255 1258 σῆς
1285 1188 1539 1260 προνοίας
1562 1187 1811 1251 ἀξίωσον,
1835 1188 1921 1239 ἵνα

343 1278 417 1348 μὴ
448 1276 717 1347 ἐπιτυχὼν
746 1278 844 1347 τῆς
877 1278 1111 1343 ἐλπίδος,
1147 1279 1409 1350 αἰσχύνης
1455 1278 1801 1348 ἀναπλησθῶ.
1848 1278 1922 1330 Τὸ

340 1369 396 1436 δὲ
419 1367 597 1435 λόγιον
629 1368 862 1421 ἐνταῦθα
887 1368 986 1439 τὴν
1014 1369 1306 1439 ὑπόσχεσιν
1322 1370 1490 1439 δηλοῖ·
1520 1370 1641 1423 ἀντὶ
1665 1369 1779 1422 τοῦ·
1810 1362 1919 1433 Τήν

340 1458 769 1526 ὲπαγγελθείσάν
800 1476 890 1529 μοι
930 1459 1213 1531 παράσχου
1251 1460 1539 1532 σωτηρίαν.
1696 1466 1697 1469 “

410 1642 730 1710 Βοήθησόν
760 1659 883 1710 μοι,
913 1642 1010 1695 καὶ
1058 1641 1428 1712 σωθήσομαι,
1476 1644 1575 1697 καὶ
1604 1641 1920 1713 μελετήσω

262 1782 268 1787 .
340 1732 409 1787 ἐν
442 1735 567 1798 τοῖς
593 1732 946 1801 δικαιώμασι
964 1749 1079 1787 σου
1104 1734 1447 1801 διαπαντὸς,
1481 1753 1534 1787 κ.
1567 1752 1618 1787 τ.
1652 1736 1697 1787 ὲ.
1734 1735 1919 1805 Είγὰρ

344 1825 439 1878 καὶ
473 1824 596 1895 ἔφη’
631 1843 650 1875 ι
686 1824 888 1894 Βοηθός
916 1842 1014 1894 μου
1042 1826 1137 1878 καὶ
1167 1826 1513 1897 ἀντιλήπτωρ
1551 1843 1653 1894 μου
1687 1821 1738 1878 εἴ
1767 1828 1852 1889 σὺ,
1893 1845 1911 1876 ι

338 1914 471 1968 ἀλλά
490 1916 660 1968 δεῖται
688 1915 939 1985 βοηθείας
966 1916 1328 1971 ἀδιαλείπτου.
1366 1918 1452 1970 Ἐν
1483 1918 1592 1988 ὅσῳ
1625 1918 1731 1989 γάρ
1754 1920 1917 1988 ἐσμεν

338 2006 590 2071 ἐνταῦθα,
637 2006 790 2059 οὔπω
830 2008 1032 2061 τέλειον
1065 2009 1126 2061 τὸ
1162 2028 1179 2059 ι
1217 2010 1553 2080 σωθήσομαι,
1593 2031 1609 2061 ι
1645 2010 1756 2063 ἀλλ’
1791 2011 1917 2063 ὅταν

341 2100 480 2168 μετὰ
508 2099 616 2152 τῶν
644 2099 889 2166 ἀγγέλων
924 2099 1177 2170 ζήσωμεν
1202 2101 1295 2154 τοῦ
1328 2100 1484 2155 Θεοῦ.
1522 2102 1653 2155 Τότε
1685 2102 1793 2173 γὰρ
1826 2103 1916 2155 καὶ

340 2189 537 2260 μελέτη
582 2188 964 2259 δικαιωμάτων
990 2189 1278 2260 πρόσωπον
1317 2192 1453 2262 πρὸς
1484 2192 1794 2262 πρόσωπον,
1853 2193 1915 2245 οὐ

337 2281 476 2335 κατὰ
509 2282 608 2351 τὴν
628 2280 807 2344 σκιὰν,
849 2280 984 2334 ἀλλά
1018 2282 1156 2335 κατά
1187 2283 1283 2353 τὴν
1318 2283 1595 2354 ἀλήθειαν.

405 2373 890 2441 Παραὸαίνοντας
918 2374 1289 2443 ἐλογισάμην
1308 2375 1540 2441 πάντας
1563 2375 1707 2441 τοὺς
1734 2376 1917 2445 ἀμαρ-

334 2481 353 2517 ι
370 2463 563 2529 ωσισὺς
587 2462 697 2530 τῆς
719 2460 847 2531 γῆς·
891 2464 989 2518 διὰ
1011 2463 1187 2518 τοῦτο
1218 2464 1505 2534 ἠγάπησα
1527 2466 1600 2518 τὰ
1625 2464 1917 2534 μαρτύριά

335 2572 474 2619 σου,
512 2572 565 2609 κ.
596 2571 646 2607 τ.
672 2555 717 2606 ὲ.
755 2554 945 2625 Ἡμεῖς
974 2556 1071 2626 μὲν
1100 2575 1118 2606 ι
1158 2556 1596 2628 παραϐαίνοντας
1633 2576 1652 2609 ι
1684 2556 1917 2627 λέγομεν

334 2646 460 2708 τοὺς
478 2644 887 2715 δεδιδαγμένους
913 2646 1005 2700 τὸν
1020 2646 1199 2714 λόγον,
1230 2647 1324 2701 καὶ
1358 2647 1494 2717 μετὰ
1510 2646 1570 2700 τὸ
1591 2647 1914 2717 δεδιδάχθαι,

338 2738 411 2808 μὴ
440 2738 831 2808 τετηρηκότας,
872 2738 985 2791 ἀλλ’
1030 2736 1375 2801 ἀποστάντας
1413 2740 1507 2793 καὶ
1538 2739 1919 2810 παραϐεϐηκό-

332 2845 451 2890 τας.
486 2824 651 2891 Οὗτος
680 2828 736 2880 δὲ
770 2830 891 2898 ὁρᾷ,
927 2831 1011 2881 δτι
1039 2829 1238 2891 πάντες
1269 2828 1480 2899 ἔχουσιν
1510 2829 1762 2901 ἀφορμάς
1780 2829 1916 2900 πρὸς

333 2918 759 2986 καλοκάγαθίαν,
797 2921 845 2971 εἰ
879 2919 971 2971 καὶ
1016 2919 1091 2989 μὴ
1124 2919 1499 2989 ἐδιδάχθησαν·
1536 2919 1675 2972 ὥστε
1708 2920 1782 2989 μὴ
1817 2919 1915 2989 μό-

332 3028 455 3073 νους
493 3008 812 3079 παραϐάτας
842 3008 1096 3076 λέγεσθαι
1119 3010 1243 3071 τοὺς
1275 3008 1415 3079 μετὰ
1449 3008 1545 3079 τὴν
1568 3010 1748 3061 πίστιν
1776 3009 1914 3064 ἀπο-

332 3103 591 3165 στάντας,
626 3100 764 3153 ἀλλά
802 3101 895 3154 καὶ
931 3102 1058 3164 τοὺς
1090 3100 1443 3154 ὁπωσποτοῦν
1479 3102 1911 3173 ἁμαρτάνοντας.

2023 648 2131 694 etc.
2166 657 2183 689 ι
2228 638 2493 703 Quoniam
2535 637 2807 691 tribulatio
2837 637 3151 705 patientiam
3195 648 3470 707 operatur,
3503 658 3600 708 pa-

2026 732 2209 786 tientia
2237 730 2636 799 probationem,
2657 730 2901 799 probatio
2928 745 3053 785 vero
3073 745 3246 799 spem,
3273 746 3398 801 spes
3420 747 3598 787 autem

2024 837 2128 876 non
2160 821 2444 877 confundit
2472 820 2539 872 ⁸³.
2574 839 2591 872 ι

2097 913 2369 983 Ejusdem.
2401 912 3035 981 tSecttndumequuinm
3068 922 3270 977 qum,s
3304 915 3355 967 id
3389 924 3474 969 est
3513 930 3601 969 se-

2024 1005 2321 1061 secundum
2356 1005 2799 1075 pollicitationem
2835 1016 3001 1059 tuam.
3058 1005 3339 1061 Pollicitus
3365 1021 3425 1061 es
3450 1006 3596 1060 enim

2024 1097 2076 1151 in
2121 1097 2239 1165 lege
2272 1108 2323 1152 te
2347 1096 2462 1150 fore
2488 1097 2907 1151 custodientium
2933 1097 3077 1149 illam
3102 1096 3460 1152 defensorem.
3496 1098 3596 1151 Cui

2024 1190 2190 1260 igitur
2216 1190 2359 1244 istud
2404 1190 2735 1260 propositum
2766 1198 2869 1254 est,
2927 1204 3050 1243 eum
3101 1190 3441 1257 providentia
3504 1198 3596 1244 tua

2022 1279 2265 1349 dignare,
2321 1292 2387 1332 ne
2428 1292 2524 1346 spe
2566 1278 2823 1332 excidens
2853 1278 3172 1332 confusione
3208 1278 3438 1345 replear.
3469 1279 3596 1332 Elo-

2021 1372 2208 1440 quium
2268 1378 2448 1423 autem
2497 1370 2602 1423 hoe
2668 1367 2785 1423 loco
2832 1369 3249 1437 promissionem
3303 1369 3597 1439 significat,

2022 1473 2186 1529 atque
2212 1460 2354 1515 idem
2380 1470 2464 1515 est
2496 1474 2560 1513 ac
2586 1460 2631 1514 si
2659 1459 2863 1515 diceret
2896 1476 2909 1512 :
2940 1460 3267 1515 Promissam
3292 1462 3419 1515 mihi
3456 1462 3600 1515 salu-

2022 1560 2129 1605 tem
2159 1550 2358 1618 prrebe.

2091 1640 2251 1694 Vens.
2291 1639 2415 1693 H7.
2458 1636 2665 1706 Adjuva
2697 1653 2776 1689 me
2807 1648 2851 1689 et
2875 1638 3050 1691 salvus
3087 1654 3199 1698 ero,
3229 1649 3275 1690 et
3310 1637 3603 1690 meditabor

2023 1737 2075 1786 in
2099 1732 2570 1801 justiﬁcationibus
2592 1734 2695 1786 (uis
2716 1748 2938 1800 semper,
2970 1740 3074 1785 etc.
3101 1729 3319 1783 Dixerat
3339 1729 3554 1797 quidem
3583 1747 3596 1781 :

2028 1840 2045 1872 ι
2066 1823 2293 1891 Adjutor
2321 1831 2374 1875 et
2404 1833 2688 1891 susceptor
2714 1838 2867 1877 meus
2889 1838 2949 1876 es
2978 1832 3054 1885 tu,
3084 1839 3102 1872 ι
3140 1820 3234 1875 sed
3269 1820 3597 1873 indesinenti

2021 1925 2145 1983 eget
2178 1913 2399 1967 auxilio.
2442 1913 2693 1980 Quandiu
2735 1916 2879 1970 enim
2913 1928 3104 1968 sumus
3131 1914 3183 1966 in
3232 1913 3334 1967 hoc
3372 1912 3594 1974 mundo,

2023 2009 2256 2062 nondum
2300 2005 2605 2076 perfectura
2655 2020 2739 2063 est
2786 2008 2917 2061 illud
2958 2029 2968 2062 :
3006 2024 3023 2057 ι
3049 2007 3243 2060 Salvus
3291 2022 3408 2066 ero,
3443 2023 3461 2055 ι
3500 2006 3598 2059 sed

2020 2103 2236 2170 quando
2261 2118 2385 2157 cum
2414 2104 2619 2173 angelis
2651 2100 2743 2156 Dei
2777 2103 3042 2153 vivemus.
3081 2096 3233 2151 Tunc
3257 2097 3399 2150 enim
3430 2096 3598 2150 medi-

2024 2193 2155 2247 tatio
2191 2196 2573 2249 mandatorum
2609 2195 2699 2248 lict
2726 2191 2864 2245 faeie
2898 2192 2964 2244 ad
2993 2190 3208 2255 faciem,
3242 2205 3348 2243 non
3375 2188 3596 2242 umbra-

2024 2285 2147 2349 tiee,
2186 2285 2282 2338 sed
2319 2285 2612 2339 secundum
2648 2283 2956 2337 veritatem.

2095 2374 2257 2430 Vens.
2287 2377 2406 2430 H9.
2452 2374 2869 2429 Pra'varicantes
2901 2371 3131 2440 reputavi
3159 2386 3337 2423 omnes
3361 2377 3599 2437 peccato-

2020 2486 2101 2523 res
2128 2480 2281 2523 terra:
2306 2485 2323 2521 :
2348 2470 2465 2522 ideo
2495 2467 2657 2521 dilexi
2679 2465 2978 2520 testimonia
3009 2474 3121 2528 tua,
3151 2472 3258 2519 etc.
3311 2462 3421 2516 Nos
3478 2463 3599 2529 qui-

2021 2557 2143 2612 dem
2202 2556 2672 2626 sprtevaricantes
2708 2576 2725 2607 ι
2789 2555 3021 2608 dicimus
3068 2568 3163 2608 eos
3226 2553 3315 2621 qui
3371 2552 3596 2604 verbum

2020 2649 2197 2703 edocti
2244 2657 2393 2712 sunt,
2430 2657 2485 2702 et
2524 2658 2809 2718 postquam
2842 2647 3022 2702 edocti
3074 2655 3240 2708 sunt,
3300 2646 3429 2699 illud
3487 2660 3598 2700 non

2020 2741 2402 2805 observarunt,
2449 2738 2545 2795 sed
2582 2740 2941 2795 deseruerunt
2981 2748 3035 2793 et
3074 2738 3416 2808 prmvaricati
3446 2749 3595 2791 sunt.

2020 2832 2119 2887 Hic
2149 2841 2332 2887 autem
2370 2830 2520 2885 videt
2559 2841 2784 2885 cunctos
2810 2832 3011 2885 habere
3038 2828 3174 2881 bene
3201 2828 3393 2896 agendi
3430 2841 3559 2880 occa
3578 2854 3594 2867 -

2022 2938 2229 2989 srones,
2285 2924 2390 2977 etsi
2434 2938 2542 2977 non
2593 2920 2799 2975 fuerint
2833 2919 3008 2984 docti,
3058 2918 3130 2971 ita
3172 2927 3229 2971 ut
3266 2934 3369 2969 non
3418 2918 3593 2969 solum

2016 3028 2110 3069 eos
2157 3012 2390 3082 appellet
2428 3011 2848 3081 praevaricantes
2893 3010 2983 3078 qui
3016 3009 3175 3063 fidem
3229 3009 3590 3071 deseruerint,

2017 3120 2203 3159 verum
2226 3105 2392 3158 etiam
2422 3119 2517 3160 eos
2549 3106 2641 3174 qui
2681 3103 3172 3173 quomodoeunque
3217 3101 3430 3153 tandem
3461 3114 3592 3168 pce-

344 3194 683 3267 'Apap't:tolol.
718 3193 774 3247 δὲ
815 3193 915 3262 τῆς
954 3193 1057 3262 γῆς
1087 3193 1137 3246 οἱ
1168 3193 1259 3245 ἐπὶ
1290 3193 1392 3262 γῆς
1423 3193 1803 3265 ἡμαρτηκότες
1831 3194 1910 3248 ἀνι

2018 3206 2166 3251 eant.
2222 3194 2547 3251 Peccatores
2580 3210 2709 3250 vero
2740 3203 2900 3247 terrae
2931 3192 3179 3246 homines
3228 3201 3357 3244 sunt
3402 3192 3493 3260 qui
3538 3192 3593 3246 in

332 3286 559 3356 θρωποι.
598 3283 779 3336 ’Δλλοι
826 3283 935 3354 γάρ
967 3285 1101 3335 εἰσιν
1124 3283 1438 3354 ἁμαρτωλοὶ
1463 3284 1716 3357 οὐρανοῦ,
1772 3284 1911 3356 πρὸς

328 3376 423 3439 οὓς
446 3379 578 3447 ἡμῖν
605 3379 750 3429 ἐστιν
770 3377 803 3445 ἡ
826 3376 967 3446 πάλη
1000 3393 1017 3425 ι
1055 3375 1191 3446 πρὸς
1212 3375 1281 3428 τὰ
1316 3377 1657 3446 πνευματικά
1690 3377 1790 3447 τῆς
1820 3394 1911 3432 πο-

326 3469 523 3540 νηρίας
569 3469 628 3520 ὲν
675 3470 789 3530 τοῖς
839 3467 1199 3537 ἐπουρανίοις.
1267 3488 1285 3519 ι
1353 3470 1501 3522 Ἐκεῖ
1543 3469 1651 3541 γὰρ
1694 3470 1909 3542 πρῶτον

326 3559 684 3631 ἁμαρτόντες,
720 3557 947 3629 ὕστερον
978 3558 1072 3611 καὶ
1102 3558 1194 3611 ἐπὶ
1223 3559 1325 3627 γῆς
1352 3560 1511 3613 τοῦτο
1538 3561 1800 3617 ποιοῦσιν.

404 3650 776 3717 Καθήλωσον
801 3649 870 3702 ἐκ
891 3649 998 3703 τοῦ
1033 3651 1221 3718 φόϐου
1244 3666 1360 3704 σου
1390 3652 1493 3717 τὰς
1512 3652 1746 3721 σάρκας
1765 3672 1903 3722 μου·

328 3743 448 3797 ἀπὸ
478 3741 585 3810 γὰρ
626 3739 746 3792 τῶν
776 3739 1072 3809 χριμάτων
1091 3757 1208 3794 σου
1236 3741 1558 3810 ἐφοϐήθην,
1590 3762 1641 3797 κ.
1678 3763 1725 3797 τ.
1755 3747 1801 3798 ὲ.
1851 3746 1909 3798 '0

327 3834 731 3904 καθηλούμενος
779 3832 1127 3903 σταυροῦται.
1167 3834 1324 3904 Ζητῶ
1378 3831 1470 3888 οὖν
1518 3836 1609 3889 τὸν
1656 3839 1906 3908 σταυρὸν,

327 3927 421 3979 καὶ
459 3924 606 3995 ζητῶ
644 3925 853 3993 μήποτε
876 3924 905 3975 ό
937 3924 1167 3993 σταυρὸς
1191 3926 1337 3977 ἐστιν
1368 3928 1396 3977 6
1430 3926 1589 3993 φόϐος
1630 3928 1721 3980 τοῦ
1748 3928 1902 3981 Θεοῦ.

328 4018 441 4071 Καὶ
472 4016 580 4086 γάρ
605 4010 753 4068 εἶπεν
791 4018 820 4068 ό
851 4016 1057 4086 Σωτήρ·
1088 4033 1106 4063 ι
1154 4016 1248 4079 Ὃς
1268 4017 1361 4069 ἐὰν
1397 4018 1469 4087 μὴ
1499 4019 1606 4088 ἄρῃ
1631 4018 1721 4071 τὸν
1755 4035 1906 4072 σταυ⁴

331 4109 424 4180 ρὸν
453 4109 640 4172 αὑτοῦ,
661 4108 753 4160 καὶ
782 4107 1120 4178 ἀκολουθήσῃ
1144 4124 1253 4178 μοι,
1286 4108 1385 4160 οὐκ
1413 4108 1526 4162 ἐστι
1552 4128 1649 4179 μου
1673 4110 1838 4173 ἄξιος.
1881 4132 1898 4162 ι

328 4200 597 4262 Πολλάκις
627 4198 684 4252 δὲ
710 4198 1121 4269 διεστειλάμεθα
1163 4200 1294 4270 περὶ
1331 4200 1498 4267 φόϐου
1534 4202 1626 4254 καὶ
1661 4203 1900 4271 ἀγάπηςο

328 4291 422 4345 καὶ
450 4290 779 4359 τελειότερον
808 4291 1107 4360 εἰρήκαμεν
1136 4290 1225 4344 τὸν
1254 4291 1553 4360 ἀγαπῶντα
1580 4293 1673 4346 τοῦ
1708 4293 1903 4364 φοϐου·

331 4384 521 4455 μένου,
558 4384 651 4435 καὶ
690 4383 986 4449 ἀναγκαῖον
1014 4377 1152 4435 εἶναι
1184 4382 1276 4435 τὸν
1307 4383 1470 4451 φόϐον
1511 4385 1646 4456 πρὸς
1674 4387 1905 4455 εἰσαγω-

325 4478 451 4548 γὴν.
472 4476 643 4529 Ὅπου
664 4474 720 4527 δὲ
746 4472 957 4545 εἰσέλθῃ
990 4492 1006 4525 ι
1036 4475 1215 4529 τελεία
1247 4476 1459 4547 ἀγάπη,
1482 4478 1587 4543 ἔξω
1613 4477 1794 4546 βάλλει
1815 4480 1904 4532 τὸν

2020 3296 2161 3343 terra
2195 3298 2439 3357 peccant.
2485 3288 2597 3343 Alii
2644 3288 2789 3342 enim
2821 3296 2948 3340 sunt
2988 3297 3299 3355 peccatores
3323 3285 3468 3351 caeli,
3492 3287 3591 3340 ad-

2016 3394 2205 3434 versus
2227 3395 2367 3450 quos
2393 3379 2551 3435 nobis
2587 3388 2672 3435 est
2699 3378 3013 3434 colluctatio
3053 3395 3071 3428 ι
3095 3386 3281 3432 contra
3323 3378 3585 3447 spiritalia
3632 3433 3637 3436 ,

2016 3471 2273 3540 nequitia:
2304 3470 2359 3525 in
2385 3470 2699 3526 caelestibus
2726 3469 2791 3524 ⁵².
2828 3488 2846 3521 ι
2880 3470 3014 3524 Cum
3040 3469 3183 3523 enim
3214 3470 3448 3538 primum
3482 3468 3592 3524 illic

2016 3563 2381 3635 peccaverint,
2414 3562 2757 3633 postmodum
2790 3562 2955 3616 etiam
2982 3561 3032 3613 in
3066 3570 3208 3614 terra
3232 3560 3334 3615 hoc
3357 3560 3585 3615 faciunt.

2083 3655 2247 3726 811
2282 3653 2445 3709 Vens.
2488 3652 2610 3708 ιεο.
2644 3652 2858 3723 Cou/ige
2888 3654 3072 3705 timore
3098 3661 3187 3705 tuo
3225 3666 3403 3704 carnes
3426 3666 3588 3703 meas:

2015 3749 2287 3819 ajudiciis
2309 3748 2446 3801 enim
2474 3747 2577 3801 tuis
2602 3747 2773 3810 timui,
2805 3754 2909 3799 etc.
2936 3742 3037 3809 Qui
3070 3743 3237 3797 clavis
3263 3741 3453 3796 afﬁxus
3483 3755 3587 3805 est,

2014 3838 2373 3908 crucifigitur.
2432 3837 2628 3903 Quaero
2665 3838 2832 3906 igitur
2879 3851 3118 3901 crucem,
3159 3843 3213 3889 et
3246 3850 3429 3903 (μιαιιο
3461 3851 3589 3888 num

2016 3929 2156 3983 forte
2183 3945 2317 3983 crux
2355 3928 2426 3982 sit
2478 3930 2638 3981 timor
2690 3927 2805 3982 Dei.
2840 3927 3054 3981 Etenim
3108 3925 3361 3979 Salvator
3405 3927 3585 3980 dixit;

2018 4040 2035 4071 ‹
2067 4021 2170 4087 Qui
2202 4035 2306 4073 non
2354 4019 2552 4087 accipit
2587 4033 2801 4073 erucem
2831 4033 3020 4083 suam,
3071 4026 3126 4070 ct
3178 4017 3423 4085 sequitur
3478 4032 3583 4084 tne,

2015 4128 2122 4165 non
2154 4120 2237 4167 est
2266 4126 2351 4165 me
2397 4109 2593 4179 dignus
2635 4110 2703 4163 ⁸³.
2731 4130 2749 4161 ›
2809 4109 3196 4179 Smpenuntero
3249 4110 3499 4164 timorem
3554 4129 3585 4162 a

2012 4198 2301 4252 dilectione
2325 4198 2675 4252 distinximus
2696 4238 2711 4264 ,
2757 4198 3183 4268 diligentemque
3209 4198 3432 4252 timente
3464 4213 3586 4269 per-

2013 4289 2293 4345 t‘ectiorem
2326 4303 2448 4343 esse
2477 4288 2741 4353 diximus,
2772 4297 2826 4344 et
2864 4290 3237 4343 necessarium
3268 4304 3389 4343 esse
3425 4291 3584 4343 timo—

2014 4395 2128 4435 rem
2162 4395 2261 4449 pro
2293 4379 2719 4435 introductione.
2772 4380 2873 4435 Ubi
2904 4390 3082 4434 autem
3133 4381 3378 4448 ingressa
3420 4380 3586 4435 fuerit

2018 4488 2038 4522 ι
2063 4470 2304 4540 perfecta
2333 4468 2599 4535 charitas,
2640 4470 2784 4525 foras
2807 4469 2973 4524 mittit
3010 4470 3258 4523 timorem
3292 4469 3359 4524 “.
3389 4488 3408 4521 ι
3437 4469 3584 4537 Quo-

327 4566 511 4636 φόϐον.
564 4586 582 4618 ι
632 4567 785 4620 Ἐπεὶ
824 4566 1000 4620 τοίνυν
1038 4567 1350 4639 εὑρίσκεται
1389 4569 1794 4640 καθηλούμενος
1840 4572 1904 4623 ὲκ

2017 4562 2158 4616 niam
2195 4560 2356 4630 igitur
2380 4558 2566 4628 justus
2598 4560 2795 4614 timore
2824 4576 2854 4613 a
2884 4559 2993 4615 Deo
3019 4558 3266 4614 conﬁxus
3293 4561 3582 4631 reperitur,

325 4658 420 4711 τοῦ
476 4657 639 4728 φόϐου
690 4658 794 4710 ὑπὸ
835 4658 930 4711 τοῦ
972 4658 1109 4713 θεοῦ
1142 4661 1170 4712 6
1202 4658 1428 4723 δίκαιος,
1476 4659 1642 4730 ζητῶ,
1693 4663 1901 4732 μήποτε

322 4751 355 4803 6
392 4750 488 4819 μὲν
543 4749 944 4821 σταυρούμενος
991 4752 1233 4819 φοϐεῖται
1279 4751 1681 4822 καθηλούμενος
1718 4755 1783 4807 ὲκ
1808 4752 1901 4805 τοῦ

324 4841 513 4909 φόϐου,
570 4841 656 4893 ἵνα
697 4840 947 4913 νεκρώσῃ
977 4843 1045 4894 τά
1092 4842 1227 4913 μέλη
1255 4842 1321 4895 τὰ
1352 4844 1442 4895 ἐπὶ
1465 4844 1564 4913 τῆς
1595 4845 1716 4913 γῆς·
1743 4845 1903 4915 ἡνίκα

321 4931 369 4985 δ’
386 4933 452 4987 ἂν
478 4932 605 5002 ἔλθῃ
637 4934 669 5002 ἡ
689 4931 871 4985 τελεία
893 4933 1102 5004 ἀγάπη,
1129 4933 1468 5006 καθαιρείται
1487 4935 1595 4989 ἀπὸ
1616 4936 1710 4988 τοῦ
1739 4954 1903 4989 σταυ-

331 5022 751 5095 ροῦ,θάτιτεται,
784 5024 847 5075 ὲκ
879 5023 1087 5093 νεκρῶν
1120 5026 1414 5095 ἐγείρεται,
1446 5027 1507 5080 ἱν’
1533 5026 1593 5079 ὲν
1627 5027 1903 5099 καινότητι

327 5114 472 5185 ζωῆς
501 5116 870 5187 περιπατήσῃ.
903 5115 1085 5167 οὐκέτι
1108 5116 1247 5169 κατά
1269 5116 1453 5185 φόϐον,
1476 5116 1610 5170 ἀλλά
1637 5120 1778 5171 κατά
1804 5119 1903 5190 τὴν

328 5205 549 5275 ἀγάπην
580 5206 679 5277 την
708 5208 763 5258 ὲν
792 5205 1011 5277 Χριστῷ
1048 5206 1239 5275 Ἰησοῦ.

411 5298 697 5364 Ἐποίησα
721 5298 901 5366 κρίμα
926 5298 1021 5350 καὶ
1055 5296 1466 5367 δικαιοσύνην·
1511 5302 1598 5369 μὴ
1627 5301 1903 5369 παραδῷς

321 5403 400 5455 με
424 5386 548 5452 τοῖς
572 5386 852 5441 ἀδικοῦσί
883 5405 979 5456 με,
1018 5405 1071 5442 κ.
1095 5390 1208 5441 τ.ὲ.
1240 5390 1364 5453 Πῶς
1394 5387 1489 5444 οὖν
1527 5391 1645 5445 Ἰὼϐ
1671 5395 1901 5464 ποιήσας

326 5475 502 5546 κρίμα
534 5476 630 5528 καὶ
680 5476 1043 5546 δικαιοσύνην,
1077 5475 1153 5537 ὼς
1185 5476 1346 5539 αὐτὸς
1373 5478 1401 5528 6
1435 5477 1638 5548 Κύριος
1667 5478 1901 5549 ἐμαρτύ-

329 5580 485 5634 ρησε,
515 5564 782 5635 παρεδόθη
812 5568 923 5628 τοῖς
950 5564 1223 5618 ἀδικοῦσιν
1254 5566 1447 5631 αὐτόν;
1500 5567 1570 5618 Ἢ
1596 5568 1695 5636 τὴν
1727 5567 1900 5638 ψυχὴν

326 5655 509 5717 αὐτοῖς
536 5654 598 5706 οὐ
635 5655 878 5724 βούλεται
930 5656 1333 5727 παραδίδοσθαι’
1380 5656 1630 5728 σώματος
1671 5659 1778 5729 γάρ
1808 5660 1901 5711 καὶ

329 5746 620 5815 κτημάτων
662 5748 690 5799 ὁ
715 5746 915 5809 δίκαιος
934 5741 1071 5799 οἶδεν
1105 5752 1481 5819 καταφρονεῖν.

404 5839 444 5869 ⁸¹
483 5837 637 5893 Rom.
669 5855 719 5904 v,
752 5839 804 5893 5.
882 5842 925 5871 "
951 5840 1149 5909 Ephes.
1184 5857 1255 5906 ιι,
1289 5843 1375 5895 1‘2.
1457 5844 1503 5874 ⁸³
1534 5842 1721 5897 Matth.
1760 5860 1811 5908 κ,
1842 5844 1930 5898 38.

2011 4672 2196 4727 qumro
2214 4672 2339 4711 num
2370 4655 2512 4713 forte
2544 4656 2840 4713 cruciﬁxus
2875 4657 3094 4726 quidem
3124 4651 3309 4713 timeat
3336 4660 3585 4715 confixus

2012 4747 2231 4814 timore,
2277 4756 2334 4801 ut
2370 4746 2662 4803 tnortilicet
2713 4748 2957 4804 membra
3000 4764 3096 4804 sua
3125 4764 3245 4818 qua:
3272 4761 3399 4805 sunt
3424 4769 3585 4822 super

2013 4849 2247 4904 terram;
2290 4840 2512 4907 quando
2554 4852 2736 4893 autem
2779 4842 2989 4896 venerit
3036 4841 3274 4910 perfecta
3318 4843 3582 4902 charitas.

2008 4922 2315 4995 deponatur
2342 4932 2408 4985 de
2435 4945 2615 4997 cruce,
2645 4931 2958 5001 sepeliatur,
3008 4949 3038 4986 a
3076 4935 3310 4989 mortuis
3352 4937 3585 4990 suscite-

2012 5028 2121 5083 tur,
2173 5032 2232 5074 ut
2285 5022 2337 5074 in
2390 5025 2629 5078 novitate
2683 5024 2810 5077 vitae
2862 5024 3136 5090 ambulet,
3191 5041 3296 5080 non
3345 5028 3581 5097 amplius

2009 5111 2307 5164 secundum
2337 5112 2614 5179 timorem,
2640 5114 2735 5169 sed
2759 5116 3057 5170 secundum
3088 5116 3433 5173 dilectionem
3459 5133 3582 5188 qua:

2008 5212 2094 5255 est
2119 5202 2171 5253 in
2199 5200 2416 5256 Christo
2441 5202 2590 5258 Jesu.

2085 5292 2248 5347 Vnus.
2280 5294 2400 5349 121.
2438 5292 2847 5367 Fecijudicium
2868 5309 2915 5353 et
2933 5298 3202 5369 justitiam
3225 5313 3242 5350 .'
3269 5316 3372 5352 non
3396 5302 3578 5352 tradas

2008 5400 2089 5437 me
2133 5385 2580 5442 calumniantibus
2625 5406 2725 5453 me,
2762 5403 2869 5445 etc.
2920 5392 3203 5457 Quomodo
3253 5392 3417 5460 igitur
3476 5389 3579 5445 Joh

2006 5474 2121 5542 qui,
2169 5484 2229 5528 ut
2284 5485 2516 5533 testatus
2559 5488 2644 5534 est
2690 5480 2973 5545 Dominus,
3026 5480 3157 5534 fecit
3208 5481 3474 5550 judicium
3524 5496 3578 5537 et

2003 5566 2303 5635 justitiam,
2356 5570 2585 5625 traditus
2630 5578 2716 5624 est
2762 5569 3215 5627 calumniantibus
3269 5571 3366 5626 se?
3412 5572 3576 5625 Certe

2008 5658 2245 5710 animant
2290 5658 2398 5712 illis
2434 5660 2571 5714 tradi
2622 5675 2727 5712 non
2776 5660 2909 5715 vult.
2948 5661 3157 5730 Corpus
3186 5663 3331 5716 enim
3357 5670 3411 5717 et
3439 5662 3575 5717 div:-

2010 5746 2113 5801 tias
2134 5745 2313 5813 justus
2344 5749 2492 5801 novit
2510 5759 2879 5807 contemnere.

2012 5843 2056 5874 “
2088 5843 2103 5896 I
2134 5841 2289 5898 Joan.
2327 5859 2398 5908 tv,
2429 5844 2515 5899 I8.
