4106 6414
484 398 624 452 Nili;

1866 392 1951 447 EX
1995 392 2299 447 ORIGE‘NE

3621 394 3765 452 1616

560 520 719 573 Vens.
772 514 891 568 125.
964 513 1158 569 Servus
1184 523 1303 565 tuus
1334 527 1449 565 sum
1484 526 1574 580 ego
1605 531 1622 569 :
1652 516 1720 565 da
1751 512 1877 565 mihi
1905 511 2053 565 intel-

2236 512 2462 575 Δοῦλιίς
2486 526 2601 563 σου
2624 510 2741 579 εἰμὶ
2765 506 2895 580 ἐγώ
2930 511 3261 566 συνέτισόν
3280 530 3357 581 με
3386 514 3481 569 καὶ
3530 516 3761 583 γνώσο-

480 614 673 667 lectum
718 619 766 663 et
804 610 963 661 sciam
996 607 1296 660 testimonia
1332 616 1449 670 tua,
1480 615 1588 659 etc.
1642 604 1833 659 Nullus
1873 621 2063 659 servus

2174 622 2267 671 μαι
2298 604 2687 671 τὰμαρτύριιὶ
2738 621 2873 660 σου.
2936 622 2989 657 κ.
3022 622 3072 659 τ.
3108 607 3154 657 ἐ.
3199 604 3386 668 Οὐδεὶς
3432 606 3618 671 δοῦλος
3665 610 3765 680 τῆς

481 700 693 773 peccati
722 715 914 753 servus
939 708 1020 753 est
1050 698 1166 753 Dei.
1215 698 1318 764 Qui
1362 713 1491 768 ergo
1538 699 1707 752 servit
1750 699 1797 751 ei
1832 700 1885 751 in
1914 699 2060 753 omni

483 795 699 849 actione
752 808 816 845 ac
873 792 1220 858 cogitatione,
1285 792 1491 845 faciens
1540 792 1720 844 otnnia
1768 793 2062 846 secundum

482 887 707 940 verbum
752 884 890 952 ejus,
928 884 1017 939 hic
1042 885 1188 938 dicat
1223 902 1235 937 :
1268 902 1286 934 ι
1310 884 1514 939 Servus
1563 894 1689 937 tuus
1718 899 1836 937 smn
1869 898 1987 953 ego.
2039 902 2057 935 ι

483 977 634 1032 Talis
664 993 787 1031 cum
824 986 969 1030 esset
1006 974 1298 1046 Propheta,
1342 976 1393 1029 in
1435 976 1739 1029 mercedem
1787 975 2065 1030 servitutis

483 1086 596 1125 sua:
653 1068 893 1139 postulat
930 1066 1100 1123 illud:
1146 1086 1162 1118 ι
1191 1068 1263 1120 Da
1323 1067 1455 1121 mihi
1508 1067 1910 1121 intellectum.»
1968 1066 2064 1121 Est

481 1162 627 1217 enim
672 1161 986 1215 intellectus
1019 1158 1107 1213 ille
1137 1175 1164 1213 a
1202 1160 1311 1213 Deo
1336 1160 1567 1213 donatus
1591 1159 1680 1227 qui
1714 1159 1854 1225 apud
1896 1159 2063 1213 Deum

480 1254 636 1322 quasi
666 1253 717 1307 in
746 1252 985 1306 thesauri
1020 1252 1268 1305 custodia
1298 1250 1605 1319 deponitur.
1633 1249 1868 1320 Spiritus
1894 1250 2062 1314 enim,

480 1347 677 1415 inquit,
721 1344 1006 1414 sapientiae
1040 1352 1095 1397 et
1131 1342 1456 1408 intellectus,
1492 1351 1543 1397 et
1573 1352 1763 1397 czetera
1798 1341 2062 1397 bonorum

482 1438 622 1491 dona
657 1450 821 1503 super
846 1449 970 1489 eum
1007 1433 1370 1502 rcqniescent.

556 1523 723 1578 Vens.
758 1523 877 1577 I26.
907 1522 1126 1588 Tempus
1148 1521 1380 1590 faciendi
1407 1521 1654 1584 Domino,
1680 1522 2062 1589 dissipaverunt

482 1618 647 1688 legem
678 1616 845 1679 (uani,
888 1626 995 1671 etc.
1027 1615 1261 1685 Tempus
1291 1626 1369 1671 est
1402 1614 1762 1669 correctionis
1813 1615 2062 1677 Domino,

484 1721 699 1776 tempus
738 1706 990 1761 videlicet
1034 1707 1290 1761 vindictze
1322 1708 1619 1777 capiendae.
1674 1706 2064 1770 Dissolverunt,

482 1808 694 1862 irritam
736 1806 985 1860 fecerunt
1015 1801 1188 1874 legem
1219 1810 1361 1856 tuam
1408 1802 1601 1871 iniqui.
1656 1801 2017 1871 Symmachus
2048 1818 2060 1853 :

485 1918 504 1950 ι
537 1898 773 1966 Tempus
821 1894 1056 1950 faciendi
1108 1894 1358 1957 Domino,
1409 1893 1537 1961 quia
1578 1893 1853 1961 dissipant
1894 1891 2064 1961 legem

485 2002 657 2044 tuam.
690 2008 709 2041 ι
747 1988 940 2059 Aquila
974 2001 988 2040 :
1024 2005 1042 2037 ι
1073 1988 1503 2057 Ahrogaverttnt.
1533 2004 1549 2036 ι

555 2086 720 2138 Vens.
783 2081 908 2137 128.
966 2079 1259 2146 Propterea
1310 2080 1380 2132 ad
1428 2080 1603 2132 omnia
1660 2078 1917 2132 mandata
1976 2086 2068 2131 tua

491 2177 802 2247 dirigebar:
841 2189 1045 2227 omnem
1094 2172 1233 2224 viam
1279 2172 1515 2241 iniquam
1562 2170 1685 2224 odio
1736 2171 1917 2236 habui,
1955 2181 2063 2228 etc.

485 2271 589 2336 Qui
624 2269 808 2323 omnia
850 2267 1107 2321 mandata
1145 2281 1252 2320 non
1296 2264 1557 2329 servavit,
1617 2265 1661 2318 is
1707 2278 1809 2319 nec
1850 2279 2065 2319 onmem
2104 2266 2109 2269 ’

484 2366 625 2416 viam
666 2361 911 2429 iniquam
945 2360 1069 2414 odio
1102 2358 1311 2412 habuit.
1369 2357 1426 2410 Si
1462 2371 1591 2411 vero
1635 2356 1728 2426 qui
1782 2357 1934 2411 timet
1966 2356 2069 2410 Do-

485 2454 716 2518 minum,
752 2453 878 2506 odio
922 2451 1085 2505 habet
1136 2449 1503 2518 iniquitatem,
1572 2448 1659 2503 hic
1700 2457 1883 2502 autem
1923 2448 2066 2502 illam

483 2548 610 2601 odio
661 2562 770 2602 non
828 2544 1040 2608 habuit,
1102 2557 1209 2597 non
1266 2542 1420 2595 timet
1448 2540 1758 2594 Dominum.
1811 2540 1913 2606 Qui
1962 2555 2068 2594 non

486 2643 666 2703 timet,
694 2654 800 2692 non
840 2638 1033 2691 beatus
1074 2645 1184 2701 est,
1262 2630 1555 2701 siquidem,
1600 2650 1617 2682 ι
1642 2631 1834 2686 beatus
1863 2630 1947 2685 vir
1977 2631 2070 2701 qui

485 2730 643 2785 timet
676 2727 969 2782 Dominum
998 2727 1065 2780 ⁵⁸.
1101 2744 1119 2776 ι
1168 2724 1272 2791 Qui
1320 2723 1575 2778 mandata
1610 2721 1703 2777 Dei
1732 2721 1926 2792 diligit,
1952 2736 2073 2777 om-

490 2836 612 2875 nem
658 2820 773 2875 odit
818 2817 1115 2882 malitiam,
1161 2823 1347 2884 utpote
1395 2813 1476 2869 eis
1523 2812 1875 2868 contrariam.
1915 2812 2071 2869 Nulla

487 2915 634 2967 enim
688 2910 923 2965 societas
963 2909 1149 2962 virtuti
1198 2922 1322 2961 cum
1357 2904 1559 2961 malitia
1581 2946 1596 2973 ,
1622 2905 1730 2962 luci
1761 2922 1884 2962 cum
1918 2917 2067 2963 tene-

487 3003 621 3064 bris,
659 2999 879 3056 sanitati
915 3014 1036 3053 cum
1070 2998 1279 3053 morbo.

564 3094 729 3149 Vens.
764 3091 887 3146 129.
922 3090 1196 3144 Mirabilia
1223 3090 1520 3144 testimonia
1553 3099 1668 3155 tua,
1689 3091 1806 3144 ideo
1830 3100 2069 3147 scrutata

2169 698 2440 767 ἁμαρτίας
2469 696 2652 759 δοῦλός
2674 699 2788 749 ἐστι
2810 695 2901 749 τοῦ
2923 697 3079 749 Θεοῦ·
3112 700 3139 749 ό
3160 692 3252 749 οὖν
3268 696 3535 753 δουλεύων
3567 701 3625 753 ἐν
3656 702 3763 755 πά-

2169 806 2237 862 σῃ
2262 789 2457 859 πράξει
2485 788 2575 840 καὶ
2601 788 2898 859 διανοήσει,
2918 788 3087 841 ποιῶν
3115 789 3295 842 πάντα
3322 789 3463 842 κατά
3488 791 3579 844 τὸν
3604 791 3765 861 λόγον

2168 881 2354 945 αὐτοῦ,
2384 877 2536 943 οὗτος
2560 881 2781 948 λεγέτω·
2812 900 2829 931 ι
2868 880 3063 943 Δοῦλός
3086 898 3178 935 σου
3211 882 3326 953 εἰμὶ
3356 882 3485 950 ἐγώ.
3531 903 3549 936 ι
3578 885 3767 938 Τοιοῦ-

2166 988 2256 1034 τος
2277 969 2350 1023 ὢν
2376 971 2729 1040 ὁΠροφήτης,
2772 968 2913 1035 ἀξιοῖ
2949 969 3139 1038 μισθὸν
3168 968 3350 1024 λαϐεῖν
3380 971 3482 1041 τῆς
3513 971 3765 1037 δουλείας

2166 1064 2245 1115 τό·
2294 1081 2309 1112 ι
2359 1062 2644 1114 Συνὲτισόν
2699 1078 2784 1132 με.
2829 1080 2846 1110 ι
2894 1061 3047 1113 Ἔστι
3105 1062 3213 1131 γὰρ
3248 1062 3462 1127 σύνεσις
3509 1065 3765 1141 διδομένη

2167 1155 2273 1208 ἀπὸ
2307 1155 2463 1221 Θεοῦ,
2496 1154 2529 1225 ἢ
2566 1155 2852 1207 ἀπόκειται
2887 1154 3037 1223 παρά
3062 1154 3139 1224 τῷ
3160 1154 3279 1225 Θεῷ
3299 1155 3373 1219 ὡς
3408 1159 3465 1209 ἐν
3500 1156 3767 1230 θησαυρο-

2169 1246 2433 1317 φυλακίῳ.
2474 1248 2701 1316 Πνεῦμα
2731 1245 2860 1317 γάρ,
2908 1246 3062 1317 φησι,
3100 1246 3292 1315 σοφίας
3335 1248 3430 1301 καὶ
3464 1249 3762 1313 συνέσεως,

2168 1338 2261 1391 καὶ
2284 1339 2351 1393 τά
2380 1338 2506 1408 ἑξῆς
2533 1339 2639 1391 τῶν
2669 1337 2889 1406 ἀγαθῶν
2919 1338 3230 1409 χαρίσματα
3270 1340 3645 1395 ἀναπαύσεται
3673 1344 3764 1395 ἐπ’

2170 1431 2355 1485 αὐτόν.

2239 1525 2459 1592 Καιρός
2489 1526 2594 1579 τοῦ
2630 1525 2879 1593 ποιῆσαι
2896 1524 2973 1590 τῷ
2990 1526 3203 1593 Κιιρίῳ,
3234 1525 3638 1581 διεσκέδασαν
3654 1528 3767 1582 τόν

2168 1618 2357 1685 νόμον
2379 1633 2516 1681 σου,
2547 1635 2600 1671 κ.
2630 1636 2679 1671 τ.
2706 1619 2752 1670 ἐ.
2788 1617 2993 1688 Καιρός
3012 1619 3126 1670 ἐστι
3154 1617 3345 1689 χρόνος
3372 1618 3767 1690 κατορθώσεως

2168 1709 2247 1780 τῷ
2286 1711 2493 1781 Κυρίῳ,
2532 1710 2625 1764 τοῦ
2652 1712 2869 1782 ποιῆσαι
2902 1711 3180 1782 ἐκδίκησιν
3222 1712 3483 1783 δηλονότι.
3519 1714 3767 1767 Κατέλυ-

2173 1817 2289 1864 σαν,
2326 1801 2600 1872 ἠθέτησαν
2632 1803 2721 1855 τὸν
2753 1804 2913 1874 νόμον
2956 1821 3047 1857 σου
3085 1807 3133 1857 οἱ
3167 1807 3493 1877 παράνομοι.
3527 1807 3766 1877 Σύμμα-

2172 1910 2284 1961 χοςο
2341 1913 2357 1943 ι
2391 1895 2597 1965 Καιρὸς
2643 1894 2850 1965 πρᾶξαι
2897 1895 2977 1966 τῷ
3023 1896 3234 1967 Κυρίῳ,
3264 1899 3345 1951 ὅτι
3377 1898 3768 1953 σκεδαννύουσι

2169 1978 2448 2056 τὸννόμον
2479 2004 2591 2040 σου,
2626 2008 2642 2038 ι
2683 1987 2932 2050 Ἀκύλας
2964 2006 2981 2038 ι
3025 1987 3365 2059 Ἦκύρωσαν.
3405 2010 3421 2042 ι

2240 2079 2341 2131 Διὰ
2367 2080 2543 2133 τοῦτο
2568 2080 2716 2147 πρὸς
2742 2079 2945 2145 πάσας
2966 2080 3070 2145 τὰς
3095 2081 3350 2148 ἐντολάς
3392 2101 3510 2138 σου
3538 2103 3767 2155 κατωρ-

2170 2172 2420 2240 θούμην,
2455 2170 2663 2226 πᾶσαν
2709 2172 2853 2225 ὀδέν
2891 2171 3099 2225 ἄδικον
3117 2174 3402 2242 ἐμίσησα,
3440 2193 3493 2228 κ.
3525 2194 3575 2228 τ.
3611 2178 3659 2231 ἑ.
3706 2180 3768 2233 '0

2174 2261 2248 2332 μὴ
2272 2264 2450 2325 πάσας
2482 2263 2580 2324 τὰς
2614 2262 2835 2326 ἐντολὰς
2876 2261 3230 2333 κατορθώσας
3270 2265 3391 2317 ούδέ
3427 2268 3608 2321 πᾶσαν
3642 2269 3767 2322 ὁδὸν

2170 2352 2352 2407 ἄδικον
2387 2354 2668 2425 ἐμίσησεν.
2702 2356 2764 2408 Εἰ
2803 2356 2859 2409 δὲ
2888 2358 2915 2409 ὁ
2944 2356 3276 2427 φοϐούμενος
3304 2358 3395 2410 τὸν
3434 2359 3640 2430 Κύριον
3674 2379 3769 2431 μι-

2174 2446 2256 2496 σεῖ
2287 2444 2521 2508 ἀδικίαν,
2557 2439 2711 2508 οὗτος
2746 2446 2804 2499 δὲ
2829 2446 2930 2499 οὐκ
2966 2448 3251 2519 ἐμίσησεν,
3286 2449 3346 2500 οὐ
3377 2449 3623 2517 φοϐεῖται
3670 2453 3768 2507 τὸν

2172 2534 2396 2607 Κύριον.
2445 2537 2502 2589 Ὀ
2545 2538 2603 2591 δέ
2653 2538 2727 2610 μὴ
2772 2539 3103 2610 φοϐούμενος
3146 2541 3208 2593 οὐ
3241 2543 3529 2613 μακάριος,
3580 2544 3766 2616 εἴπερ,

2179 2645 2197 2676 ι
2244 2628 2529 2699 Μακάριος
2559 2631 2587 2682 ὁ
2618 2630 2949 2701 φοϐούμενος
2974 2632 3063 2684 τὸν
3086 2632 3309 2703 Κύριον.
3352 2653 3369 2685 ι
3415 2635 3472 2687 Ὁ
3496 2634 3593 2699 τὰς
3614 2637 3768 2690 ἐντο-

2174 2718 2271 2782 λάς
2300 2720 2393 2773 τοῦ
2424 2720 2561 2773 Θεοῦ
2598 2723 2829 2791 ἀγαπῶν
2860 2726 3007 2793 μισεῖ
3036 2726 3215 2779 πᾶσαν
3242 2725 3463 2791 κακίαν,
3499 2727 3576 2790 ὡς
3610 2728 3766 2781 ἀντι-

2174 2811 2437 2883 κειμένην
2464 2813 2671 2877 αὐταῖς.
2713 2814 3051 2886 Ἀσύμϐατον
3089 2815 3197 2887 γάρ
3228 2817 3396 2888 ἀρετὴ
3420 2818 3517 2873 καὶ
3568 2819 3766 2885 κακία,

2175 2902 2292 2972 φῶς
2325 2904 2420 2958 καὶ
2442 2905 2652 2969 σκότος,
2682 2906 2839 2975 ὑγεία
2873 2907 2968 2960 καὶ
3002 2908 3178 2971 νόσος.

2246 3089 2570 3158 Θαυμαστὰ
2604 3090 2676 3144 τὰ
2699 3092 2995 3161 μαρτύριά
3022 3109 3158 3157 σου,
3185 3093 3282 3147 διὰ
3311 3094 3487 3149 τοῦτο
3518 3095 3768 3165 ἐξηρεύ-

485 3199 559 3244 est
596 3206 656 3243 ea
696 3185 875 3239 anima
905 3199 1042 3244 mea,
1082 3191 1189 3236 etc.
1218 3181 1355 3248 Quia
1387 3196 1581 3251 magna
1602 3196 1727 3236 cum
1760 3180 1871 3236 sint
1904 3182 2069 3255 812

2174 3196 2368 3249 νησεν
2410 3182 2564 3237 αὐτὰ
2609 3186 2647 3253 ἡ
2692 3185 2863 3253 ψυχή
2887 3204 3028 3254 μου,
3072 3204 3125 3239 κ.
3172 3204 3219 3239 τ.
3258 3187 3303 3239 ἐ.
3353 3187 3505 3241 Ἐπεὶ
3552 3189 3768 3258 μεγάλα

492 3282 800 3340 testimonia
835 3289 923 3333 tua
951 3278 1283 3346 uberemque
1310 3291 1527 3331 sensum
1557 3277 1813 3341 habeant,
1850 3276 2072 3333 mirabi-

489 3380 557 3431 lia
626 3382 774 3437 sunt,
820 3371 1024 3426 idcirco
1062 3385 1167 3425 non
1215 3367 1512 3437 vulgariter
1562 3368 1631 3422 iis
1686 3367 1927 3433 attendo,
1977 3367 2071 3422 sed

489 3466 679 3523 sedulo
711 3466 799 3520 illa
834 3469 1206 3534 perscrutatur
1236 3460 1414 3514 anima
1459 3474 1600 3514 mea.
1655 3460 1790 3516 Cum
1836 3460 1983 3514 enim
2011 3473 2072 3513 ea

489 3556 889 3626 contemplatus
936 3555 1088 3609 fuero
1114 3594 1129 3618 ,
1174 3551 1439 3620 meipsum
1474 3551 1633 3605 video
1670 3551 1965 3619 plurimum
2006 3552 2074 3605 ab

490 3664 683 3703 eorum
716 3646 1027 3715 cognitione
1058 3653 1323 3697 remotum
1355 3656 1475 3697 esse
1496 3682 1510 3706 ,
1550 3651 1603 3695 et
1636 3642 1832 3695 iterum
1862 3640 1929 3696 iis
1956 3641 2074 3696 ani-

494 3754 642 3793 mum
700 3737 917 3804 adjicio.
973 3735 1177 3789 Deinde
1213 3747 1444 3788 cernens
1497 3748 1581 3788 me
1642 3734 1731 3787 vix
1778 3734 1832 3787 in
1886 3749 2073 3789 eorum

496 3828 900 3884 introductioue
934 3827 1161 3894 versari,
1190 3828 1365 3881 denuo
1388 3840 1506 3880 eam
1535 3826 1687 3894 cuius
1716 3840 1892 3895 capax
1929 3840 2071 3892 sum,

495 3922 900 3993 inquisitionem
940 3919 1159 3974 intendo
1183 3959 1198 3985 ,
1235 3919 1405 3973 donec
1450 3918 1716 3988 integram
1748 3919 2074 3988 cognitionis

495 4031 683 4070 eorum
709 4014 997 4067 veritatem
1029 4010 1328 4066 obtineam.

567 4104 732 4161 Vens.
763 4105 887 4162 151.
922 4100 995 4157 Os
1021 4118 1190 4156 meum
1217 4102 1436 4168 aperui,
1479 4110 1525 4154 et
1565 4103 1765 4155 attraxi
1804 4105 2067 4169 spiritum,

493 4202 618 4271 quia
644 4197 896 4251 mandata
939 4204 1028 4247 tua
1057 4192 1447 4255 desiderabam,
1496 4201 1605 4244 etc.
1652 4191 1753 4257 Qui
1784 4208 1881 4261 per
1909 4208 2071 4261 opera

493 4291 712 4363 aperuit
746 4305 863 4355 cor,
902 4287 1131 4341 attrahit
1169 4285 1431 4354 Spiritum
1465 4292 1711 4337 sanetum
1744 4284 2070 4338 revelantem

494 4388 542 4443 ei
579 4384 844 4456 mysteria
889 4380 1006 4434 Dei.
1042 4378 1115 4434 Os
1142 4378 1337 4432 anima:
1365 4392 1496 4430 mea:
1527 4385 1610 4430 est
1654 4376 1928 4446 cogitatio.
1962 4375 2073 4431 Hoc

494 4479 664 4548 igitur
701 4474 858 4527 malis
898 4471 1321 4542 cogitationibus
1352 4468 1621 4533 clausum,
1671 4468 1856 4536 aperui
1893 4466 2069 4532 bonis,

2172 3274 2304 3330 ὅντα
2336 3276 2433 3330 καὶ
2454 3275 2621 3331 πολὺν
2646 3276 2835 3346 ἔχοντα
2860 3276 2984 3331 νοῦν
3013 3278 3079 3330 τὰ
3102 3279 3379 3350 μαρτύριά
3408 3296 3523 3344 σου,
3551 3280 3769 3353 θαυμα-

2175 3368 2276 3421 στά
2297 3369 2433 3431 ἐστι,
2455 3367 2646 3422 τούτου
2678 3369 2835 3438 χάριν
2851 3370 2950 3438 οὐχ
2972 3369 3047 3432 ὼς
3063 3369 3251 3439 ἔτυχεν
3281 3371 3461 3434 αὐτοῖς
3487 3374 3767 3444 προσέχω,

2172 3458 2288 3513 ἀλλ’
2322 3459 2725 3530 ἐπιτεταμένως
2756 3458 3012 3531 ὲξερευνᾷ
3048 3461 3185 3514 αὐτὰ
3219 3463 3252 3532 ἡ
3293 3462 3436 3535 ψυχή
3466 3482 3588 3535 μουο
3626 3466 3771 3537 ἔχων

2174 3549 2282 3622 γὰρ
2301 3550 2397 3621 τὴν
2430 3551 2610 3605 αὐτῶν
2640 3551 2893 3623 θεωρίαν,
2926 3552 3038 3623 ὁρῶ
3082 3554 3316 3624 ἐμαυτὸν
3349 3556 3483 3609 πολὺ
3514 3558 3614 3628 τῆς
3643 3560 3767 3613 ἐπι-

2176 3643 2392 3711 στήμης
2439 3641 2617 3695 αὐτῶν
2670 3643 3120 3715 ἀπολειπόμενον,
3162 3647 3257 3699 καὶ
3298 3646 3550 3720 δεύτερον
3580 3653 3769 3717 αὐτοῖς

2175 3730 2471 3783 ἐπιϐάλλω*
2516 3726 2633 3784 εἶτα
2664 3732 2823 3786 πάλιν
2873 3732 3035 3804 ὁρῶν,
3064 3736 3144 3787 ὅτι
3196 3736 3353 3806 μόγις
3388 3739 3447 3790 ἐν
3484 3741 3766 3814 εἰσαγωγῇ

2175 3823 2353 3877 αὐτῶν
2369 3824 2619 3895 ὑπάρχω,
2645 3826 2897 3880 ἐπιτείνω
2916 3826 3094 3879 τοίνυν
3122 3830 3472 3901 ἐγχωροῦσάν
3501 3849 3591 3901 μοι
3613 3834 3769 3905 ἔρευ-

2176 3931 2295 3977 ναν,
2327 3915 2431 3980 ἐως
2456 3909 2519 3968 οῦ
2566 3917 2665 3986 τὴν
2690 3918 3167 3989 ἀκραιφνεστάτην
3197 3921 3296 3990 τῆς
3330 3922 3643 3995 ἐπιστήμης
3668 3925 3770 3978 αὐ-

2174 4004 2282 4057 τῶν
2311 4004 2418 4071 ἔξω
2446 4005 2725 4076 ἀλήθειαν.

2251 4098 2322 4152 Τὸ
2355 4102 2550 4169 στόμα
2573 4118 2692 4169 μου
2733 4100 2947 4168 ἤνοιξα
2976 4103 3075 4156 καὶ
3096 4103 3354 4158 εῖλκυσα
3381 4106 3635 4177 πνεῦμα,
3677 4108 3769 4163 ὅτι

2176 4190 2283 4256 τὰς
2312 4190 2567 4256 ἐντολάς
2595 4206 2711 4244 σου
2742 4191 3101 4259 ἐπεπόθουν,
3155 4212 3208 4247 κ.
3259 4213 3307 4248 τ.
3344 4198 3390 4250 ἐ.
3444 4198 3502 4251 '0
3547 4200 3769 4265 ἀνοίξας

2174 4280 2259 4333 διὰ
2285 4282 2385 4352 τῆς
2412 4284 2723 4354 πρακτικῆς
2748 4283 2845 4354 τὴν
2878 4285 3124 4357 καρδίαν,
3148 4286 3293 4339 ἕλκει
3322 4289 3382 4340 τὸ
3410 4288 3563 4357 ἆγιον
3593 4292 3768 4345 Πνεῦ-

2179 4391 2255 4444 μα
2280 4374 2341 4427 τὸ
2368 4375 2753 4430 ἀποκαλύπτον
2784 4378 2932 4448 αὑτῴ
2953 4376 3023 4430 τὰ
3057 4381 3332 4449 μυστήρια
3361 4381 3454 4434 τοῦ
3488 4381 3645 4436 Θεοῦ.
3693 4384 3770 4437 Τὸ

2178 4465 2352 4535 στόμα
2392 4468 2493 4537 τῆς
2548 4466 2726 4537 ψυχῆς
2783 4485 2883 4539 μου
2946 4469 3094 4523 ἐστὶν
3124 4472 3157 4541 ή
3188 4470 3417 4525 διάνοια.
3470 4472 3643 4525 Τοῦτο
3673 4470 3769 4528 οὖν

495 4578 551 4624 et
581 4572 785 4623 attraxi
827 4567 1088 4637 Spiritum
1126 4567 1466 4632 intellectus,
1518 4566 1709 4637 gratia:
1754 4574 1809 4621 et
1860 4565 2069 4633 sapien-

2178 4557 2398 4622 κλείσας
2425 4562 2537 4622 τοῖς
2564 4561 2821 4630 πονηροῖς
2837 4561 3136 4632 λογισμοῖς,
3162 4561 3348 4632 ἡνοιξα
3379 4567 3491 4629 τοῖς
3517 4565 3768 4633 ἀγαθοῖς,

496 4678 605 4722 ιιω.

568 4756 846 4827 Ejusdem.
881 4750 1087 4806 Merces
1126 4750 1289 4819 igitur
1319 4747 1690 4803 concessionis
1726 4746 1962 4815 Spiritus
1991 4753 2076 4799 est

498 4847 736 4903 elocutio
767 4854 821 4898 et
858 4843 1139 4897 exsecutio
1173 4842 1553 4903 mandatorum
1600 4836 1716 4903 Dei,
1758 4840 1830 4890 ita
1883 4844 1943 4889 ιιι
1976 4850 2074 4889 nos

496 4937 671 4993 solum
696 4950 758 4990 os
791 4932 1122 5003 aperiamus,
1160 4941 1215 4985 et
1262 4930 1410 4984 illico
1455 4943 1485 4983 e
1532 4926 1684 4984 caslis
1733 4927 2073 4980 attrahamus

497 5027 777 5096 Spiritum.

579 5112 734 5174 Vsus.
773 5118 898 5173 155.
942 5115 1163 5169 Cressus
1215 5130 1355 5167 meos
1397 5113 1564 5182 dirige
1614 5110 1901 5164 secundum
1959 5110 2072 5162 elo-

496 5212 677 5281 quium
713 5220 884 5274 tuum,
923 5219 970 5262 et
1014 5222 1119 5260 non
1158 5205 1457 5258 dominetur
1506 5201 1606 5254 mei
1652 5201 1818 5256 omnis
1855 5199 2074 5269 injusti-

497 5305 591 5366 tia,
617 5313 725 5357 etc.
760 5301 935 5355 Mente
960 5298 1241 5369 peccantis
1274 5295 1539 5352 dominari
1568 5293 1766 5349 dicitur
1786 5292 2071 5361 injustitia;

497 5409 660 5460 opere
690 5390 1121 5463 prawaricantis,
1142 5386 1597 5459 supcrdominari.
1623 5384 1719 5440 Vel
1752 5384 1894 5440 forte
1944 5397 2078 5452 pau-

499 5486 665 5540 lulum
700 5484 1039 5554 peccantium
1082 5483 1398 5537 dominatur
1445 5478 1733 5548 iniquitas,
1783 5476 2076 5547 plurimum

500 5591 628 5631 vero
656 5575 994 5645 peccantium
1027 5573 1523 5644 supertlominatur.

574 5826 620 5856 "
652 5821 790 5876 l‘sal.
820 5835 927 5886 CXI,
960 5822 1009 5876 1.

2184 4652 2275 4703 καὶ
2297 4651 2519 4705 εἵλκυσα
2544 4653 2767 4724 Πνεῦμα
2796 4654 3083 4720 συνέσεως,
3107 4656 3351 4727 χάριτος,
3383 4660 3476 4711 καὶ
3501 4661 3713 4728 σοφίας.

2258 4743 2367 4797 Τοῦ
2399 4744 2604 4799 αὐτοῦ.
2642 4744 2849 4809 Μισθὸς
2888 4746 2998 4815 ἄρα
3045 4748 3145 4817 τῆς
3178 4749 3444 4819 χορηγίας
3472 4750 3566 4804 τοῦ
3601 4753 3772 4805 Πνεύ-

2184 4853 2351 4906 ματος
2379 4839 2412 4907 ἡ
2452 4838 2649 4908 φράσις
2683 4837 2793 4890 τῶν
2830 4839 3060 4892 ἐντολῶν
3089 4838 3182 4892 τοῦ
3212 4840 3347 4893 Θεοῦ
3383 4842 3477 4894 καὶ
3509 4846 3541 4913 ἡ
3575 4847 3772 4917 κατόρ-

2183 4930 2370 4995 θωσις,
2406 4930 2547 4984 ὥστε
2578 4930 2785 4998 ἀνοῖξαι
2810 4931 2969 5001 μόνον
2994 4934 3141 5002 ἡμᾶς
3161 4932 3224 4985 τὸ
3250 4934 3446 5004 στόμα,
3481 4936 3575 4989 καὶ
3600 4955 3773 5008 παρα-

2183 5022 2371 5091 χρῆμα
2402 5020 2628 5091 Πνεῦμα
2646 5021 2705 5086 ἐξ
2731 5021 2975 5092 οὐρανῶν
3002 5023 3197 5076 ἕλκειν.

2260 5113 2335 5166 Τὰ
2366 5112 2695 5182 διαϐήματά
2714 5130 2835 5181 μου
2880 5115 3251 5169 κατεύθυνον
3280 5117 3432 5170 κατὰ
3466 5117 3532 5171 τὸ
3559 5120 3775 5187 ,λόγιόν

2181 5219 2319 5270 σου,
2362 5204 2565 5273 καὶμὴ
2613 5205 3132 5272 κατακτιριευσάτω
3167 5225 3288 5276 μου
3330 5208 3499 5263 πᾶσα
3528 5211 3769 5279 ἀνομία,

2182 5312 2236 5348 κ.
2280 5312 2330 5347 τ.
2375 5296 2422 5348 ἑ.
2456 5294 2563 5347 Τοῦ
2596 5295 2695 5365 μὲν
2755 5296 2895 5349 κατὰ
2938 5297 3175 5350 διάνοιαν
3217 5299 3625 5370 ἁμαρτάνοντος
3673 5320 3774 5355 κυ-

2189 5385 2387 5455 ριεύειν
2415 5384 2633 5453 λέγεται
2661 5387 2693 5456 ἡ
2734 5386 2955 5457 ἀνομία’
2990 5386 3084 5439 τοῦ
3118 5387 3175 5440 δέ
3204 5390 3327 5441 κατ’
3353 5391 3635 5462 ἐνέργειαν
3668 5412 3773 5447 πα-

2188 5473 2567 5546 ρανομοῦντος,
2607 5477 3042 5548 κατακυριεύειν.
3082 5480 3152 5531 Ἢ
3179 5479 3321 5549 τάχα
3348 5481 3456 5535 τῶν
3487 5484 3584 5553 μὲν
3612 5484 3774 5554 ὀλίγα

2185 5568 2608 5639 ἁμαρτανόντων
2669 5570 2909 5641 κυριεύει
2962 5573 2996 5642 ἠ
3040 5572 3259 5643 ἀνομία,
3299 5573 3406 5626 τῶν
3450 5574 3507 5627 δὲ
3547 5575 3776 5633 πλείονα

2183 5661 2587 5732 κατακυριεύει.
