4106 6440
391 364 528 419 llil'l

459 473 769 539 Διεξόδοιος
809 471 1040 522 ὑδάτων
1059 465 1400 521 κατέδυσαν
1434 469 1484 518 οἱ
1511 464 1808 534 ὀφθαλμοί
1831 480 1972 531 μου,
2006 467 2049 524 Α

386 565 516 620 ἐπεὶ
547 566 658 616 οὐκ
706 558 980 629 ἐφύλαξα
1014 556 1122 610 τὸν
1172 557 1360 624 νόμον
1391 570 1529 614 σου,
1564 570 1618 604 κ.
1657 569 1708 604 τ.
1755 551 1799 604 ἐ.
1833 549 1972 611 Τοὺς

387 655 530 710 κατὰ
548 653 782 706 διάνοιαν
805 648 1142 720 πειρασμοὺς
1165 643 1259 698 νῦν
1277 644 1549 714 τροπικῶς
1577 643 1745 695 ὕδατα
1778 641 1975 712 όνομά-

387 748 492 812 δίει,
527 739 602 798 ὧν
626 745 772 814 ἡμᾶς
801 740 1097 812 ἀποτρέπει
1121 739 1391 809 Σολομὼν,
1412 736 1610 803 λέγων’
1641 753 1657 784 ι
1682 734 1814 786 Ἀπὸ
1847 732 1974 786 ὓδα-

385 856 479 901 τος
506 835 785 905 ἀλλοτρίου
819 833 1082 903 ἀπόσχου,
1117 833 1211 884 καὶ
1237 829 1345 884 ἀπὸ
1375 828 1558 900 πηγῆς
1583 826 1867 897 ἀλλοτρίας
1901 824 1975 896 μὴ

386 932 539 1001 πίῃς.
583 946 602 980 ι

462 1020 571 1074 Τοῦ
601 1018 808 1074 αὐτοῦ.
847 1019 910 1071 Οί
961 1017 1222 1088 ἡμέτεροι
1273 1013 1540 1086 ὀφθαλμοὶ
1594 1016 1672 1078 είς
1711 1013 1976 1078 διεξόδους

385 1111 597 1166 ὑδάτων
635 1109 994 1164 καταδύνουσι
1036 1108 1108 1162 τὰ
1133 1107 1225 1162 τοῦ
1253 1107 1368 1178 βίου
1410 1109 1712 1178 πράγματα
1745 1106 1976 1172 ἀστατα,

386 1199 468 1267 οἷς
497 1204 611 1256 ἐστι
635 1203 794 1272 χρεία
810 1200 992 1254 λοιπὸν
1008 1199 1217 1254 ἐκεῖθεν
1234 1198 1532 1270 ἀναχθῆναι
1557 1200 1650 1252 καὶ
1670 1198 1952 1268 διαϐλέψαι
1964 1239 1978 1264 ,

386 1292 528 1348 ὥστε
543 1293 609 1347 τά
620 1293 889 1363 ἑστηκότα
901 1291 994 1344 τοῦ
1016 1290 1300 1363 μέλλοντος
1315 1289 1507 1353 αίῶνος
1520 1290 1637 1343 διαθ
1648 1293 1756 1361 ρεῖν
1769 1291 1974 1344 λοιπόν.

461 1384 571 1438 Τοῦ
602 1384 808 1438 αὐτοῦ.
864 1383 922 1437 '0
949 1383 1241 1454 Σύμμαχος
1270 1382 1431 1434 οῦτον
1463 1401 1480 1432 ι
1522 1383 1826 1455 Διαιρέσεις
1854 1384 1977 1437 ὑδά-

387 1494 496 1531 των
523 1478 821 1531 κατέδυ-ναν
840 1479 887 1530 οἱ
921 1475 1190 1546 ὀφθαλμοί
1237 1494 1340 1545 μου
1373 1475 1501 1546 περὶ
1540 1476 1648 1529 τῶν
1681 1478 1754 1548 μὴ
1787 1477 1981 1546 φυλασ.

389 1568 592 1621 σόντων
625 1568 716 1621 τὸν
745 1568 907 1637 νόμον
954 1584 1068 1619 σου.
1105 1586 1122 1618 ι

471 1658 743 1726 Ἐξέτηξέ
756 1676 832 1728 με
863 1657 1041 1726 ζῆλος
1076 1672 1214 1721 σου,
1245 1658 1334 1710 ὅτι
1355 1657 1720 1713 ἐπελάθοντο
1748 1659 1981 1714 uit-rdd-

385 1767 508 1818 των
527 1766 643 1804 σου
671 1753 723 1804 ol
765 1751 968 1819 ἐχθροί
984 1768 1122 1820 μου,
1154 1768 1207 1803 κ.
1239 1768 1288 1803 τ.
1313 1752 1360 1803 ἐ.
1401 1747 1527 1804 Οἷον
1558 1750 1717 1822 ςῆλον
1748 1751 1980 1822 ἀνελάμ-

1310 349 1620 407 SELECTA
1661 350 1724 402 ΙΝ
1762 346 2096 403 PSALMOS.
2141 379 2210 388 —-
2249 345 2440 400 PSAL.
2481 339 2712 394 CXVIII.

3525 341 3662 396 ιςιςι

2161 459 2323 514 Vsus.
2385 459 2509 514 136.
2574 457 2761 509 Exitus
2821 468 3078 523 aquarum
3135 455 3460 512 transierunt
3526 462 3666 514 oculi

2077 552 2198 615 mei,
2229 552 2352 621 quia
2379 567 2479 603 non
2509 546 2765 602 custodiri
2794 546 2958 615 legem
2988 556 3133 598 tuum
3156 585 3170 610 ,
3219 557 3328 601 elc.
3377 547 3662 603 Tentatiu-

2077 659 2173 698 nes
2219 657 2339 712 qua:
2394 642 2556 694 tuenti
2590 651 2928 702 occurrunt,
2993 656 3138 694 nunc
3208 642 3438 711 ligurate
3493 659 3668 714 aquas

2079 743 2270 798 vocat,
2307 749 2335 787 a
2373 733 2569 802 quibus
2617 747 2716 786 nos
2763 736 2960 784 avertit
3015 732 3298 796 Salomon,
3337 735 3527 790 dicens
3581 737 3665 791 εει

2084 845 2101 878 ι
2127 825 2208 879 Ab
2240 840 2379 894 aqua
2441 824 2617 878 aliena
2648 823 2882 886 abstine,
2924 833 2978 876 et
3024 825 3087 876 de
3141 823 3289 878 fonte
3337 825 3516 880 alieno
3557 845 3662 882 non

2078 914 2253 970 bibas.
2286 934 2304 967 ι
3604 985 3606 988 ν

2151 1004 2431 1076 Ejusdem.
2487 1002 2642 1060 Oculi
2686 1006 2857 1060 nostri
2905 1007 2958 1060 in
3005 1007 3182 1062 exitus
3216 1023 3478 1079 aquarum
3517 1009 3661 1066 ﬂuxa

2080 1099 2202 1152 vita:
2236 1097 2396 1165 hujus
2428 1098 2640 1167 negotia
2677 1099 3023 1167 demergunt,
3057 1100 3259 1169 quibus
3303 1100 3500 1155 deinde
3525 1117 3662 1168 opus

2081 1199 2164 1245 est
2201 1189 2328 1245 inde
2371 1187 2564 1244 deduci
2601 1198 2655 1243 et
2703 1190 2996 1260 dispicere,
3055 1198 3113 1243 ut
3156 1191 3208 1244 in
3253 1201 3528 1260 posterum
3578 1207 3665 1246 res

2080 1281 2305 1336 stabiles
2336 1281 2501 1335 futuri
2530 1281 2711 1336 seaculi
2741 1291 3124 1336 contueantur.

2155 1371 2428 1442 Ejusdem.
2495 1371 2859 1444 Symmachus
2916 1376 2993 1430 sic
3055 1377 3265 1431 vertit:
3305 1396 3324 1428 ι
3363 1376 3667 1430 Divisiones

2083 1480 2346 1532 aquarum
2379 1465 2662 1519 subierunt
2700 1464 2842 1520 oculi
2883 1466 2986 1520 mei
3028 1467 3094 1521 de
3125 1467 3190 1520 iis
3218 1468 3306 1536 qui
3339 1483 3444 1522 non
3478 1478 3667 1522 custo-

2083 1557 2236 1610 diunt
2267 1555 2440 1627 legem
2472 1567 2635 1611 tuam.
2658 1578 2678 1613 ι

2160 1650 2319 1704 Vens.
2357 1648 2478 1702 159.
2535 1647 2818 1702 Tabescere
2865 1664 2946 1702 me
2981 1649 3104 1717 fecit
3148 1650 3292 1704 zelus
3338 1663 3497 1714 tuus;
3544 1647 3669 1718 quia

2083 1741 2370 1795 oblitisunt
2400 1742 2552 1795 verba
2589 1751 2682 1794 tua
2707 1742 2908 1795 inimici
2933 1743 3051 1794 mei.
3087 1751 3194 1798 etc.
3224 1743 3449 1810 Qualem
3491 1742 3668 1795 zelum

387 1840 568 1903 ὄανον,
605 1840 783 1892 εἴποτε
813 1841 998 1911 ἑώρων
1019 1841 1139 1893 τινὰ
1172 1839 1596 1912 ἐπιλελησμένον
1622 1841 1731 1894 τῶν
1767 1841 1872 1894 σῶν
1893 1843 1976 1895 λό-

2080 1834 2443 1897 assumebam,
2473 1835 2515 1888 si
2541 1836 2760 1903 quando
2805 1837 3056 1890 videbam
3093 1839 3332 1904 aliquem
3370 1833 3665 1888 verborum

385 1947 530 1999 γων;
573 1932 685 2001 Οὐχ
717 1931 904 1994 ἁπλῶς
936 1931 1115 2001 ζῆλον,
1153 1931 1288 1985 ἀλλά
1337 1932 1636 1986 διάπτοντά
1679 1951 1738 1986 τε
1774 1935 1868 1987 καὶ
1898 1933 1978 1987 ἔνο

387 2019 612 2092 θερμον,
649 2023 742 2075 καὶ
795 2023 1116 2093 αὐτόχρημα
1161 2023 1378 2086 καῦσιν,
1429 2025 1476 2076 εί
1517 2023 1781 2095 ἐθεώρουν
1823 2024 1978 2088 τινας

386 2109 914 2182 ἐπιλανθανομένους
960 2130 1054 2166 σου
1088 2113 1196 2165 τῶν
1248 2113 1437 2183 λόγων.
1488 2115 1624 2186 Περὶ
1657 2115 1848 2168 τούτου
1881 2115 1975 2168 τοῦ

386 2200 548 2272 ζήλου
576 2204 928 2276 ἐμνήσθησαν
956 2208 1004 2258 oi
1033 2205 1270 2277 μαθηταὶ
1319 2209 1384 2259 ἐκ
1409 2206 1700 2277 προσώπου
1745 2207 1837 2259 τοῦ
1874 2210 1979 2261 Κυ-

386 2294 505 2364 ρίου
547 2297 604 2348 ὲν
651 2296 850 2366 ψαλμῷ
888 2298 1200 2368 εἰρημένου,
1230 2299 1312 2350 ὅτι
1365 2317 1383 2347 ι
1411 2295 1649 2368 Ὀζῆλος
1699 2298 1794 2352 τοῦ
1825 2299 1975 2353 οἴκου

387 2399 481 2434 σου
518 2385 800 2453 κατέφαγέ
832 2403 918 2455 με.
953 2405 971 2437 ι

456 2475 894 2544 Πεπυρωμένον
938 2475 1005 2527 τὸ
1050 2479 1260 2546 λόγιόν
1313 2494 1429 2532 σου
1490 2479 1748 2548 σφόδρα,
1797 2481 1894 2533 καὶ
1945 2485 1978 2534 ὁ

383 2561 604 2630 δοῦλός
635 2580 753 2620 σου
786 2565 1107 2636 ἠγάπησεν
1143 2569 1312 2634 αὐτὸ,
1341 2588 1395 2622 κ.
1433 2588 1481 2623 τ.
1514 2573 1560 2624 ἐ.
1594 2571 1832 2635 ΙἈδολος,
1883 2591 1980 2644 φη-

387 2654 494 2717 σιν,
529 2657 558 2708 ὁ
598 2655 693 2709 τοῦ
741 2657 876 2710 Θεοῦ
925 2659 1110 2730 νόμος,
1153 2660 1229 2723 ὡς
1277 2660 1424 2730 αὐτῷ
1460 2663 1855 2733 πεπυρωμένος
1902 2663 1979 2734 τῷ

385 2747 678 2818 πνεύματιο
715 2750 903 2823 διόπερ
923 2753 985 2805 ού
1009 2753 1318 2817 κολακείαν,
1349 2756 1450 2808 οὐκ
1476 2756 1758 2826 εἰρωνείαν
1778 2757 1977 2829 κέκτη-

383 2855 494 2904 ται,
538 2841 676 2896 ἀλλά
703 2843 954 2914 φανερῶς
982 2845 1108 2909 τοὺς
1142 2846 1557 2918 ἁμαρτάνοντας
1585 2849 1817 2919 ἐλέγχει,
1851 2851 1978 2913 τοὺς

383 2931 719 3002 ἀμελοῦντας
762 2933 974 3002 στύφει.
1023 2953 1041 2985 ι
1079 2936 1196 2990 Ζῶν
1215 2937 1325 3008 γὰρ
1353 2940 1382 2990 ὁ
1402 2937 1558 3006 λόγος
1591 2939 1681 2991 τοῦ
1705 2940 1862 3004 Θεοῦ,
1885 2941 1977 2993 καὶ

384 3023 634 3096 ἐνεργὴς,
667 3026 761 3078 καὶ
787 3025 1098 3097 τομώτερος
1132 3027 1274 3099 ὑπὲρ
1301 3030 1480 3081 πᾶσαν
1511 3030 1788 3103 μάχαιραν
1811 3032 1979 3086 δίστο-

2083 1936 2296 1979 tuorum
2324 1925 2615 1980 oblivisci?
2649 1925 2845 1996 Utique
2869 1945 2974 1982 non
3006 1928 3440 1998 qualemcunque
3465 1926 3667 1985 zelum.

2080 2019 2174 2073 sed
2211 2031 2499 2072 accensum
2533 2026 2586 2072 et
2613 2016 2878 2082 calidum,
2909 2030 3072 2088 atque
3111 2018 3259 2072 illico
3283 2019 3590 2080 ardentem,
3623 2017 3667 2068 si

2079 2111 2300 2180 quando
2332 2111 2579 2164 videbam
2619 2109 2832 2179 aliquos
2864 2111 3156 2166 verborum
3196 2120 3412 2164 tuorum
3446 2109 3665 2162 oblitos.

2081 2202 2252 2272 Hujus
2281 2203 2378 2257 zeli
2407 2203 2774 2258 meminerunt
2802 2203 3077 2273 discipuli,
3111 2206 3175 2257 de
3196 2217 3306 2273 quo
3335 2217 3400 2256 ex
3434 2217 3666 2271 persona

2082 2296 2295 2352 Domini
2339 2296 2392 2350 in
2442 2296 2654 2366 psalmo
2685 2295 2729 2326 ⁸⁷
2783 2295 2986 2351 dicitur
3021 2317 3032 2350 :
3069 2313 3086 2346 ι
3114 2294 3276 2349 Zelus
3325 2293 3517 2348 domus
3565 2301 3672 2346 ture

2079 2389 2315 2444 comedit
2344 2402 2447 2442 me.
2475 2407 2493 2438 ι

2152 2479 2315 2535 Vsus.
2373 2479 2493 2534 MO.
2541 2478 2779 2548 Ignitum
2823 2477 3090 2548 eloquium
3126 2485 3274 2529 tuum
3316 2475 3666 2538 vehementer,

2080 2581 2130 2626 et
2155 2588 2332 2626 servus
2371 2581 2490 2624 tuus
2533 2570 2718 2624 dilexit
2745 2569 2902 2632 illud,
2929 2578 3040 2622 etc.
3090 2568 3228 2631 Doli,
3261 2567 3455 2635 inquit,
3498 2565 3665 2636 813

2080 2680 2276 2732 expers
2301 2673 2386 2719 est
2421 2665 2503 2718 lex
2532 2664 2648 2728 Dei,
2678 2672 2864 2732 utpote
2893 2663 3013 2731 ipso
3047 2660 3243 2729 spiritu
3279 2660 3446 2728 ignita
3483 2681 3492 2712 :
3532 2672 3672 2726 qua-

2082 2770 2305 2829 propter
2327 2774 2430 2812 non
2463 2756 2832 2811 adulationem
2853 2795 2867 2820 ,
2901 2768 3005 2808 non
3041 2752 3448 2808 simulationem
3488 2750 3668 2804 conti-

2082 2860 2194 2917 net,
2240 2850 2334 2906 sed
2387 2849 2677 2903 manifeste
2728 2856 3018 2915 peccantes
3075 2845 3285 2915 arguit,
3331 2843 3672 2912 negligentes

2080 2943 2419 3011 perstringit.
2461 2957 2480 2991 ι
2515 2940 2685 2994 Vivus
2711 2944 2793 2991 est
2817 2937 2961 2990 enim
2991 2950 3175 2989 sermo
3216 2934 3339 3000 Dei,
3370 2945 3423 2987 et
3453 2932 3667 2991 elli'cax.

2078 3043 2134 3088 et
2159 3031 2550 3104 penetrabilior
2580 3029 2730 3083 omni
2760 3029 2938 3099 gladio
2979 3026 3240 3096 ancipiti,
3272 3036 3327 3080 et
3353 3025 3674 3095 pertingens

389 3131 508 3179 μον,
552 3117 646 3168 καὶ
707 3114 1077 3186 διικνούμενος
1129 3116 1260 3188 ἄχρι
1322 3120 1591 3190 μερισμοῦ
1641 3121 1823 3191 ψυχῆς
1881 3122 1975 3175 καὶ

2080 3141 2250 3197 usque
2282 3126 2350 3180 ad
2371 3123 2695 3179 divisionem
2726 3121 2923 3175 animae
2952 3129 3006 3174 cl.
3045 3120 3305 3188 spiritus,
3343 3131 3667 3186 compagum

385 3203 718 3275 πνεύματος,
769 3207 960 3278 ἁρμῶν
998 3224 1057 3260 τε
1093 3209 1188 3260 καὶ
1221 3208 1456 3278 μυελῶν,
1486 3211 1580 3264 καί⁵
1614 3212 1856 3281 κριτικὸς
1887 3214 1975 3267 ὲν-

383 3293 676 3366 θυμήσεων
724 3300 818 3354 καὶ
856 3302 1075 3357 ἐννοιῶν
1130 3302 1380 3372 καρδίας.
1436 3321 1454 3354 ι
1513 3303 1714 3357 Τοῦτον
1772 3304 1976 3370 τοίνυν,

384 3386 545 3460 εἴπερ
569 3390 736 3461 ἐσμὲν
761 3391 936 3444 δοῦλοι
968 3393 1061 3446 τοῦ
1085 3394 1244 3459 Θεοῦ,
1271 3395 1364 3448 καὶ
1387 3395 1547 3465 ἡμεῖς
1579 3396 1976 3468 ἀγαπήσωμεν,

389 3482 659 3553 μηδαμῶς
703 3485 866 3537 αὑτὸν
917 3485 1242 3552 κυϐεύοντες
1297 3488 1432 3558 μηδὲ
1474 3487 1751 3552 δολοῦντες
1807 3490 1977 3561 (ὅπερ

385 3576 497 3639 πᾶς
520 3577 548 3629 ό
575 3577 788 3641 Παῦλος
817 3577 1082 3649 ᾐνίξατο),
1117 3580 1356 3654 καθαρὸν
1375 3580 1429 3635 δὲ
1462 3581 1844 3653 προφέροντες,
1875 3600 1978 3636 κα-

386 3666 565 3739 θάπερ
580 3669 645 3721 ἐκ
660 3669 758 3739 τῆς
779 3667 872 3722 τοῦ
897 3669 1040 3722 Πνεύ
1049 3688 1216 3742 ματος
1232 3671 1462 3742 χωνείας
1477 3672 1796 3742 ἐδεξάμεθα.

460 3759 572 3815 Τοῦ
606 3760 813 3815 αὐτοῦ.
855 3761 929 3814 Τὸ
961 3763 1357 3833 πεπυρωμένον
1388 3764 1566 3832 λόγιον
1597 3765 1692 3819 τοῦ
1725 3765 1859 3819 Θεοῦ
1883 3784 1980 3820 κα-

384 3850 599 3904 τακαίει
635 3850 786 3916 ξύλα,
834 3851 1044 3923 χόρτον,
1081 3853 1356 3924 καλάμην,
1397 3855 1497 3919 τάς
1529 3855 1810 3928 μοχθηρὰς
1837 3856 1980 3923 ἕξεις

385 3940 700 3994 ἀναλίσκον.

469 4035 536 4090 Ἦ
563 4033 919 4103 δικαιοσύνη
963 4051 1079 4090 σου
1112 4035 1468 4104 δικαιοσύνη
1499 4039 1586 4104 εἰς
1618 4037 1725 4092 τὸν
1768 4037 1973 4102 αἰῶνα,

385 4128 485 4181 καὶ
521 4131 554 4182 ὀ
579 4129 764 4197 νόμος
787 4143 906 4182 σου
933 4127 1201 4195 ἀλήθεια,
1235 4147 1286 4182 κ.
1310 4145 1360 4180 τ.
1389 4131 1434 4181 ἑ.
1488 4129 1552 4182 Ἤ
1583 4131 1733 4201 παρά
1767 4130 1977 4202 ἀνθρώ-

385 4236 507 4285 ποις
537 4219 849 4290 δικαιοσύνη
890 4219 1026 4291 πρὸς
1069 4219 1247 4288 ὀλίγον
1279 4219 1594 4291 ψηφίζεται.
1653 4220 1974 4293 Δικαιοσύνη

385 4309 602 4375 αίώνιος
628 4308 938 4382 δικαιοσύνη
975 4310 1178 4382 κυρίως
1199 4328 1210 4340 ’
1262 4312 1321 4364 ὃν
1368 4311 1434 4364 ἂν
1459 4311 1709 4376 δικαιοῖς,
1741 4313 1976 4376 αίωνίως

386 4405 480 4457 καὶ
506 4403 729 4468 δικαίως
779 4403 1039 4474 βεϐαιοῖς.
1093 4403 1156 4456 Ἦ
1184 4405 1240 4457 δὲ
1285 4403 1394 4458 τῶν
1441 4403 1742 4476 ἀνθρώπων
1776 4407 1834 4459 οῦ
1867 4423 1972 4459 τοι·

2083 3233 2299 3290 quoque
2326 3232 2390 3271 ac
2420 3214 2775 3270 medullarum
2796 3253 2811 3278 ,
2869 3221 2922 3268 et
2973 3213 3240 3269 discretor
3275 3209 3666 3278 cogitationum

2082 3321 2138 3365 et
2180 3309 2542 3364 intentionum
2587 3306 2770 3360 cordis
2801 3305 2868 3358 ⁸⁸.
2903 3324 2921 3356 ι
2955 3304 3107 3357 Illum
3135 3304 3320 3374 igitur,
3356 3304 3402 3356 si
3445 3302 3666 3370 quidem

2082 3401 2224 3457 servi
2259 3400 2350 3456 Dei
2380 3413 2592 3464 sumus,
2621 3413 2718 3452 nos
2749 3412 2965 3467 quoque
2987 3396 3665 3466 diligemus,nequaquam

2081 3511 2204 3551 eum
2259 3494 2605 3549 ludiﬁcantes
2653 3501 2746 3546 aut
2788 3491 3143 3545 l'alsiﬁcantes
3190 3489 3374 3559 (quod
3438 3489 3502 3543 de
3553 3505 3670 3559 qut-

2082 3588 2308 3643 busdam
2336 3585 2543 3640 Paulus
2593 3583 2954 3654 insinuavit),
2978 3582 3070 3637 sed
3101 3597 3296 3652 purum
3328 3580 3664 3650 proferemus

2081 3689 2242 3752 prout
2271 3694 2394 3734 eum
2421 3693 2485 3732 ex
2519 3677 2744 3733 fornace
2777 3677 3014 3746 Spiritus
3044 3678 3380 3744 accepimus.

2157 3771 2438 3842 Ejusdem.
2476 3767 2707 3839 Ignitum
2741 3767 3014 3831 eloquium
3050 3767 3143 3820 Dei
3193 3764 3466 3819 comburit
3493 3762 3668 3834 ligna,

2085 3865 2292 3929 fenum,
2317 3861 2595 3933 stipulam,
2634 3861 2805 3916 malos
2835 3859 3056 3914 habitus
3079 3871 3434 3913 consumens.

2152 4046 2316 4101 Vens.
2349 4043 2473 4100 142.
2505 4042 2727 4097 Iustitia
2752 4051 2844 4096 tua
2865 4040 3080 4107 justitia
3119 4041 3175 4093 in
3205 4046 3565 4101 aeternum,“
3584 4037 3670 4091 lex

2081 4151 2170 4193 tua
2188 4140 2402 4201 veritas,
2425 4145 2531 4190 etc.
2551 4133 2682 4200 Qum
2709 4133 2848 4203 apud
2879 4131 3128 4186 homines
3146 4139 3230 4184 est
3252 4129 3460 4199 justitia
3483 4127 3666 4197 parvi-

2081 4231 2354 4302 penditur.
2383 4226 2598 4282 Justitia
2630 4234 2832 4280 mterna
2865 4223 3082 4294 proprie
3117 4221 3327 4290 justitia
3360 4230 3462 4274 est.
3494 4220 3664 4285 Quem

2073 4320 2477 4392 justiﬁcaveris.
2523 4333 2649 4372 eum
2705 4318 2758 4370 in
2809 4325 3068 4370 aeternum
3098 4323 3152 4366 et
3178 4315 3324 4382 justc
3347 4311 3663 4366 conﬁrmas.

2079 4412 2297 4468 Justitia
2332 4424 2465 4466 vero
2491 4409 2766 4464 hominum
2803 4421 2908 4460 non
2942 4416 3024 4461 est
3051 4404 3333 4475 ejusmodi.
3368 4402 3668 4471 Tempora-

385 4495 523 4567 αύτη
545 4512 558 4525 ·
589 4495 922 4567 πρόσκαιρός
947 4512 1006 4548 τε
1042 4495 1149 4567 γὰρ
1177 4495 1271 4548 καὶ
1305 4494 1645 4568 σφαλλομένη
1677 4497 1746 4550 τὰ
1780 4497 1970 4550 πολλά.

2083 4519 2183 4559 nea
2219 4503 2362 4558 enim
2399 4511 2483 4556 est
2512 4511 2564 4556 et
2590 4515 2732 4570 smpe
2766 4498 2918 4554 falsa.
2943 4496 3054 4553 Lex
3086 4508 3174 4550 ttta
3203 4498 3432 4566 ipsumet
3467 4495 3666 4548 veritas

384 4589 496 4642 Καὶ
527 4588 556 4640 ό
582 4588 744 4658 νόμος
774 4605 866 4641 σου
896 4587 1025 4641 αὐτὸ
1073 4588 1262 4660 χρῆμα
1293 4587 1571 4660 ἀληθείας,
1614 4589 1816 4659 σφόδρα
1843 4589 1974 4662 ἀλη-

385 4675 559 4732 θεύων
595 4681 652 4733 ἐν
700 4680 854 4732 πᾶσι.
918 4679 1136 4732 Νοεῖται
1186 4679 1244 4732 δὲ
1275 4678 1502 4750 ἀλήθεια
1553 4680 1647 4732 καὶ
1684 4680 1973 4751 ἡόρθὸτης

383 4769 526 4824 κατά
553 4769 614 4824 τό
639 4786 652 4800 °
695 4789 718 4822 ι
742 4769 959 4834 Δίκαιος
996 4767 1064 4837 εῐ,
1101 4769 1296 4841 Κύριε,
1333 4769 1428 4822 καὶ
1475 4770 1652 4834 εὐθεῖς
1678 4772 1732 4823 αί
1764 4771 1975 4842 κρίσεις

383 4877 498 4914 σου.
538 4879 561 4913 ι

453 4954 705 5022 suum
752 4954 852 5008 καί
893 4955 1147 5024 ἀνάγκαι
1178 4956 1443 5025 εὕροσάν
1479 4972 1578 5026 με,
1625 4958 1684 5009 at
1732 4955 1976 5010 ἐντολαί

381 5059 500 5099 σου
526 5046 749 5114 μελέτη
773 5065 914 5116 μου,
960 5064 1016 5104 κ.
1052 5065 1101 5100 τ.
1126 5049 1171 5101 ὲ.
1216 5050 1426 5119 Ὥσπερ
1461 5047 1804 5120 ἐκζητουσῶν
1828 5049 1975 5118 ἡμᾶς

379 5135 488 5190 τῶν
517 5137 749 5208 θλίψεων
783 5140 876 5194 καὶ
924 5139 1031 5193 τῶν
1059 5139 1335 5209 ἀναγκῶν,
1368 5140 1513 5208 λέγει
1559 5141 1638 5207 τὸ,
1688 5159 1706 5192 ι
1730 5139 1974 5213 Εὖροσάν

385 5245 474 5298 με.
501 5248 520 5281 ι
577 5232 646 5282 Ἢ
693 5230 835 5302 τάχα
882 5231 1090 5301 θλίψεις
1137 5234 1185 5285 οἱ
1237 5231 1509 5296 θλίϐοντες
1550 5231 1821 5301 λέγονται,
1875 5234 1970 5286 καὶ

383 5321 623 5390 ἀνάγκαι
653 5326 700 5376 οἱ
729 5323 828 5388 τὰς
854 5325 1100 5394 ἀνάγκας
1132 5324 1461 5393 ἐπάγοντες·
1495 5323 1617 5388 ἔθος
1647 5325 1756 5395 γὰρ
1789 5323 1902 5395 ἔχει
1933 5327 1964 5395 ἡ

382 5412 424 5465 Γ
428 5413 575 5486 ραφὴ
605 5416 701 5479 τὰς
734 5415 875 5482 ἕξεις
903 5417 1025 5470 ἀντὶ
1056 5417 1163 5470 τῶν
1190 5417 1424 5487 ἐχόντων
1463 5417 1630 5480 αὑτὰς
1662 5417 1966 5488 ὀνομάζειν.

383 5507 542 5561 οὕτω
567 5509 676 5582 γὰρ
724 5510 876 5582 παρά
922 5509 1142 5581 Παύλῳο
1167 5532 1185 5564 ι
1207 5509 1273 5563 Ἥ
1295 5511 1482 5580 ἀγάπη
1509 5510 1765 5565 οὐδέποτε
1808 5513 1967 5565 ἐκπί-

384 5615 541 5651 πτει·
572 5619 589 5650 ι
647 5617 740 5653 και
775 5602 926 5672 παρά
954 5602 1260 5672 Σολομῶντι
1281 5618 1293 5632 ο
1327 5621 1344 5653 ι
1392 5603 1453 5655 'H
1483 5603 1626 5674 κακὴ
1663 5603 1824 5677 βουλὴ
1859 5608 1964 5660 ἀπ-

497 5691 544 5724 ⁸⁶
581 5693 739 5748 Prov.
784 5712 844 5752 ν.
898 5694 976 5750 l6.
1089 5697 1133 5728 ⁸⁷
1173 5697 1312 5754 l‘sal.
1356 5715 1544 5763 vant,
1593 5700 1674 5753 ιυ.

391 5761 436 5793 ⁶¹
475 5762 638 5820 Prov.
681 5780 738 5826 tt.
789 5766 868 5820 l7.

1789 5699 1833 5728 ⁸⁸
1874 5698 2037 5753 llcbr.
2084 5715 2161 5765 tv,
2209 5693 2306 5759 1‘2...

2078 4605 2183 4661 est,
2212 4594 2409 4664 quippe
2439 4607 2559 4661 qua:
2583 4592 2633 4645 in
2667 4593 2915 4646 omnibus
2947 4605 3106 4645 verax
3141 4600 3241 4644 est.
3275 4584 3534 4640 Veritatis
3565 4600 3664 4639 no-

2083 4689 2228 4742 mine
2281 4687 2602 4756 intelligitur
2660 4685 2822 4740 etiam
2885 4685 3154 4740 rectitudo
3198 4682 3349 4751 juxta
3415 4680 3545 4734 illud
3574 4679 3662 4733 l":

2086 4797 2103 4830 ι
2149 4778 2335 4833 Justus
2361 4791 2439 4840 es,
2470 4776 2723 4840 Domine,
2755 4786 2809 4830 et
2841 4786 2988 4832 recta
3013 4773 3215 4842 judicia
3245 4783 3354 4826 tua.
3401 4788 3420 4823 ι

2156 4964 2320 5018 Vsus.
2352 4962 2476 5016 14⁸5.
2512 4959 2902 5015 Τι’ἱὸιιίαιίοηθε
2927 4966 2977 5011 et
3006 4957 3336 5011 necessitates
3359 4955 3665 5008 invenerunt

2082 5073 2202 5121 me;
2233 5059 2488 5110 mandata
2515 5065 2607 5108 tua
2639 5054 2910 5107 meditatio
2951 5068 3066 5104 mea
3097 5060 3197 5115 est,
3234 5060 3337 5117 etc.
3370 5046 3535 5114 Quasi
3566 5063 3666 5100 nos

2080 5151 2370 5220 exquirant
2421 5149 2804 5206 tribulationes
2853 5158 2909 5204 et
2939 5147 3312 5211 necessitates,
3349 5146 3424 5198 ait
3457 5161 3470 5197 :
3508 5161 3526 5194 ι
3574 5141 3663 5195 Ιη-

2079 5250 2347 5296 venerunt
2387 5255 2494 5296 me.
2537 5259 2556 5294 ι
2592 5239 2688 5295 Vel
2734 5241 2876 5297 forte
2920 5240 3305 5296 tribulationes
3337 5235 3594 5290 dicuntur
3626 5229 3663 5286 ii

2077 5333 2168 5404 qui
2199 5332 2481 5401 tribulant,
2515 5335 2870 5390 necessitates
2894 5349 3020 5390 vero
3044 5333 3078 5388 ii
3113 5332 3202 5403 qui
3234 5329 3354 5384 illas
3394 5325 3658 5380 inferunt.

2079 5426 2232 5483 Solet
2257 5427 2401 5481 enim
2436 5426 2718 5498 Scriptura
2759 5427 2984 5483 habitus
3035 5425 3318 5482 nominare.
3348 5433 3446 5490 pro
3474 5417 3543 5472 iis
3565 5422 3660 5487 qui

2079 5518 2199 5574 illos
2247 5519 2470 5575 habent.
2516 5518 2610 5574 Sic
2645 5519 2790 5573 enim
2831 5519 2970 5586 apud
3015 5515 3240 5586 Paulum
3279 5509 3662 5565 “:«Lhartlas

2077 5625 2354 5680 nunquam
2384 5610 2585 5666 excidit
2614 5627 2627 5664 :
2671 5627 2689 5662 ι
2736 5618 2789 5662 et
2818 5610 2958 5678 apud
2995 5609 3341 5664 Salomouem
3365 5604 3446 5658 “z
3484 5621 3502 5653 ι
3536 5601 3659 5654 Per-

2400 5701 2443 5732 ⁸³
2481 5698 2622 5773 Psal.
2663 5714 2860 5766 cxvut,
2908 5701 3026 5758 157.
3141 5702 3183 5734 ⁶⁰
3222 5701 3242 5756 l
3281 5700 3660 5770 Conantes-
