4106 6416
447 284 585 341 Nil!)

1827 286 1920 342 EX
1957 278 2262 345 ORICENE

3581 281 3723 335 ιπειο

444 414 660 458 versum
694 399 982 456 consiliitm
1040 400 1258 470 reliquit
1309 400 1613 457 doctrinam
1665 415 1694 459 ει
1741 402 2009 470 juventuu

2129 403 2279 456 έλιπε
2305 400 2401 473 τὴν
2428 398 2771 453 διδασκαλίαν
2800 397 2896 469 τὴν
2925 397 2991 451 ἐκ
3011 393 3290 469 ’νεότητος,
3325 399 3419 452 καὶ
3443 396 3546 468 τῆς
3569 397 3723 461 θείας

443 501 776 562 susceptam,
799 501 856 546 et
881 492 1047 546 divini
1083 492 1391 546 testamenti
1427 492 1651 546 oblitum
1683 503 1786 548 est.
1826 514 1843 544 ι
1873 494 2026 562 Smpe

443 586 607 638 etiam
647 582 978 637 contrarium
1012 580 1139 636 facit
1167 581 1471 651 Scriptura,
1501 592 1554 637 et
1593 583 1789 639 virtute
1825 585 2022 653 praedi.

444 687 555 729 tum
616 676 733 729 loco
768 674 984 727 virtutis
1036 674 1303 728 nominat.
1342 673 1473 726 Nam
1523 673 1576 728 in
1625 673 1936 730 Proverbiis
1980 676 2023 708 ⁸³

445 768 519 820 ait
548 782 565 819 :
601 785 620 817 ‹
660 765 926 819 Illitterati
956 764 1187 818 oderunt
1210 765 1556 832 sapientiam,
1598 785 1617 817 ι
1653 766 1704 819 id
1733 775 1818 820 est
1851 766 2022 820 virtu-

445 867 568 911 tem.
600 857 664 910 Et
697 856 894 910 Paulus
925 873 940 910 :
975 875 991 905 ι
1027 855 1206 910 Nolite
1245 856 1433 910 deduci
1474 872 1504 910 a
1551 866 1732 911 mente
1781 866 2016 922 vestra,»

443 951 543 1001 hoc
585 957 672 1001 est
719 948 788 1002 ab
836 947 1097 1014 ejusmodi
1147 947 1437 1000 sententia.
1480 945 1534 1000 In
1582 947 2022 1003 tribulationibus

441 1039 696 1092 mandata
749 1047 837 1093 tua
883 1039 1165 1094 meditatio
1195 1053 1311 1092 mea
1360 1039 2020 1102 erant,consolabantur-

439 1143 542 1191 quo.
568 1142 651 1183 me
678 1143 742 1183 ac
782 1143 1016 1182 mmrore
1046 1127 1317 1183 levabant.
1351 1126 1474 1180 llree
1498 1128 1643 1181 enim
1669 1144 1792 1182 cum
1829 1143 2024 1198 opera-

441 1225 537 1273 riis
566 1219 784 1274 virtutis
826 1218 1017 1285 juncta
1067 1227 1230 1274 sunt:
1260 1235 1386 1274 nam
1429 1234 1493 1273 ex
1530 1219 1740 1273 illorum
1772 1217 2018 1273 doctrina

439 1311 810 1366 fortitudinem
863 1311 1017 1365 disco
1068 1320 1124 1365 et
1181 1311 1361 1366 tristia
1417 1324 1678 1381 generose
1730 1309 1867 1364 fero.
1931 1309 2022 1366 Sic

438 1406 600 1458 etiam
639 1405 1000 1474 Symmachus
1042 1404 1427 1474 interpretatus
1473 1415 1598 1459 est:
1637 1421 1656 1455 ι
1687 1403 2020 1458 Tribulatio-

438 1511 535 1550 ucs
563 1505 620 1550 et
665 1495 982 1550 vexationes
1024 1496 1553 1564 comprehenderunt
1589 1509 1674 1549 me
1699 1535 1715 1561 ,
1747 1504 2016 1564 prateepta

437 1599 618 1641 autem
651 1595 741 1642 tua
766 1585 1098 1641 delectabant
1127 1601 1253 1652 me;
1287 1605 1304 1636 ι
1339 1587 1534 1656 Aquila
1567 1602 1694 1641 vero
1723 1588 1838 1642 sic:
1866 1606 1884 1637 ι
1925 1587 2018 1642 Af-

439 1675 603 1729 tlictio
628 1687 678 1729 et
702 1675 951 1745 angustia
981 1675 1305 1731 invenerunt
1330 1691 1414 1730 tne
1437 1694 1451 1730 :
1479 1677 1731 1731 mandata
1759 1686 1846 1730 tua
1871 1677 2017 1732 oble-

437 1769 604 1820 ctatio
633 1781 770 1820 mea.
814 1785 831 1816 ι

507 1855 668 1910 Vsus.
703 1856 824 1909 “4.
875 1855 1131 1926 {Equitas
1179 1857 1476 1911 testimonia
1511 1867 1602 1911 tua
1644 1858 1697 1912 in
1741 1869 2014 1924 wternum,

433 1947 752 2004 intellectum
779 1948 848 2002 da
877 1949 1008 2002 mihi
1045 1959 1092 2003 et
1139 1951 1326 2014 vivam,
1365 1959 1471 2005 etc.
1513 1950 1828 2007 Intellectus
1867 1953 2018 2020 prior

430 2040 793 2102 t'st.scicutia,
832 2039 904 2092 ita
939 2048 998 2093 ut
1027 2039 1117 2108 qui
1159 2039 1384 2094 scicntia
1427 2041 1687 2110 przeditus
1712 2050 1794 2095 est
1825 2040 2018 2095 intelli-

432 2145 561 2200 gr'tts
602 2130 763 2183 etiam
800 2131 870 2183 sit
897 2146 912 2196 ;
939 2131 1030 2199 qui
1059 2139 1238 2184 autem
1270 2131 1576 2202 intelligens
1605 2141 1712 2196 est,
1749 2132 1794 2186 is
1826 2145 2017 2187 neces-

433 2224 580 2277 sario
608 2238 712 2275 non
744 2224 816 2277 sit
847 2223 1071 2278 scientia
1103 2223 1380 2291 prmditus.

499 2313 666 2384 814,
705 2315 866 2368 \‘Ens.
898 2314 1020 2368 145.
1041 2314 1280 2368 Clamavi
1305 2316 1358 2366 in
1382 2324 1489 2368 toto
1513 2315 1670 2369 corde
1705 2331 2017 2380 meo,exau-

430 2406 486 2456 di
509 2422 608 2466 me,
642 2408 880 2471 Domine,
893 2405 1302 2475 justiﬁcariones
1329 2415 1450 2460 tuas
1475 2411 1763 2476 requiram,
1785 2417 1894 2462 etc.
1912 2407 2013 2474 Qui

429 2512 492 2549 cx
521 2506 635 2552 toto
668 2499 831 2553 corde
859 2497 1030 2567 diligit
1069 2497 1260 2569 Deum,
1283 2496 1334 2552 in
1370 2506 1482 2552 toto
1515 2498 1679 2554 corde
1717 2499 1940 2554 clamat.

503 2675 773 2742 Ejusdem.
795 2674 895 2730 Hic
921 2675 1128 2732 clamor
1156 2691 1261 2731 non
1284 2685 1368 2730 est
1395 2691 1585 2748 magna
1615 2692 1740 2742 vox,
1772 2678 1868 2732 sed
1901 2693 2015 2731 ma-

427 2771 652 2839 gnitudo
674 2783 860 2823 earum
890 2785 1070 2824 rerum
1096 2784 1217 2838 quae
1246 2785 1342 2839 per
1365 2769 1508 2823 illam
1539 2768 1651 2824 Deo
1693 2771 2012 2841 significann

430 2874 535 2915 tur.
565 2861 754 2915 Justus
787 2861 931 2914 cnim
977 2875 1228 2930 magnam
1271 2859 1337 2914 ad
1369 2862 1533 2917 Deum
1566 2877 1755 2918 vocem
1789 2863 2008 2925 emittit,

429 2953 710 3021 postulans
740 2952 981 3008 coelestia
1016 2963 1070 3008 et
1103 2969 1320 3026 magna.
1351 2953 1443 3010 Sic
1471 2955 1635 3008 etiam
1661 2955 1846 3022 justus
1878 2955 2007 3009 Abel

428 3051 672 3098 mortuus
717 3043 957 3114 loquitur
984 3044 1072 3097 ‘3:
1117 3063 1136 3095 ι
1182 3045 1314 3098 Nam
1358 3060 1461 3099 vox
1501 3045 1784 3114 sanguinis
1823 3044 2009 3098 fratris

428 3134 502 3184 tui
536 3133 736 3186 clamat
763 3135 830 3187 ad
867 3149 952 3189 me
982 3134 1048 3189 de
1077 3145 1256 3190 terra:
1289 3144 1389 3188 tut
1422 3134 1766 3189 manifestum
1803 3135 1894 3188 liat
1919 3135 2009 3202 ju-

424 3235 568 3278 sutm
600 3239 795 3293 magna
831 3239 966 3280 voce
1010 3227 1076 3280 ad
1116 3225 1284 3281 Deum
1319 3225 1605 3280 clamasse.
1634 3225 1700 3278 Et
1733 3225 1899 3296 Moysi
1940 3227 2008 3281 ab

423 3313 700 3384 Egyptiis
735 3317 1166 3384 persecutionem
1201 3316 1426 3384 patienti
1459 3317 1539 3370 ait
1563 3315 1640 3368 “z
1664 3332 1684 3367 ι
1721 3316 1861 3382 Quid
1896 3315 2006 3371 ela-

426 3419 542 3459 tuas
565 3406 629 3458 ad
655 3421 738 3460 me
767 3405 793 3458 Ἰ
824 3424 844 3458 ›

501 3497 1050 3553 Vsus.M7.Prazveni
1082 3500 1139 3552 in
1179 3499 1560 3552 immaturitate
1584 3507 1630 3552 et
1661 3499 1924 3553 clamavi:
1953 3499 2007 3552 in

425 3589 576 3642 verba
610 3599 701 3642 tua
742 3591 1125 3658 supersperavi,
1151 3599 1254 3644 etc.
1285 3589 1653 3644 immaturitas
1676 3599 1758 3644 est
1795 3589 2006 3644 intelle-

421 3680 620 3734 ctualis
642 3680 924 3748 dispositio
963 3679 1297 3738 habitudinis
1334 3679 1401 3732 ad
1446 3679 1814 3748 cognitionem
1855 3679 2007 3734 festi-

425 3794 581 3831 uans.

495 3871 657 3924 VERS.
682 3869 804 3925 150.
838 3867 1394 3936 Appropinquaverunt
1420 3874 1782 3934 persequentes
1803 3881 1886 3919 me
1902 3865 2006 3918 ini-

421 3964 611 4033 quitati
638 3975 657 4014 :
679 3979 710 4016 a
740 3962 848 4032 lege
881 3969 1058 4014 autem
1094 3967 1186 4011 tua
1225 3959 1376 4028 longe
1398 3957 1527 4026 facti
1555 3967 1697 4023 sunt,
1731 3968 1836 4014 etc.
1867 3957 2005 4012 llinc

422 4055 682 4110 discimus
729 4054 861 4123 quid
888 4052 1128 4122 patiatur
1168 4054 1214 4108 is
1249 4053 1340 4122 qui
1366 4051 1569 4119 justum
1609 4052 1997 4120 persequitur:

419 4160 681 4220 quantum
713 4148 856 4203 enim
889 4147 955 4200 ad
978 4145 1181 4214 justum
1213 4145 1649 4217 persequendum
1681 4145 1998 4209 accesserit,

422 4241 757 4298 tantumdem
787 4255 815 4293 a
849 4239 965 4310 lege
1016 4238 1107 4293 Dei
1140 4237 1424 4308 elongatur
1460 4256 1474 4304 ;
1507 4246 1769 4308 quantum
1810 4246 1992 4292 autem

418 4351 447 4386 ιι
471 4333 608 4404 iege,
629 4331 963 4386 tantumdem
993 4328 1158 4384 etiam
1191 4343 1220 4382 a
1247 4328 1352 4383 vita
1377 4336 1705 4394 removetur,
1725 4329 1850 4397 quia
1878 4328 1991 4398 ipsa

416 4428 500 4473 est
525 4420 631 4472 vita
666 4429 878 4474 nostra.

492 4509 650 4566 Vens.
680 4509 805 4566 151.
835 4509 1002 4579 Prope
1029 4527 1082 4564 es
1111 4519 1190 4575 tu,
1222 4506 1465 4573 Domine,
1491 4517 1540 4562 et
1563 4524 1740 4562 omnes
1768 4509 1865 4562 via:
1890 4517 1996 4563 tua:

417 4602 631 4669 veritas,
658 4611 766 4657 etc.
792 4600 912 4670 Ipse
946 4601 1108 4672 igitur
1131 4602 1238 4656 hoc
1266 4602 1424 4655 modo
1456 4600 1674 4668 quidem
1704 4600 1997 4669 appropin-

414 4705 547 4761 quat
595 4703 1020 4749 :verumtamen
1069 4693 1173 4748 nisi
1214 4709 1315 4749 nos
1362 4693 1479 4762 ipso
1527 4693 1996 4763 appropinquante

416 4785 716 4840 etltciamus
756 4794 813 4838 ut
841 4794 896 4839 et
923 4785 1023 4854 ipsi
1050 4787 1116 4840 ad
1145 4799 1266 4839 eum
1298 4784 1648 4849 accedamus,
1673 4783 1994 4853 propinqui-

418 4884 526 4929 tate
559 4875 677 4945 ejus
705 4890 810 4931 non
835 4875 1097 4931 fruemur.
1135 4875 1339 4931 Idcirco
1370 4884 1684 4943 peccatores
1708 4889 1736 4926 a
1773 4872 1884 4927 Deo
1913 4887 1996 4929 re-

415 4968 548 5022 moti
575 4978 724 5023 sunt.
764 4987 783 5019 (
819 4968 956 5024 Ecce
979 4968 1073 5038 qui
1117 4967 1377 5037 elongant
1421 4979 1526 5021 sea
1549 4972 1604 5018 te
1623 4961 1985 5033 peribunt“.r

408 5056 433 5108 .l
448 5069 602 5116 ustus
625 5070 806 5115 autem
838 5059 999 5116 eilicit
1024 5069 1084 5114 ut
1113 5059 1224 5114 Deo
1260 5061 1676 5127 appropinquct.

484 5150 760 5222 Ejusdem.
784 5152 998 5207 iustitia
1029 5165 1199 5220 prope
1214 5161 1298 5206 est
1323 5152 1370 5206 ei
1398 5151 1486 5220 qui
1520 5157 1666 5204 recte
1682 5163 1843 5218 agere
1863 5163 1992 5202 con-

417 5247 626 5313 sucvit;
671 5247 840 5300 multo
883 5256 1064 5300 autem
1112 5247 1328 5314 propior
1357 5247 1437 5300 eis
1479 5245 1570 5315 qui
1617 5259 1788 5313 opere
1837 5244 1996 5314 justi-

418 5336 543 5390 tiam
575 5347 628 5394 et
667 5338 954 5394 scientiam
985 5337 1084 5391 sibi
1127 5346 1533 5405 compararunt.

491 5518 651 5572 \‘eus.
684 5519 803 5572 159..
833 5518 996 5572 Initio
1038 5521 1250 5587 cognovi
1281 5519 1344 5571 de
1380 5519 1692 5572 testimoniis
1723 5521 1990 5588 tuis.quia

498 5696 540 5724 "
571 5696 728 5751 Prov.
771 5715 806 5762 ι,
855 5698 944 5751 22.
1020 5699 1062 5730 ⁸⁸
1101 5697 1235 5754 Ger.
1266 5698 1420 5761 ΠΛΟ
1509 5700 1554 5731 ⁸⁵⁸
1585 5699 1752 5754 Exod.
1787 5715 1894 5756 xiv.
1935 5698 1999 5753 lii.

2129 492 2419 546 ἐπελάθετο
2449 489 2730 560 διαθήκης.
2769 507 2787 538 ι
2832 489 2984 540 Ποιεῖ
3006 487 3062 540 δέ
3095 487 3354 551 πολλάκις
3381 485 3477 540 καὶ
3501 487 3562 539 τὸ
3589 489 3723 541 ἀνά-

2127 583 2288 634 παλιν
2315 582 2347 651 ἡ
2379 581 2417 632 Γ
2424 578 2588 651 ραφὴ,
2621 578 2713 631 καὶ
2740 577 2830 629 τὸν
2863 577 3146 645 πεφυκότα
3178 576 3431 646 δέχεσθαι
3462 577 3562 646 τὴν
3590 578 3702 648 ἁρεο

2125 673 2222 743 τὴν
2254 673 2374 725 ἀντ)⁸
2405 671 2501 741 τῆς
2526 669 2723 740 ἀρετῆς
2753 667 3026 738 ὀνομάζει.
3083 667 3170 719 Ἐν
3209 667 3317 738 γὰρ
3355 670 3478 728 ταῖς
3517 669 3715 739 Παροι-

2128 765 2278 834 μίαις
2306 763 2492 834 φησίν·
2517 779 2536 813 ι
2561 761 2624 814 Ol
2649 758 2963 812 ἀπαίδευτοι
2992 759 3261 831 ἐμίσησαν
3296 759 3510 830 σοφίαν,
3542 779 3561 811 ι
3593 761 3714 813 ἀντὶ

2124 851 2217 904 τοῦ
2262 853 2482 924 ἀρετήν.
2542 851 2654 903 Καὶ
2684 852 2713 902 6
2743 849 2989 912 Παῦλος·
3047 850 3174 921 «Μὴ
3209 849 3565 921 μετατίθεσθε
3605 851 3718 904 ἀπὸ

2123 942 2215 995 τοῦ
2242 943 2360 1006 νοὸς
2390 941 2567 1012 ἡμῶν,
2593 960 2611 992 ι
2642 940 2926 1000 τουτέστιν,
2945 940 3053 993 ἀπὸ
3090 941 3188 1012 τῆς
3218 942 3432 995 τοιᾶσδε
3465 941 3713 1014 γνώμης.

2136 1036 2222 1087 Ἐν
2250 1036 2372 1098 ταῖς
2413 1033 2654 1104 θλίψεσιν
2692 1035 2747 1086 αί
2795 1032 3005 1086 ἐντολαί
3057 1049 3152 1086 σου
3186 1034 3382 1105 μελέτη
3437 1053 3540 1104 μου
3571 1031 3716 1106 ἦσαν

2124 1125 2535 1197 παρηγοροῦσαι
2567 1125 2660 1178 καὶ
2693 1124 2752 1177 τὸ
2795 1123 2959 1192 ἄλγος
3001 1123 3472 1195 ἐπικουφίζουσαι.
3525 1125 3715 1178 Ταῦτα

2122 1219 2229 1290 γὰρ
2266 1216 2618 1282 συνέζευκται
2665 1217 2776 1280 τοῖς
2802 1214 3063 1286 ἐργάταις
3094 1215 3196 1285 τῆς
3245 1215 3475 1288 ἀρετῆς⁶
3511 1214 3576 1268 ἐκ
3603 1216 3716 1287 γὰρ

2122 1310 2220 1381 τῆς
2249 1309 2453 1364 τούτων
2501 1306 2850 1371 διδασκαλίας
2895 1305 2993 1377 τὴν
3025 1306 3249 1378 ἀνδρίαν
3287 1305 3565 1377 μανθάνω,
3617 1307 3714 1363 καὶ

2123 1403 2274 1474 φέρω
2319 1401 2581 1471 γενναίως
2621 1400 2690 1454 τά
2745 1399 2990 1471 λυπηρά.
3057 1398 3214 1452 Οὕτω
3265 1400 3360 1452 καὶ
3409 1397 3713 1470 Σύμμαχος

2123 1497 2462 1567 ήρμήνευσεν
2485 1510 2499 1523 ο
2555 1510 2574 1544 ι
2601 1491 2818 1562 Θλίψεις
2859 1490 2954 1544 καὶ¹
2983 1489 3255 1553 κακώσεις
3283 1487 3582 1544 κατέλαόόν
3617 1507 3709 1562 με,

2121 1587 2255 1639 αἰδὲ
2286 1584 2496 1656 ἐντολαί
2518 1601 2611 1638 σου
2643 1582 2869 1656 έτερπόν
2901 1599 2988 1653 με.
3016 1601 3034 1632 ι
3087 1581 3144 1634 '0
3172 1580 3229 1634 δέ
3268 1581 3497 1646 Ἀκύλας
3525 1581 3670 1635 οὕτω
3691 1598 3708 1614 ⁸

2126 1697 2144 1729 ι
2169 1677 2413 1749 Θλιμμὸς
2435 1678 2527 1731 καὶ
2555 1675 2752 1747 συνοχὴ
2782 1671 2939 1750 εὗρόν
2972 1691 3040 1744 με
3063 1689 3076 1703 ·
3112 1674 3166 1726 αἱ
3199 1673 3408 1726 ἐντολαί
3439 1691 3534 1727 σου
3569 1673 3710 1728 ἀπό-

2052 1759 2095 1812 Β
2122 1759 2311 1834 λαυσίς
2340 1787 2462 1840 μου.
2489 1787 2508 1821 ι

2192 1862 2552 1928 Δικαιοσύνη
2604 1861 2677 1914 τὰ
2709 1856 3006 1930 μαρτύριά
3051 1873 3167 1911 σου
3214 1860 3301 1924 εὶς
3337 1858 3445 1912 τὸν
3483 1857 3670 1914 αἰῶνα
3691 1871 3706 1890 ο

2117 1955 2445 2010 συνέτισόν
2480 1971 2577 2024 με,
2618 1952 2718 2007 καὶ
2759 1950 3028 2022 ζῆσομαι,
3082 1971 3137 2009 κ.
3169 1970 3220 2007 τ.
3261 1953 3307 2005 ἐ.
3374 1951 3436 2004 Ἦ
3490 1949 3709 2013 σύνεσις

2118 2047 2359 2118 προτέρα
2393 2045 2511 2100 ἐστὶ
2541 2046 2639 2116 τῆς
2668 2044 2941 2113 γνώσεως,
2992 2045 3068 2109 ὡς
3098 2040 3234 2098 εἶναι
3266 2042 3361 2096 τὸν
3400 2041 3707 2111 γνωστικὸν

2117 2139 2212 2192 καὶ
2256 2137 2503 2191 συνετόνο
2551 2136 2642 2190 τὸν
2692 2135 2750 2188 δέ
2787 2137 3007 2190 συνετὸν
3050 2137 3110 2189 οὐ
3160 2137 3379 2198 πάντως
3430 2135 3526 2187 καὶ
3559 2150 3701 2203 γνω-

2119 2229 2300 2283 στικὸν
2318 2255 2325 2264 ·

2199 2319 2528 2389 Ἐκέκραξα
2545 2318 2615 2371 ἐν
2635 2317 2750 2387 ὅλῃ
2781 2318 2995 2387 καρδίᾳ
3017 2336 3157 2387 μου,
3187 2315 3538 2370 ἑπάκουσόν
3559 2333 3703 2385 μου,

2115 2411 2312 2478 Κύριε,
2337 2409 2410 2463 τὰ
2453 2407 2814 2478 δικαιώματά
2837 2421 2954 2461 σου
2981 2405 3308 2476 ἐκζητήσω,
3338 2424 3390 2460 κ.
3427 2423 3477 2459 τ.
3511 2404 3558 2459 ἑ.
3613 2403 3706 2472 Ἐξ

2114 2500 2240 2570 ὅλης
2268 2498 2495 2568 καρδίας
2529 2497 2758 2567 ἀγαπῶν
2789 2497 2879 2550 τὸν
2903 2497 3057 2564 Θεὸν,
3087 2491 3245 2561 οὗτος
3288 2499 3346 2550 ἐν
3386 2497 3484 2571 ὅλῃ
3509 2497 3706 2568 κράζει

2112 2591 2335 2664 καρδίᾳ.

2189 2683 2301 2738 Τοῦ
2332 2681 2538 2738 αὐτοῦ.
2579 2682 2692 2753 Οὐχ
2717 2683 2751 2754 ἡ
2782 2681 2996 2753 κραυγὴ
3025 2679 3234 2752 μεγάλη
3263 2680 3384 2734 ἐστὶ
3409 2679 3581 2751 φωνὴ,
3609 2679 3704 2732 ἀ)-

2109 2772 2178 2827 λὰ
2224 2773 2284 2826 τὸ
2335 2773 2564 2843 μέγεθος
2608 2772 2718 2825 τῶν
2768 2771 3185 2844 σημαινομένων
3259 2771 3350 2824 ὑπ’
3398 2772 3571 2841 αὐτῆς
3621 2772 3703 2842 τῷ

2110 2859 2248 2930 Θεῷ.
2277 2861 2336 2913 '0
2361 2861 2470 2932 γὰρ
2497 2861 2702 2924 δίκαιος
2731 2861 2974 2931 μεγάλην
3003 2860 3258 2914 ἀποτελεῖ
3285 2861 3422 2932 πρὸς
3450 2861 3542 2915 τὸν
3568 2863 3702 2915 Θεὸν

2112 2951 2314 3023 φωνὴν.
2360 2952 2527 3005 αἰτῶν
2564 2952 2863 3023 ἐπουράνια
2914 2952 3007 3006 καὶ
3069 2953 3300 3021 μεγάλα.
3344 2952 3501 3006 Οὕτω
3534 2955 3629 3007 καὶ
3671 2957 3701 3008 6

2111 3044 2316 3107 δίκαιος
2345 3043 2510 3097 ’Ἅϐελ
2554 3044 2842 3098 ἀποθανὼν
2889 3044 3074 3098 λαλεῖ·
3117 3063 3134 3096 ι
3154 3044 3308 3117 Φωνὴ
3333 3045 3441 3114 γὰρ
3469 3046 3701 3117 αἵματος

2111 3135 2204 3188 τοῦ
2236 3135 2465 3204 ἀδελφοῦ
2508 3153 2599 3189 σου
2633 3136 2731 3206 βοᾷ
2771 3135 2907 3208 πρὸς
2939 3135 3006 3207 μὲ
3042 3138 3105 3189 ἐκ
3131 3137 3231 3208 τῆς
3259 3138 3395 3208 γῆς’
3422 3157 3440 3188 ι
3481 3138 3568 3191 ἵνα
3605 3139 3702 3209 δη-

2107 3225 2274 3297 λωθῇ,
2328 3228 2410 3280 ὅτι
2443 3228 2650 3291 δίκαιος
2682 3227 2822 3300 πρὸς
2876 3229 2968 3282 τὸν
3016 3228 3150 3281 Θεὸν
3199 3229 3412 3302 μεγάλῃ
3455 3229 3702 3301 κέκραγε

2106 3320 2280 3389 φωνῇ.
2320 3320 2429 3371 Καί
2456 3319 2533 3390 τῷ
2563 3321 2736 3391 Μωσῇ
2765 3320 3227 3390 καταδιωκομένῳ
3266 3320 3370 3374 ὑπὸ
3394 3320 3502 3374 τῶν
3525 3322 3698 3391 Δίγυ-

2107 3409 2279 3462 πτίων
2311 3409 2489 3479 λέγει·
2526 3429 2544 3462 ι
2571 3410 2636 3463 Τί
2672 3411 2803 3483 βοᾷς
2831 3411 2967 3482 πρὸς
3003 3410 3100 3481 μέ;
3126 3430 3144 3463 ι

2174 3502 2531 3572 Προέφθασα
2567 3503 2638 3556 ἐν
2669 3503 2883 3572 ἀωρίᾳ,
2925 3503 3022 3557 καὶ
3067 3503 3392 3573 ἐξέκραξα·
3431 3507 3519 3573 είς
3554 3504 3702 3573 τοὺς

2103 3596 2327 3664 λόγους
2348 3611 2463 3648 σου
2496 3595 2828 3662 ἑπήλπισα,
2878 3612 2932 3647 κ.
2953 3612 3005 3650 τ.
3033 3597 3080 3651 ἐ.
3135 3597 3335 3668 Ἀωρία
3375 3599 3496 3652 ἐστὶ
3529 3597 3700 3671 νοητὴ

2102 3685 2345 3748 διάθεσις
2373 3683 2538 3749 ἕξεως
2569 3686 2660 3738 ἐπὶ
2686 3685 2784 3756 τὴν
2807 3683 3005 3754 γνῶσιν
3042 3687 3442 3749 σπουδάζουσα.

2175 3867 2600 3938 Προσήγγισαν
2624 3871 2678 3923 οἱ
2703 3867 3172 3937 καταδιώκοντές
3186 3887 3263 3939 με
3289 3870 3506 3940 ἀνομίᾳ
3529 3887 3545 3903 ·
3573 3871 3694 3926 ἀπὸ

2103 3961 2172 4015 δὲ
2208 3961 2314 4015 τοῦ
2349 3961 2537 4029 νόμου
2581 3975 2697 4014 σου
2743 3960 3228 4029 ἐμακρύνθησαν,
3265 3979 3319 4014 κ.
3342 3979 3395 4015 τ.
3423 3963 3470 4017 ἐ.
3538 3963 3696 4015 Διδα-

2105 4052 2349 4123 σκόμεθα
2393 4053 2502 4106 ἀπὸ
2532 4052 2621 4104 τοῦ
2650 4053 2945 4123 λεγομένου
2993 4051 3189 4105 εἰδέναι
3217 4052 3269 4104 τί
3303 4051 3500 4123 πάσχει
3522 4053 3550 4106 6
3586 4070 3691 4106 κα-

2101 4141 2382 4196 ταδιὼκων
2410 4143 2502 4195 τὸν
2548 4143 2783 4197 δίκαιον·
2830 4145 2940 4214 ὅσῳ
2973 4143 3081 4214 γὰρ
3113 4142 3321 4212 ἐγγίζει
3368 4146 3448 4206 είς
3481 4144 3539 4196 τὸ
3567 4142 3690 4196 διώ-

2107 4251 2226 4289 κειν
2252 4234 2344 4286 τὸν
2367 4233 2592 4296 δίκαιον,
2623 4233 2860 4305 τοσούτῳ
2888 4234 3107 4306 μακρὰν
3142 4235 3350 4303 γίνεται
3388 4234 3482 4288 τοῦ
3521 4234 3688 4305 νόμου

2109 4325 2203 4380 τοῦ
2232 4325 2388 4380 Θεοῦ.
2443 4327 2600 4380 Ὅσον
2624 4326 2680 4378 δὲ
2713 4327 2820 4379 ἀπὺ
2865 4327 2957 4379 τοῦ
2989 4327 3178 4397 νόμου,
3232 4326 3565 4399 μακρύνεται
3597 4327 3693 4380 καὶ

2033 4436 2076 4491 ι)
2107 4418 2214 4477 ἀπὸ
2241 4419 2340 4488 τῆς
2373 4416 2536 4488 ζωῆς,
2567 4417 2648 4469 ὅτι
2671 4417 2808 4486 αὐτὴ
2839 4417 2950 4490 ζωὴ
2981 4418 3152 4488 ἡμῶν.

2185 4509 2398 4580 Ἐγγὺς
2427 4505 2486 4563 εἷ
2528 4509 2631 4575 σὺ,
2681 4510 2876 4578 Κύριε,
2933 4510 3029 4563 καὶ
3071 4508 3262 4564 πᾶσαι
3300 4514 3359 4565 αἱ
3399 4511 3530 4565 ὁδοί
3571 4528 3691 4565 σου

2101 4599 2374 4667 ἀλήθεια,
2403 4617 2457 4653 κ.
2481 4617 2532 4656 τ.
2557 4601 2604 4654 ἑ.
2642 4599 2814 4663 Αὐτὸς
2855 4601 2951 4670 μὲν
2977 4597 3070 4654 οὖν
3100 4601 3309 4670 ἐγγίζει
3337 4602 3512 4666 οὕτως
3531 4619 3545 4632 ·
3572 4601 3688 4655 ἀλλ’

2101 4691 2198 4746 ἐὰν
2237 4691 2310 4764 μὴ
2340 4693 2433 4746 καὶ
2474 4693 2635 4764 ἡμεῖς
2669 4693 3053 4764 ἐνεργήσωμεν
3082 4693 3249 4747 αὑτοῦ
3280 4694 3593 4762 ἐγγίζοντος
3623 4694 3690 4747 τὸ

2104 4781 2341 4851 ἐγγίζειν
2381 4781 2550 4852 αὐτῷ,
2580 4783 2682 4836 οὐκ
2716 4782 3098 4853 ἀπολαύσομεν
3132 4783 3233 4852 τῆς
3258 4782 3557 4854 ἐγγύτητπ
3591 4783 3691 4836 αὑ-

2101 4871 2216 4926 τοῦ.
2258 4873 2357 4926 Διά
2382 4873 2540 4926 τοῦτο
2569 4873 2756 4944 πόρρω
2790 4873 2926 4927 εἰσὶν
2957 4876 3005 4927 οἱ
3034 4873 3350 4945 ἁμαρτωλοὶ
3390 4873 3485 4926 τοῦ
3525 4872 3681 4926 Θεοῦ.

2103 4986 2122 5017 ‹
2145 4966 2276 5019 Ἰδοὺ
2302 4965 2350 5017 οί
2380 4963 2750 5036 μακρύνοντες
2782 4963 3008 5026 ἑαυτοὺς
3037 4963 3144 5016 ἀπὸ
3168 4967 3260 5016 σοῦ
3292 4963 3637 5017 ἀπολοῦνται.
3661 4983 3680 5015 ι

2110 5057 2168 5109 ὐ
2193 5057 2247 5109 δὲ
2277 5056 2482 5119 δίκαιος
2511 5058 2728 5127 ἐνεργεῖ
2763 5055 2823 5107 τὸ
2851 5055 3088 5124 ἐγγίζειν
3120 5055 3200 5126 τῷ
3227 5055 3365 5124 Θεῷ.

2175 5149 2286 5203 Τοῦ
2317 5147 2523 5202 αὐτοῦ.
2577 5147 2774 5217 Ἐγγύς
2800 5150 2947 5201 ἐστιν
2973 5150 3005 5218 ἡ
3044 5147 3355 5218 δικαιοσύνη
3385 5146 3478 5199 τοῦ
3507 5164 3682 5214 πεφυ-

2097 5241 2252 5303 κότος
2298 5241 2739 5312 δικαιοπραγεῖν·
2771 5239 2950 5310 πολλῷ
2989 5240 3044 5292 δὲ
3079 5239 3242 5292 πλέον
3287 5239 3435 5291 ἐστὶν
3460 5239 3683 5306 ἐγγύτε-

2101 5352 2193 5406 ρον
2218 5333 2326 5386 τῶν
2356 5335 2473 5386 κατ’
2500 5333 2778 5406 ἐνέργειαν
2820 5331 3178 5404 κτησαμένων
3215 5329 3558 5400 δικαιοσύνην
3586 5332 3682 5382 καὶ

2100 5425 2299 5493 γνῶσιν
2309 5465 2320 5476 .

2170 5518 2307 5570 Κατ’
2334 5515 2522 5585 ἀρχὰς
2556 5517 2746 5584 ἔγνων
2788 5517 2855 5571 ἑκ
2901 5515 3020 5570 τῶν
3045 5521 3383 5588 μαρτιῳιῷν
3416 5527 3554 5574 σου,
3588 5508 3676 5564 ὅτι

2098 5696 2140 5725 ⁸⁵
2181 5693 2322 5747 l‘sal.
2368 5709 2514 5754 Lm.
2554 5694 2641 5755 27.
