4106 6380
3476 391 3615 448 me

375 394 507 448 I621
1292 391 1600 446 SELECTA
1643 391 1706 445 IN
1749 389 2083 446 PSAIAIOS.
2129 421 2198 431 ——
2240 391 2432 445 PSAL.
2467 388 2702 446 CXVIII.

371 521 457 583 είς
487 515 594 570 τὸν
619 514 803 568 αἰῶνα
845 515 1244 584 ἐθεμελίωσας
1272 517 1443 579 αὐτὰ,
1480 533 1532 569 κ.
1556 534 1604 568 τ.
1631 517 1676 568 ὲ.
1721 517 1783 568 Ἦ
1810 515 1920 583 γνῶ

2049 516 2371 568 iuarternum
2417 514 2654 583 fundasti
2700 530 2801 578 ea,
2837 522 2944 568 etc.
3005 511 3135 568 Mihi
3186 512 3312 568 olim
3370 510 3437 566 ab
3472 504 3627 559 ίηὶῑῖυ

372 610 456 671 σίς
493 623 583 677 μοι
629 605 864 676 ἀρχῆθεν
914 605 1201 676 ἀρξαμένῳ
1239 605 1332 658 τοῦ
1384 605 1652 659 θεοσεϐεἴν
1694 605 1924 676 ἐλήλυθε

2055 606 2218 659 Deum
2248 606 2424 659 colere
2450 604 2731 673 incipienti
2761 604 2950 658 notitia
2978 604 3197 660 obvenit
3230 619 3258 658 a
3299 603 3624 658 testimoniis

368 698 479 752 ἀπὸ
522 697 628 749 τῶν
665 696 772 748 σῶν
820 698 1161 768 μαρτυρίων·
1214 697 1638 769 συνεργούμενος
1690 697 1796 768 γὰρ
1839 697 1924 748 ἀπέ

2049 696 2176 752 tuis.
2211 695 2344 750 Cum
2380 696 2524 748 enim
2569 693 3000 748 testimoniorum
3036 711 3063 748 a
3096 705 3146 748 te
3175 693 3499 749 traditorum
3523 711 3618 748 no-

367 789 462 843 τοῦ
498 790 811 860 νενοηκέναι
837 789 905 842 τὰ
935 791 1205 860 μαρτύρια
1224 789 1292 842 τά
1319 788 1745 860 παραδεδομένα,
1775 787 1924 840 οὑτως

2050 788 2179 842 tilia:
2202 801 2544 855 cooperarer,
2573 786 2673 839 hoc
2697 785 2851 840 modo
2876 785 3243 850 illmninabar,
3271 794 3325 840 et
3347 784 3413 840 ad
3444 783 3617 839 scien-

366 880 732 951 ὲφωτιζόμην,
766 880 860 933 καὶ⁵
904 879 1265 951 ὴκοντιζόμην
1315 881 1407 932 ἐπὶ
1453 879 1550 950 τὴν
1591 879 1812 947 γνῶσιν,
1852 880 1924 930 κα

2049 877 2175 930 tiam
2200 875 2563 938 collimabam,
2591 887 2642 930 et
2687 879 2912 946 cognovi
2944 877 3069 946 quia
3112 876 3418 930 testimonia
3453 884 3540 928 tua
3569 876 3618 928 in

368 973 561 1039 ἔγνων,
597 973 676 1024 δτι
717 972 784 1024 τά
817 973 1087 1043 μαρτύρια
1131 975 1210 1035 εἰς
1236 971 1327 1024 τὸν
1357 971 1526 1024 αἰῶνα
1558 969 1938 1041 ἐθεμελίωσας.

367 1062 429 1115 Εἰ
455 1064 512 1115 δὲ
539 1063 898 1134 ὲθεμελίωσεν
930 1067 959 1117 6
1001 1063 1132 1126 Θεὸς
1161 1065 1229 1118 τὰ
1266 1063 1561 1135 μαρτύρια,
1609 1062 1820 1116 οὐδέπω
1844 1060 1942 1133 λή-

365 1171 452 1222 γει
483 1157 563 1217 είς
601 1156 662 1208 τὸ
707 1155 1104 1226 θεμελιοῦσθαι,
1139 1155 1274 1209 ἀλλά
1307 1154 1370 1226 ζῇ
1422 1157 1482 1209 τὸ
1530 1154 1942 1226 θεμελιούμενον

362 1249 458 1300 καὶ
486 1247 956 1319 οἰκοδομούμενον.
999 1247 1061 1299 Τί
1092 1247 1147 1300 δὲ
1175 1248 1549 1317 ὲποικοδομεῖς
1586 1246 1942 1318 προστάγμα-

362 1359 449 1402 τα,
483 1341 722 1405 ἐντολὰς,
754 1339 1118 1410 δικαιώματα,
1156 1339 1417 1409 κρίματα,
1452 1339 1664 1408 σοφίαν,
1704 1339 1903 1407 γνῶσιν
1924 1355 1936 1369 ⁸

362 1438 457 1489 καὶ
486 1436 658 1501 οὕτως
686 1436 974 1508 ἀπαρτίζει
1003 1435 1099 1506 τὴν
1121 1435 1408 1506 οἰκοδομὴν
1441 1435 1497 1488 ὲν
1529 1437 1691 1490 πᾶσιν
1719 1435 1940 1504 ἀγαθοῖς

359 1525 563 1596 ἔργοις,
598 1525 774 1594 λόγοις
807 1525 1017 1594 σοφίας,
1055 1526 1363 1595 ἐπιστήμης
1394 1523 1623 1592 γνώσει*
1661 1525 1816 1578 ἅτινα
1847 1527 1941 1580 ἐὰν

361 1616 497 1669 κατὰ
525 1616 621 1686 τὴν
652 1616 972 1686 θεμελίωσιν
999 1615 1150 1686 τεθῇ,
1182 1615 1293 1685 ἔχει
1321 1633 1406 1678 τις
1430 1614 1622 1669 ἑαυτοῦ
1657 1615 1940 1687 οἰκοδόμη-

363 1728 440 1780 μα
484 1711 706 1772 τέλειον,
744 1711 892 1777 ἀξιον
937 1709 1030 1763 τοῦ
1076 1709 1352 1780 ἐνοικῆσαι
1396 1711 1455 1764 ἐν
1494 1712 1642 1783 αὑτῷ
1688 1711 1778 1765 τὸν
1807 1712 1939 1765 Θεὸν

359 1805 453 1856 καὶ
476 1804 940 1874 ὲμπεριπατῆσαι.

2044 976 2306 1020 retentum
2341 965 2598 1021 fundasti.
2628 965 2685 1020 Si
2707 976 2892 1022 autem
2920 967 3062 1022 Dens
3100 965 3346 1021 fundavit
3371 967 3620 1020 testimo-

2045 1057 2155 1119 nia,
2185 1058 2418 1113 nondum
2444 1067 2620 1112 cessat
2653 1072 2682 1112 a
2722 1057 3057 1122 fundatione,
3089 1057 3181 1113 sed
3222 1058 3355 1112 vivit
3393 1058 3444 1112 id
3475 1060 3620 1127 quod

2046 1148 2326 1202 fundatum
2376 1158 2432 1203 et
2461 1149 2785 1204 aediﬁcatum
2818 1157 2920 1204 est.
2956 1150 3092 1217 Quid
3131 1163 3260 1204 vero
3285 1149 3618 1219 supertedili-

2041 1250 2129 1295 cat
2154 1241 2177 1294 ?
2205 1251 2492 1313 praecepta,
2517 1244 2789 1309 mandata,
2803 1244 3240 1314 iustiﬁcationes,
3265 1246 3494 1314 judicia,
3529 1262 3621 1301 sa-

2042 1333 2319 1398 pientiam,
2353 1335 2680 1400 scientiam;
2719 1344 2774 1390 et
2819 1336 2899 1391 sic
2950 1337 3161 1406 perﬁcit
3201 1337 3617 1392 aediﬁcationem

2043 1422 2094 1476 iu
2124 1423 2377 1480 omnibus
2420 1426 2679 1494 Operibus
2715 1425 2900 1493 bonis,
2934 1429 3282 1483 sermonibus
3313 1430 3618 1499 sapientiae,

2041 1513 2341 1582 disciplinas
2375 1518 2720 1586 cognitione;
2753 1533 2874 1586 qua:
2897 1517 2942 1572 si
2978 1529 3099 1588 post
3127 1519 3498 1576 fundationem
3530 1537 3620 1590 po-

2040 1604 2140 1658 sita
2177 1604 2396 1669 fuerint,
2424 1605 2584 1660 habet
2618 1607 2742 1674 quis
2775 1607 2828 1660 in
2859 1610 3152 1676 semetipso
3175 1607 3462 1662 aedilicium
3495 1625 3620 1678 per-

2041 1695 2270 1760 fectum,
2321 1697 2540 1766 dignum
2582 1697 2636 1752 in
2682 1713 2791 1768 quo
2839 1698 2980 1753 Deus
3030 1698 3298 1755 inhabitet
3343 1709 3396 1755 et
3442 1701 3619 1756 inam-

2041 1787 2207 1842 hulet.

434 1854 557 1948 Ἴδε
600 1854 714 1963 τὴν
753 1854 1116 1951 ταπείνωσίν
1163 1917 1282 1967 μου
1315 1897 1413 1951 καὶ
1459 1895 1677 1960 ἐξελοῦ
1719 1912 1813 1964 με,
1849 1895 1924 1948 ὅτι

2111 1877 2273 1936 Vsus.
2315 1879 2442 1934 155.
2497 1879 2622 1933 Vide
2659 1878 3008 1934 humilitatem
3045 1897 3214 1937 meam
3255 1892 3304 1937 et
3338 1881 3482 1951 eripe
3511 1899 3614 1951 me,

355 1986 462 2038 τοῦ
489 1988 675 2056 νόμου
699 2003 817 2042 σου
845 1991 956 2043 οὐκ
985 1989 1383 2059 ἐπελαθόμην,
1415 2007 1466 2042 κ.
1489 2006 1538 2041 τ.
1561 1988 1610 2043 ι.
1653 1987 1937 2060 Μακάριον

355 2077 586 2131 ἐνώπιον
608 2081 700 2133 τοῦ
733 2081 866 2134 Θεοῦ
897 2082 1310 2136 ταπεινοῦσθαι·
1343 2083 1476 2152 φησὶ
1499 2081 1608 2152 γὰρ
1649 2081 1898 2143 Ἰάκωϐος
1918 2097 1930 2110 ⁸

360 2187 378 2217 ι
398 2169 787 2242 Ταπεινώθητε
821 2173 1052 2229 ἐνώπιον
1098 2174 1324 2245 Κυρίου,
1360 2173 1452 2227 καὶ
1486 2171 1688 2242 ὑψώσει
1716 2173 1880 2243 ὑμᾶς.
1909 2190 1925 2224 ι

357 2261 524 2314 ὀταν
553 2262 729 2315 τοίνυν
780 2263 952 2328 οὕτως
995 2266 1436 2336 ταπεινωθῶμεν,
1468 2265 1569 2319 κᾶν
1617 2266 1720 2318 ὑπὸ
1753 2265 1933 2337 δαιμό·

353 2370 459 2404 νων
502 2354 995 2426 ὲπιϐουλευθῶμεν,
1043 2357 1143 2410 κᾶν
1173 2357 1278 2410 ὑπὸ
1303 2356 1602 2428 ἀνθρώπων
1633 2357 1932 2428 μισούντων

352 2444 452 2506 τὰς
498 2447 696 2516 ἀρετὰς
722 2447 1138 2518 πολεμηθῶμεν,
1183 2449 1377 2519 ἔχομεν
1407 2447 1498 2502 τὸν
1529 2449 1660 2502 Θεὸν
1684 2449 1900 2520 ὲξαιρού

355 2553 532 2604 μενον,
568 2538 727 2607 μόνον
758 2540 843 2592 ἵνα
873 2539 966 2593 τοῦ
1008 2539 1170 2611 νόμου
1204 2539 1368 2594 αὑτοῦ
1403 2540 1478 2613 μὴ
1525 2541 1930 2611 ἐπιλαθώμεθα,

353 2630 488 2700 μηδὲ
522 2631 897 2704 ἀποκάμωμεν
924 2633 982 2687 ὲν
1013 2636 1134 2698 ταῖς
1167 2632 1401 2704 θλίψεσι.

416 2815 668 2882 Μακρὰν
705 2815 820 2869 ἀπὸ
871 2815 1236 2885 ἁμαρτωλῶν
1276 2819 1558 2884 σωτηρία,
1605 2817 1693 2870 ὅτι
1739 2815 1810 2870 τὰ
1848 2817 1931 2870 δι-

348 2902 647 2971 καιώματά
682 2920 797 2956 σου
827 2906 937 2957 οὐκ
967 2903 1354 2971 ἐξεζήτησαν,
1407 2921 1458 2956 κ.
1483 2921 1535 2957 τ.
1563 2906 1610 2957 έ.
1669 2905 1731 2956 Εἰ
1765 2906 1796 2974 ἡ
1829 2922 1931 2957 σω-

348 2995 506 3064 τηρία
540 2993 656 3046 ἐστὶ
684 2994 781 3063 τῆς
831 2994 1055 3064 λογικῆς
1085 2992 1298 3063 φύσεως
1330 2995 1362 3063 ἡ
1389 2994 1588 3062 γνῶσις
1629 2994 1722 3046 τοῦ
1771 2993 1926 3057 Θεοῦ,

347 3082 487 3152 αῦτη
515 3082 570 3135 δὲ
598 3082 865 3154 καθαραῖς
914 3083 1112 3153 ψυχαῖς
1161 3083 1456 3152 ἐγγίνεται,
1493 3082 1674 3145 καλῶς
1711 3082 1927 3150 λέγεται

347 3175 425 3230 τὸ.
447 3192 471 3226 ι
504 3175 737 3246 Μακρὰν
764 3175 871 3227 ἀπὸ
907 3173 1243 3245 ἁμαρτωλῶν
1291 3175 1553 3246 σωτηρίαο
1593 3176 1670 3238 εἰς
1695 3175 1802 3246 γὰρ
1833 3192 1930 3228 κα·
1956 3178 1997 3236 C
2033 3159 2177 3212 ⁵³1⁸³⁵
2206 3175 2221 3224 ἶ

346 3267 596 3336 κότεχνον
627 3267 801 3337 ψυχὴν
847 3267 946 3319 οὐκ
995 3266 1360 3320 εἰσελεύσεται
1415 3268 1595 3337 σοφία.
1627 3287 1644 3318 ι
1699 3263 1774 3321 Ob
1813 3267 1922 3338 γὰρ

347 3359 569 3428 ἐγγυςή
606 3359 803 3429 κρίσις,
854 3360 1018 3427 ἐγγὺς
1052 3361 1145 3411 καὶ
1175 3361 1208 3429 ἡ
1245 3361 1518 3432 σωτηρία’
1562 3360 1654 3414 καὶ
1701 3356 1761 3415 οῦ
1817 3377 1921 3431 μα-

344 3448 482 3518 κρὰν
507 3451 538 3518 ἡ
570 3449 830 3518 σωτηρία,
855 3449 948 3502 καὶ⁸
976 3450 1008 3517 ἠ
1038 3451 1218 3520 κρίσις
1249 3451 1482 3520 μακράν.
1511 3450 1608 3502 Διά
1632 3450 1715 3516 τίς
1751 3451 1923 3503 Ἐπει.

342 3539 405 3610 δὴ
437 3539 506 3592 τὰ
549 3538 894 3609 δικαιώματά
953 3556 1046 3592 σου
1094 3541 1194 3593 οὑκ
1243 3539 1587 3610 ὲξεζήτησεν.
1629 3541 1701 3592 Οὑ
1749 3539 1921 3614 γάρή

343 3628 590 3701 σωτηρία
624 3645 716 3681 σου
751 3629 940 3698 φεύγει
972 3631 1138 3700 ἡμᾶς,
1173 3630 1286 3684 ἀλλ’
1316 3633 1474 3702 ἡμεῖς
1499 3633 1700 3703 αὑτήνο
1745 3653 1763 3682 ι
1788 3629 1925 3685 Ἶίλ-

343 3721 403 3775 θε
435 3723 542 3793 γάρ
567 3724 594 3775 6
627 3723 754 3785 Υἰὸς
786 3722 879 3776 τοῦ
926 3722 1236 3794 ἀνθρώπου,
1287 3725 1319 3795 ἡ
1358 3724 1622 3795 σωτηρία,
1688 3723 1923 3796 ζητῆσαι

341 3816 436 3868 καὶ
462 3815 632 3868 σῶσαι
659 3815 719 3868 τὸ
752 3814 1045 3877 ἀπολωλός.
1079 3833 1097 3866 ι

405 3907 472 3958 Ol
529 3906 814 3973 οἰκτιρμοί
850 3921 964 3958 σου
1005 3906 1243 3966 πολλοὶ,
1279 3907 1482 3974 Κύριε·
1517 3907 1668 3961 κατὰ
1697 3909 1761 3960 τὸ
1798 3907 1916 3975 κρῖ.

338 3993 422 4065 μά
449 4009 565 4048 σου
595 3993 780 4062 ζῆσόν
801 4012 896 4064 με,
929 4011 981 4047 κ.
1009 4012 1058 4050 τ.
1086 3995 1130 4047 ἐ.
1177 3994 1362 4058 Ἔλεος
1395 3995 1680 4066 ἀνθρώπου
1713 3996 1804 4048 ἐπὶ
1827 3997 1919 4050 τὸν

341 4083 566 4153 πλησίον
593 4083 777 4146 αὑτοῦ,
823 4084 968 4146 ἕλεος
1011 4082 1068 4134 δὲ
1107 4083 1310 4154 Κυρίου
1357 4087 1450 4138 ἐπὶ
1490 4087 1668 4138 πᾶσαν
1700 4085 1876 4157 σάρκα
1899 4103 1912 4116 ·

341 4173 437 4227 καὶ
459 4175 488 4226 ὀ
519 4173 856 4236 δικαιότατος
876 4173 982 4245 γάρ
1013 4173 1296 4246 ἄνθρωπος
1319 4174 1393 4238 ώς
1424 4175 1560 4245 πρὸς
1585 4175 1684 4246 τὴν
1711 4174 1914 4246 ἀκριϐῆ

2035 1971 2161 2038 quia
2185 1970 2346 2041 legem
2396 1981 2543 2024 tuam
2579 1986 2683 2025 non
2725 1988 2843 2026 sum
2878 1973 3091 2041 oblitus,
3132 1983 3238 2030 etc.
3270 1973 3495 2029 Beatum
3530 1983 3617 2028 est

2036 2061 2202 2132 815
2251 2078 2434 2117 coram
2471 2065 2578 2118 Deo
2625 2064 2921 2122 humiliari.
2958 2066 3050 2120 Ait
3083 2067 3227 2122 enim
3246 2063 3485 2121 Jacobus
3519 2066 3566 2097 “
3597 2080 3612 2119 :

2041 2171 2061 2206 ι
2099 2154 2465 2208 Ilumiliamini
2519 2157 2572 2208 in
2630 2167 2928 2226 conspectu
2978 2155 3214 2220 Domini,
3254 2165 3310 2210 et
3352 2153 3616 2209 exaltabit

2035 2261 2150 2301 vos.
2191 2265 2210 2298 ι
2249 2245 2478 2312 Quando
2506 2248 2670 2318 igitur
2699 2249 2800 2301 hoc
2841 2249 3000 2300 modo
3030 2247 3292 2301 fuerimus
3321 2247 3617 2309 hmniliati,

2033 2338 2133 2391 etsi
2177 2339 2480 2392 dtctnonum
2521 2339 2734 2392 insidiis
2771 2339 3021 2405 impetiti.
3062 2339 3163 2394 etsi
3204 2341 3271 2393 ab
3307 2339 3616 2394 hominibus

2034 2429 2294 2483 virtutum
2351 2431 2606 2485 osorihns
2663 2435 2956 2502 oppugnati
3008 2431 3302 2495 fuerimus,
3355 2432 3615 2486 habemus

2037 2519 2203 2575 Deum
2233 2520 2326 2591 qui
2354 2535 2450 2576 nos
2475 2522 2692 2591 eripiat,
2716 2523 3008 2578 dummodo
3036 2522 3167 2593 legis
3195 2522 3311 2590 ejus
3341 2538 3446 2577 non
3471 2524 3610 2578 oblio

2034 2613 2325 2677 viscantur,
2357 2627 2531 2682 neque
2556 2613 2608 2667 in
2645 2613 3082 2670 tribulationibus
3108 2613 3349 2668 animum
3383 2613 3618 2684 despon-

2035 2706 2280 2757 tlezunus.

2110 2793 2266 2850 Vens.
2297 2795 2416 2850 I55.
2449 2793 2628 2866 Longe
2653 2813 2685 2850 α
2712 2797 3071 2866 peccatoribus
3109 2797 3277 2863 salus,
3303 2796 3427 2869 quia
3447 2796 3614 2867 justi-

2032 2888 2301 2954 ﬁcmiones
2325 2900 2440 2942 tuas
2476 2906 2578 2942 non
2609 2891 2989 2958 exquisierunt,
3038 2901 3144 2945 etc.
3183 2891 3238 2945 Si
3271 2890 3613 2946 rationabilis

2032 2979 2176 3032 salus
2202 2988 2285 3031 est
2315 2989 2518 3033 natura!
2545 2981 2780 3046 cognitio
2816 2984 2930 3050 Dei,
2960 2984 3179 3051 ipsaque
3213 2982 3361 3052 puris
3395 2983 3609 3036 anima-

2033 3069 2132 3121 bus
2159 3068 2316 3134 inest,
2358 3069 2581 3138 pulchre
2607 3072 2806 3126 dicitur
2839 3090 2852 3126 :
2895 3091 2913 3124 ι
2944 3071 3126 3143 Longe
3171 3090 3199 3126 a
3232 3074 3610 3142 peccatoribus

2310 3176 2434 3213 nam
2528 3161 2579 3215 in
2620 3163 2934 3218 malevolam
2968 3165 3201 3218 animam
3231 3179 3334 3219 non
3363 3164 3612 3220 introibit

2031 3253 2294 3321 sapientia
2313 3254 2376 3306 ⁸⁷.
2413 3274 2430 3306 ι
2452 3255 2496 3307 Α
2522 3271 2628 3325 quo
2653 3258 2796 3312 enim
2820 3273 2985 3328 prope
3011 3268 3094 3311 est
3123 3257 3407 3326 judicium,
3441 3273 3609 3329 prope

2029 3353 2112 3397 est
2140 3353 2194 3396 et
2231 3344 2377 3400 salus
2401 3363 2416 3412 ;
2441 3362 2467 3397 a
2500 3363 2606 3416 quo
2640 3348 2794 3416 longe
2829 3358 2908 3403 est
2949 3349 3118 3415 salus,
3144 3350 3300 3418 longe
3335 3358 3418 3404 est
3445 3350 3605 3420 etju-

2029 3433 2250 3488 dicinm.
2287 3436 2467 3502 Quare
2501 3438 2524 3491 ἰ
2553 3439 2690 3504 Quia
2743 3439 3160 3507 iustiﬁcationes
3208 3451 3326 3496 tuas
3365 3456 3471 3496 non
3510 3456 3605 3496 cs-

2029 3526 2268 3593 quisivit.
2320 3527 2436 3582 Non
2490 3529 2636 3582 enim
2694 3531 2831 3600 l'ugit
2867 3545 2966 3585 nos
3013 3531 3161 3586 salus
3197 3541 3310 3596 tua,
3354 3532 3450 3587 sed
3506 3546 3607 3588 nos

2030 3619 2201 3688 ipsam
2236 3619 2489 3691 fugimus.
2515 3640 2532 3672 ι
2564 3620 2724 3675 Venit
2759 3623 2906 3677 enim
2939 3623 3105 3679 Filius
3135 3625 3371 3679 hominis
3399 3625 3611 3689 ,salus,

2027 3719 2274 3777 querere
2302 3718 2355 3762 et
2377 3707 2591 3765 salvum
2652 3710 2834 3767 facere
2857 3715 2997 3782 quod
3023 3716 3263 3784 perierat
3301 3715 3368 3772 ⁸⁸.
3420 3734 3439 3767 ι

2097 3890 2259 3945 Vnus.
2292 3889 2413 3944 I56.
2454 3890 2836 3948 Misericordia:
2869 3904 2974 3947 tua.’
3014 3897 3213 3960 multm,
3253 3896 3498 3964 Domine,
3523 3915 3606 3952 se-

2024 3983 2254 4036 cundum
2268 3982 2530 4052 judicium
2554 3997 2700 4040 tuum
2724 3989 2925 4056 vivi/ica
2954 4004 3056 4056 me,
3089 3999 3193 4042 etc.
3227 3987 3601 4044 Misericordia

2025 4075 2258 4130 hominis
2281 4085 2364 4128 est
2394 4091 2520 4146 erga
2548 4079 2857 4148 proximum
2892 4096 3074 4146 suum,
3103 4080 3474 4134 misericordia
3506 4097 3603 4133 au-

2025 4174 2133 4218 tem
2174 4164 2384 4219 Domini
2423 4181 2549 4236 erga
2583 4183 2799 4224 omnem
2835 4185 3072 4225 carnem.
3123 4167 3296 4224 Homo
3325 4170 3468 4224 enim
3515 4171 3602 4223 vel

341 4263 435 4317 τοῦ
471 4263 602 4317 Θεοῦ
631 4265 810 4334 κρίσιν
839 4264 986 4318 ἐλέου
1020 4265 1188 4318 δεῖται
1213 4264 1368 4318 Θεοῦ’
1404 4266 1536 4318 ὅπου
1567 4282 1630 4333 γε
1664 4267 1758 4318 καὶ
1784 4266 1916 4319 αὑτὸ

2031 4253 2377 4318 iustissimus.
2411 4257 2454 4311 si
2489 4269 2744 4314 accurato
2795 4260 2885 4315 Dei
2913 4259 3120 4328 judicio
3151 4262 3400 4325 sistatur,
3435 4263 3598 4318 mise-

341 4354 402 4408 τὸ
429 4355 604 4407 δοκεῖν
635 4355 910 4424 γεγονέναι
949 4353 1175 4419 δίκαιον,
1225 4355 1358 4426 ὲλέῳ
1394 4355 1601 4424 γίνεται
1628 4355 1722 4409 τοῦ
1755 4356 1910 4410 Θεοῦ.

341 4446 407 4498 Ti
434 4446 544 4516 γὰρ
581 4445 728 4512 ἄξιόν
773 4463 856 4508 τις
885 4446 1180 4517 πεποίηκεν
1219 4447 1435 4500 αἰωνίου
1479 4447 1911 4519 μακαριότητος;

2025 4343 2252 4398 ricordia
2299 4344 2387 4400 Dei
2438 4347 2661 4418 indiget,
2705 4351 3139 4422 quandoquidem
3183 4352 3412 4421 idipsum
3456 4353 3598 4420 quod

2023 4433 2234 4489 videtur
2259 4435 2432 4491 laetus
2457 4453 2580 4492 esse
2600 4439 2800 4508 justus,
2830 4442 3197 4497 misericordia
3230 4440 3320 4496 Dei
3354 4442 3436 4496 ﬁt.
3457 4443 3598 4509 Quid

341 4537 492 4591 οὐδὲν
538 4538 596 4590 δὲ
630 4539 868 4610 ἀκρίτως
901 4541 936 4606 6
982 4539 1112 4602 Θεὸς
1162 4541 1323 4601 ποιεῖ,
1371 4540 1493 4593 οὑδὲ
1541 4541 1806 4604 ζωοποιεῖ.
1853 4543 1914 4594 Οἱ

2031 4526 2166 4580 enim
2203 4527 2396 4596 aliquis
2434 4540 2637 4584 aeterna
2667 4532 3003 4589 beatitudine
3034 4535 3257 4606 dignum
3285 4534 3415 4591 fecit
3447 4537 3470 4589 ?
3505 4535 3600 4590 Ni-

339 4630 614 4701 οίκτιρμοὶ
661 4630 719 4683 δὲ
769 4629 973 4694 πολλοὶ,
1033 4630 1237 4684 πολλῶν
1289 4631 1481 4697 ὄντων,
1544 4633 1628 4699 ἐφ’
1685 4632 1778 4696 οὓς
1827 4633 1913 4701 γί-

339 4737 519 4775 νονται
528 4762 540 4776 .

409 4901 631 4955 Πολλοὶ
681 4905 735 4956 οί
778 4902 1166 4971 ἐκδιώκοντές
1206 4922 1284 4974 με
1337 4906 1432 4959 καί
1476 4907 1813 4972 θλίϐοντες·
1845 4908 1913 4961 ἐκ

338 4991 459 5044 τῶν
475 4993 814 5061 μαρτιιοίων
827 5009 943 5046 σου
968 4996 1078 5047 οὐκ
1105 4995 1407 5062 ἐξέκλινα,
1435 5013 1487 5048 κ.
1511 5013 1561 5049 τ.
1587 4998 1630 5049 ὲ.
1681 5015 1698 5048 ι
1721 4998 1916 5051 Μακά-

342 5098 464 5151 ριοι,
497 5083 680 5152 φησὶν,
715 5083 764 5134 οἱ
796 5082 1139 5153 δεδιωγμένοι
1183 5085 1367 5139 ἕνεκεν
1418 5085 1782 5158 δικαιοσύνης,
1832 5088 1913 5140 ὅτι

298 5215 301 5218 .
338 5170 518 5224 αὑτῶν
548 5171 696 5225 ἐστιν
721 5173 752 5242 ἡ
789 5171 1032 5242 βασιλεία
1055 5172 1163 5224 τῶν
1193 5174 1456 5246 οὐρανῶν.
1483 5195 1503 5228 ι

321 5296 327 5302 -
413 5261 523 5315 Τοῦ
555 5262 760 5316 αὑτοῦ.
804 5264 876 5316 Τὸ
899 5263 1100 5333 πλῆθος
1130 5265 1355 5337 ἐχθροὺς
1379 5269 1606 5338 ορατοὺς
1629 5270 1722 5323 καὶ
1750 5270 1914 5341 ἀορά-

336 5367 463 5413 τους
495 5351 808 5416 αἰνίττεται,
857 5347 930 5407 ὧν
975 5355 1025 5406 οἱ
1070 5355 1298 5426 διωγμοὶ
1343 5358 1434 5409 καὶ
1467 5360 1523 5410 αἰ
1558 5360 1764 5428 θλίψεις
1807 5359 1912 5414 διά·

339 5459 513 5512 φοροι.
567 5446 628 5496 0i
661 5445 759 5512 μὲν
787 5444 893 5515 γὰρ
939 5445 1120 5514 φιλίαν
1149 5447 1560 5518 ὑποκρινόμενοι
1592 5450 1690 5513 τὰς
1721 5451 1912 5523 ἡδονὰς

339 5532 752 5587 ὑποϐάλλουσιν
803 5539 851 5590 οἰ
898 5536 955 5589 δὲ
997 5539 1094 5608 τὴν
1128 5537 1324 5609 ἔχθραν
1369 5540 1750 5609 γυμνώσαντες
1803 5543 1911 5593 πᾶν

339 5618 476 5686 εἶδος
521 5626 841 5696 πειρασμῶν
893 5629 1271 5701 ὑποφέρουσιν.
1333 5630 1469 5682 Ἀλλ’
1501 5633 1660 5702 ἡμεῖς
1710 5633 1770 5684 ἐκ
1805 5631 1912 5683 τῶν

2022 4617 2094 4671 hil
2130 4628 2306 4673 autem
2353 4621 2555 4691 absque
2600 4620 2806 4688 judicio
2841 4623 2979 4678 Dens
3010 4624 3157 4690 facit,
3200 4641 3297 4681 nec
3335 4626 3595 4681 viviiicat.

2024 4710 2404 4768 Misericordiae
2455 4713 2635 4768 multa:
2668 4725 2818 4782 sunt,
2853 4731 2974 4772 cum
3017 4717 3170 4773 multi
3213 4719 3322 4773 sint
3363 4719 3430 4774 ad
3460 4734 3598 4791 quos

2020 4803 2347 4870 pertineant.

2097 4895 2258 4951 Vens.
2289 4897 2412 4952 157.
2450 4897 2607 4952 Multi
2635 4900 2725 4969 qui
2755 4912 3137 4969 persequuntur
3170 4919 3248 4956 me
3273 4911 3319 4955 et
3343 4901 3596 4954 tribulam

2020 5003 2100 5039 me
2127 5002 2146 5038 :
2173 5005 2202 5040 a
2231 4989 2538 5042 testimoniis
2561 4990 2666 5042 tuis
2702 5007 2804 5043 non
2830 4990 3106 5055 declinavi,
3132 5003 3236 5046 etc.
3277 5012 3293 5040 ι
3322 4990 3496 5052 Beati,
3517 4991 3600 5042 iu-

2019 5079 2224 5147 quit“,
2252 5079 2342 5148 qui
2393 5081 2826 5150 persecutionem
2870 5083 3156 5150 patiuntur
3187 5093 3410 5152 propter
3437 5081 3596 5149 justi-

2021 5171 2172 5234 tiam,
2207 5172 2460 5240 quoniam
2498 5173 2736 5242 ipsorum
2768 5183 2848 5228 est
2885 5189 3109 5244 regnum
3144 5174 3430 5233 caelorum.
3460 5192 3481 5226 ι

2092 5261 2368 5332 Ejusdem.
2409 5264 2693 5323 Multitudo
2732 5269 2914 5324 hostes
2945 5267 3185 5323 visibiles
3215 5275 3271 5321 et
3298 5263 3596 5319 invisibiles

2022 5354 2218 5420 innuit,
2244 5370 2473 5425 quorum
2519 5359 2684 5414 varia:
2729 5369 2854 5414 sunt
2886 5359 3294 5429 persecutiones
3321 5371 3387 5410 ac
3421 5356 3593 5410 tribu-

2020 5445 2269 5500 lationes.
2301 5448 2404 5500 Alii
2435 5465 2692 5520 namque,
2720 5453 3016 5507 amicitiam
3041 5449 3380 5514 simulantes,
3399 5462 3594 5519 sugge-

2019 5551 2147 5594 runt
2178 5540 2477 5610 voluptates
2505 5558 2520 5606 ;
2569 5542 2659 5596 alii
2701 5559 2851 5609 vero,
2888 5543 3231 5599 inimicitiam
3254 5541 3593 5612 detegentes,

2019 5647 2180 5686 onme
2233 5648 2398 5703 genus
2446 5635 2800 5691 tentationum
2852 5635 3108 5692 inferunt.
3163 5635 3360 5692 Verum
3410 5648 3510 5689 nos
3559 5647 3590 5686 a

413 5801 592 5860 “Jac.
630 5819 700 5867 tv,
744 5805 824 5860 I0.
903 5806 944 5836 ⁸⁷
973 5807 1099 5877 Sap.
1138 5824 1175 5873 I,
1201 5809 1253 5863 4.
1331 5811 1373 5840 ⁵⁸³
1400 5809 1527 5866 Luc.
1564 5828 1675 5878 xix,
1702 5814 1785 5868 l0.
1865 5815 1910 5847 ⁸³

2037 5817 2135 5872 tth.
2181 5834 2231 5884 ν,
2280 5819 2360 5872 Ιυ.
