4106 6444
463 393 600 449 lli-25
1845 390 1937 449 EX
1973 391 2274 448 ORIGENE
3596 399 3731 462 tua;

459 512 785 568 testimoniis
805 512 897 568 Dei
932 511 1157 567 minime
1184 511 1538 580 declinemus,
1559 511 1610 566 in
1642 511 1838 580 quibus
1878 511 2035 566 nobis

2143 511 2456 586 μαρτυρίων
2496 511 2588 566 τοῦ
2633 510 2767 566 Θεοῦ
2799 511 2872 584 μὴ
2905 512 3262 586 ἑκκλίνωμεν,
3292 517 3350 571 ὲν
3379 511 3459 581 οἷς
3489 520 3619 588 ἡμῖν
3649 505 3758 594 διαί

458 607 779 662 testiﬁcatus
804 615 886 660 est
911 606 991 669 ⁷⁸,
1032 623 1051 657 ι
1090 607 1345 675 quoniam
1383 621 1478 671 per
1513 606 1707 660 multas
1733 605 2037 661 tribulatio-

2144 601 2512 673 εμαρτύρατο⁹
2545 622 2562 653 ι
2588 602 2706 656 Ὅτι
2731 603 2819 657 διὰ
2848 604 3057 657 πολλῶν
3077 605 3308 676 θλίψεων
3334 607 3417 660 δεῖ
3439 609 3584 679 ἡμᾶς
3611 598 3755 681 εἰσ-ί

456 711 552 750 nes
588 704 803 762 oportet
832 709 931 750 nos
959 697 1165 749 intrare
1198 695 1249 748 in
1285 710 1508 764 regnum
1544 695 1828 748 caelorum.
1871 714 1889 747 ι

527 786 694 841 Vens.
732 787 855 842 158.
895 786 1012 840 Vidi
1050 789 1379 850 insensatos,
1413 796 1462 840 et
1515 787 1866 853 tabescebam,
1907 790 2031 858 quia

455 878 661 946 eloquia
685 887 776 930 tua
803 894 905 930 non
930 879 1434 942 custodierunt,etc.
1473 896 1488 928 ι
1528 877 1686 933 Zelus
1707 877 1899 932 domus
1935 889 2035 933 tuae

453 971 689 1027 t'mnedil.
727 987 814 1026 me
839 971 906 1024 τί.
941 989 958 1022 t

531 1086 688 1138 Vsus.
721 1084 845 1140 159.
887 1083 1017 1137 Vide
1045 1084 1293 1153 quoniam
1320 1085 1574 1139 mandata
1611 1093 1702 1138 tua
1727 1085 1910 1148 dilexi,
1931 1085 2036 1139 Do-

456 1181 615 1242 mine,
666 1177 720 1230 in
755 1176 1121 1231 misericordia
1164 1184 1257 1228 tua
1287 1176 1491 1244 vivi/ica
1531 1192 1634 1241 me,
1673 1187 1785 1232 etc.
1817 1177 1881 1231 Et
1905 1192 2029 1245 pro-

453 1279 637 1336 pterea
669 1268 836 1322 Deum
865 1278 1144 1338 provocat,
1173 1277 1228 1324 et
1255 1267 1332 1322 ait
1357 1268 1423 1321 ad
1458 1283 1581 1323 eum
1599 1287 1616 1323 1:
1640 1268 1855 1324 Faciem
1885 1277 2032 1323 luant

451 1358 684 1428 appello.
720 1359 946 1414 Confido
994 1359 1160 1425 enim,
1195 1357 1242 1413 si
1275 1356 1468 1412 faciem
1509 1367 1654 1412 tuam
1689 1359 1756 1413 ad
1791 1374 1875 1414 me
1903 1373 2034 1413 con-

453 1453 798 1508 siderandum
831 1451 1206 1519 inclinaveris,
1245 1451 1487 1510 visurum
1508 1459 1559 1505 te
1586 1453 1858 1520 quomodo
1882 1467 2034 1505 mau-

453 1547 577 1598 data
608 1553 697 1599 tua
729 1545 1130 1601 observaverim
1162 1564 1177 1612 ;
1213 1560 1333 1600 nam
1376 1545 1638 1600 bonorum
1684 1559 1906 1615 operum
1946 1555 2034 1616 ty-

454 1649 552 1702 pos
594 1637 645 1690 in
682 1653 770 1692 me
801 1640 1061 1694 invenies.

526 1728 694 1799 816
709 1728 865 1784 Vsus.
885 1729 1007 1784 161.
1024 1729 1296 1798 Principes
1317 1731 1573 1800 persecuti
1591 1741 1710 1785 sunt
1741 1749 1819 1786 me
1843 1732 2032 1802 gratis,

453 1830 498 1874 et
530 1837 562 1872 η
592 1820 753 1874 rerbis
785 1823 890 1876 tuis
920 1822 1221 1890 formidavit
1251 1838 1343 1876 cor
1386 1838 1580 1887 meum,
1611 1831 1716 1878 etc.
1749 1821 2033 1892 Principes

454 1921 610 1965 vocat
666 1912 850 1967 mundi
899 1923 1142 1969 rectores
1188 1913 1533 1968 tenebrarum
1567 1914 1781 1968 barum.
1813 1933 1832 1966 ι
1875 1914 2036 1970 Venit

453 2002 618 2068 enim,
648 2003 824 2073 inquit
847 2006 915 2068 ⁷³,
947 2007 1202 2074 princeps
1226 2005 1414 2059 mundi
1443 2005 1624 2076 hujus,
1648 2006 1780 2060 etin
1813 2021 1898 2061 me
1926 2023 2031 2061 non

455 2097 659 2150 invenit
689 2097 1003 2167 quidquam.
1033 2118 1054 2152 ι
1092 2099 1348 2153 Mundqu
1377 2108 1559 2153 autem
1585 2110 1742 2154 vocat
1769 2115 1872 2155 non
1893 2101 2035 2156 banc

452 2204 482 2243 e
509 2189 647 2245 coelo
672 2199 727 2245 et
757 2198 902 2245 terra
924 2195 1324 2262 compaginem,
1355 2195 1448 2250 sed
1465 2209 1560 2249 eos
1584 2192 1674 2262 qui
1704 2194 2031 2248 ntundauam

452 2282 618 2335 vitam
653 2292 842 2351 agunt.

523 2371 802 2442 Ejusdem.
838 2375 1090 2430 Coutiuet
1132 2376 1348 2445 quidem
1376 2391 1557 2432 sermo
1587 2377 1638 2432 id
1678 2379 1821 2447 quod
1851 2388 1904 2434 et
1933 2379 2032 2433 Da-

453 2465 591 2517 vidis
622 2472 705 2518 est
734 2454 1007 2535 preprium
1040 2482 1056 2530 ;
1087 2479 1211 2520 eum
1240 2481 1431 2535 nempe
1461 2466 1661 2522 frustra
1687 2484 1716 2522 a
1751 2469 1915 2524 Saﬁle
1940 2484 2035 2537 per

453 2556 714 2610 invidiam
752 2557 1190 2626 persecutionem
1236 2574 1489 2630 passum,
1526 2561 1722 2615 timore
1755 2560 1849 2614 Dei
1895 2560 2035 2614 iubi-

453 2649 636 2704 buisse
666 2649 946 2706 ultionem.
967 2649 1190 2705 Transit
1215 2667 1344 2707 vero
1369 2652 1532 2707 etiam
1558 2653 1622 2705 ad
1651 2651 1702 2704 id
1725 2651 1868 2720 quod
1899 2667 2038 2706 corn-

458 2758 620 2796 mune
679 2753 783 2805 est,
836 2756 935 2796 nos
981 2741 1234 2797 videlicet
1276 2743 1343 2796 ab
1395 2741 1644 2797 hostibus
1699 2742 2036 2812 principibus

453 2833 574 2888 sine
597 2834 795 2890 damno
825 2835 984 2892 aliter
1006 2836 1228 2892 liberari
1261 2850 1362 2889 non
1386 2847 1568 2903 posse,
1593 2835 1694 2890 nisi
1729 2835 1922 2890 timore
1941 2835 2034 2891 Dei

456 2925 718 2982 fuerimus
745 2927 960 2984 muniti.

527 3038 692 3097 Vsus.
729 3040 853 3096 164.
883 3040 1081 3112 Septies
1108 3042 1163 3096 in
1211 3043 1296 3096 die
1337 3041 1544 3095 laudem
1574 3041 1688 3096 dixi
1719 3043 1812 3095 ttbt
1837 3058 1856 3096 :
1882 3059 2038 3112 super

447 3133 657 3203 judicia
695 3133 920 3202 justitiw
976 3143 1120 3199 tute,
1156 3143 1262 3189 etc.
1319 3133 1788 3200 Quemadmodum
1841 3143 2034 3188 octava

2144 690 2316 745 ελθεῖν
2345 694 2424 755 είς
2449 691 2544 764 τὴν
2577 693 2853 763 βασιλείαν
2879 693 2988 746 τῶν
3020 695 3282 766 οὐρανῶν.
3314 716 3333 749 ι

2213 779 2396 837 Εἶδον
2438 784 2889 852 ἀσυνετοῦντας
2938 788 3038 840 καὶ
3093 787 3487 857 ἐξετηκόμην,
3527 789 3617 842 ὅτι
3656 786 3731 842 τὰ

2140 875 2316 945 λόγιά
2353 891 2469 930 σου
2493 877 2605 930 οὐκ
2633 877 3034 946 ἐφυλάξαντο,
3073 896 3125 932 κ.
3149 896 3199 932 τ.
3225 881 3273 935 ὲ.
3315 899 3333 932 ι
3356 880 3414 933 '0
3445 881 3606 950 ζῆλος
3633 879 3730 934 τοῦ

2140 964 2290 1020 οἴκου
2327 983 2420 1022 σου
2451 965 2726 1036 κατέφαγέ
2761 985 2849 1038 με.
2881 987 2900 1020 ι

2215 1075 2360 1140 Ἴδε,
2389 1076 2476 1130 ὅτι
2514 1078 2619 1143 τὰς
2647 1077 2902 1144 ἐντολάς
2930 1093 3047 1132 σου
3079 1079 3388 1149 ἠγάπησα,
3415 1081 3615 1148 Κύριε,
3657 1081 3732 1134 ἐν

2143 1168 2221 1234 τῷ
2239 1168 2393 1222 ἐλέει
2415 1184 2532 1222 σου
2566 1167 2754 1237 ζῆσόν
2770 1186 2868 1238 με,
2899 1187 2947 1223 κ.
2977 1188 3029 1225 τ.
3054 1172 3100 1223 ὲ.
3143 1171 3254 1224 Kal.
3286 1171 3380 1224 ἐπὶ
3404 1170 3564 1224 τοῦτο
3594 1188 3730 1243 προ-

2141 1259 2385 1313 καλεῖται
2414 1261 2504 1313 τὸν
2543 1260 2694 1326 Θεὸν,
2731 1262 2822 1314 καί
2853 1279 2986 1334 φησι
3028 1262 3164 1334 πρὸς
3207 1263 3369 1316 αὐτόν
3388 1279 3403 1293 ο
3433 1262 3602 1316 Καλῶ
3631 1278 3728 1316 σου

2139 1357 2200 1410 τὸ
2226 1357 2531 1428 πρόσωπον.
2568 1356 2768 1428 Θαῤῥῶ
2798 1357 2927 1428 γὰρ,
2959 1360 3042 1413 ὅτι
3070 1359 3128 1412 τὸ
3161 1357 3454 1430 πρόσωπόν
3484 1375 3579 1411 σου
3611 1358 3731 1412 κλί-

2140 1466 2244 1502 νων
2276 1449 2410 1519 πρὸς
2444 1446 2529 1518 μὲ,
2566 1448 2653 1500 ἵνα
2688 1465 2756 1518 με
2801 1450 3160 1520 κατανοήσῃς,
3205 1448 3326 1518 δψει
3354 1448 3476 1503 τίνα
3525 1448 3730 1519 τρόπον

2140 1540 2239 1604 τὰς
2295 1541 2515 1604 ἐντολάς
2569 1558 2662 1594 σου
2709 1543 3018 1614 τετήρηκα⁸
3062 1543 3190 1605 τοὺς
3235 1541 3344 1614 γὰρ
3388 1541 3588 1606 τύπους
3619 1541 3730 1597 τῶν

2141 1632 2362 1702 ἀγαθῶν
2390 1633 2566 1704 ἔργων
2595 1633 2849 1706 εὑρήσεις
2871 1635 2929 1688 ὲν
2955 1634 3098 1704 ἐμοί.

2213 1724 2534 1792 Ἄρχοντες
2562 1721 2926 1788 κατεδίωξάν
2947 1741 3026 1793 με
3065 1724 3310 1792 δωρεὰν,
3336 1725 3438 1778 καὶ
3464 1725 3583 1779 ἀπὸ
3607 1723 3734 1780 τῶν

2139 1816 2335 1886 λόγων
2360 1831 2476 1870 σου
2502 1815 2843 1870 ἐδειλίασεν
2876 1818 2913 1884 ἠ
2941 1817 3155 1886 καρδία
3173 1835 3312 1887 μου,
3348 1836 3400 1871 κ.
3423 1835 3475 1870 τ.
3497 1819 3544 1870 ἐ.
3591 1819 3729 1889 "Ap-

2141 1927 2334 1979 χοντας
2367 1910 2514 1979 λέγει
2564 1911 2692 1973 τοὺς
2738 1912 3187 1982 κοσμοκράτορας
3228 1910 3323 1964 τοῦ
3351 1911 3575 1974 σκότους
3606 1910 3730 1963 τού-

2139 2017 2256 2053 του.
2303 2019 2321 2052 ι
2349 2002 2606 2074 Ἔρχεται
2655 2002 2785 2073 γὰρ,
2837 2003 3024 2073 φησιν,
3066 2005 3094 2055 ὁ
3139 2002 3324 2073 ἄρχων
3371 2002 3466 2055 τοῦ
3520 2002 3728 2071 κόσμου

2140 2092 2352 2157 τούτου,
2383 2094 2479 2146 καὶ
2506 2094 2562 2146 ὲν
2605 2094 2728 2164 ἐμοὶ
2773 2093 3016 2165 εὑρίσκει
3053 2093 3226 2149 οὐδέν.
3250 2114 3269 2146 ι
3307 2095 3526 2165 Κόσμον
3555 2094 3612 2148 δὲ
3641 2095 3733 2147 λέ-

2140 2201 2226 2252 γει
2249 2185 2310 2237 οὐ
2345 2183 2403 2236 τὸ
2435 2183 2495 2248 ἐξ
2523 2183 2754 2254 ούρανοῦ
2806 2186 2902 2238 καὶ
2941 2184 3048 2254 γῆς
3095 2183 3369 2256 σύστημα,
3422 2185 3557 2238 ἀλλὰ
3601 2187 3729 2249 τοὺς

2143 2275 2404 2346 κοσμικὸν
2435 2275 2546 2346 βίον
2580 2275 2846 2347 βιοῦντας.

2219 2365 2327 2419 Τοῦ
2357 2364 2563 2418 αὐτοῦ.
2610 2366 2763 2435 Ἔχει
2797 2365 2892 2435 μὲν
2921 2364 3013 2418 καὶ¹
3033 2365 3094 2418 τὸ
3129 2365 3258 2419 ἴδιον
3282 2365 3376 2419 τοῦ
3399 2364 3562 2419 Δαυῒδ
3589 2368 3617 2419 ὁ
3641 2365 3730 2418 λό-

2144 2476 2259 2526 γος,
2293 2459 2396 2524 ὅτι,
2461 2458 2638 2530 μάτην
2686 2459 2780 2512 καὶ
2835 2459 2975 2514 κατὰ
3027 2459 3219 2528 φθόνον
3272 2459 3377 2512 ὑπὸ
3429 2458 3522 2512 τοῦ
3555 2458 3732 2513 Σαοὺλ

2141 2551 2488 2622 διωκόμενος,
2524 2551 2672 2622 φόϐῳ
2711 2551 2789 2622 τῷ
2819 2552 2954 2623 πρὸς
2999 2551 3130 2605 Θεὸν
3167 2552 3369 2622 ἐπέσχε
3415 2551 3476 2604 τὸ
3519 2551 3731 2621 ἀμύναο

2145 2645 2287 2700 σθαι.
2307 2647 2492 2717 Διήκει
2511 2646 2567 2700 δὲ
2595 2646 2689 2700 καὶ
2721 2647 2802 2710 εἰς
2832 2647 2892 2702 τὸ
2921 2647 3117 2712 κοινὸν,
3147 2649 3228 2700 ὅτι
3253 2649 3361 2702 τῶν
3391 2649 3732 2720 άρχοντικῶν

2144 2735 2418 2808 πολεμίων
2447 2738 2548 2792 οὐκ
2581 2737 2728 2791 ἔστιν
2757 2737 2959 2810 ἑτέρως
2987 2738 3242 2803 ἀϐλαϐεῖς
3271 2740 3731 2806 ἀπαλλάττεσθαι,

2148 2830 2221 2901 μὴ
2248 2829 2367 2901 οὐχὶ
2399 2830 2550 2902 φόϐῳ
2581 2829 2715 2884 Θεοῦ
2747 2831 3206 2902 φρουρουμένους.

2111 2977 2155 3028 /

2227 3056 2498 3124 Ἐπτάκις
2530 3055 2640 3126 τῆς
2678 3053 2905 3127 ἡμέρας
2943 3057 3137 3129 ᾔνεσά
3157 3072 3230 3112 σε
3250 3076 3262 3088 ·
3295 3059 3393 3112 ἐπὶ
3425 3060 3496 3114 τὰ
3520 3060 3730 3128 κριίμαδ·

2146 3163 2216 3198 τα
2265 3145 2375 3214 τῆς
2416 3146 2810 3215 δικαιοσύνης
2841 3164 2978 3214 σου,
3013 3167 3068 3201 κ.
3091 3166 3141 3201 τ.
3167 3149 3215 3201 ὲ.
3259 3150 3469 3221 ’Ὠσπερ
3501 3153 3538 3222 ὴ
3568 3149 3731 3222 ὀγδόη

455 3226 624 3280 futuri
657 3225 840 3281 saeculi
898 3226 1156 3281 indicium
1212 3237 1318 3291 est,
1372 3235 1561 3296 utpote
1613 3241 1734 3296 quae
1780 3226 2032 3280 virtutem

2143 3237 2406 3307 σύμϐολόν
2439 3241 2553 3291 ὲστι
2598 3239 2693 3292 τοῦ
2755 3240 3039 3310 μέλλοντος
3088 3241 3302 3305 αἰῶνος,
3348 3241 3574 3313 δύναμιν
3609 3243 3736 3294 ava-

459 3317 880 3373 resurrectionis
913 3315 1181 3384 continet,
1207 3317 1278 3371 ita
1333 3317 1498 3371 etiam
1548 3317 1776 3385 septima
1820 3317 2036 3387 signum

456 3409 891 3476 esthujusmodi.
929 3409 1096 3464 Forte
1143 3410 1307 3479 igitur
1335 3410 1403 3465 de
1447 3410 1594 3480 justo
1627 3407 1835 3477 judicio
1880 3409 2041 3478 hujus

456 3503 548 3569 qui
584 3503 685 3556 sub
736 3517 956 3557 sensum
1009 3503 1155 3556 cadit
1190 3501 1378 3556 mundi
1410 3502 1652 3556 rationes
1697 3516 2036 3571 cognoscens

459 3593 621 3648 David
649 3593 903 3648 laudabat
950 3593 1254 3649 Dominum.

532 3706 805 3777 Ejusdem.
842 3707 945 3761 Per
969 3722 1131 3762 omne
1170 3709 1296 3762 vitae
1328 3723 1439 3762 sua:
1464 3717 1673 3778 tempus
1705 3707 2041 3814 illuminatus

452 3800 632 3864 justus
676 3798 730 3851 in
772 3797 1014 3867 perlecta
1050 3798 1155 3851 erit
1199 3797 1306 3862 die,
1337 3813 1497 3867 fluam
1535 3813 1638 3852 nox
1674 3797 2042 3852 non'iutcrce-

463 3889 626 3956 perit,
674 3889 968 3957 laudatque
1021 3889 1190 3944 Deum
1225 3889 1426 3960 septies
1455 3905 1618 3960 supra
1655 3891 1912 3946 mundum
1936 3891 2043 3946 ela-

464 3995 548 4033 tus
577 3994 674 4035 sex
707 3978 900 4035 diebus
945 3979 1251 4036 absolutum
1286 3999 1299 4034 :
1329 3983 1768 4052 quandoquidem
1799 3985 1959 4039 etiam
1986 3985 2038 4038 in

459 4074 712 4143 paradiso
756 4071 852 4128 Dei
896 4075 1258 4139 constitutus,
1306 4090 1600 4146 rerumque
1639 4079 1932 4133 creationis
1975 4094 2041 4133 ac

459 4163 813 4232 providentiae
842 4161 941 4218 Dei
976 4164 1241 4218 rationem
1287 4166 1704 4235 contemplatus,
1749 4167 2040 4223 conﬁtetur

452 4255 658 4322 judicia
695 4253 922 4324 iustitiae
954 4255 1070 4321 Dei,
1099 4272 1166 4313 ex
1211 4257 1410 4328 quibus
1453 4273 1540 4314 res
1571 4259 1827 4329 quaelibet
1855 4260 2037 4314 diver-

457 4363 570 4401 sam
597 4347 962 4403 conditionem
988 4362 1052 4402 ac
1075 4347 1468 4418 providentiam
1502 4348 1691 4403 sortita
1712 4357 1814 4402 est.

2143 3329 2386 3392 στάσεως
2434 3331 2781 3401 περιέχουσα,
2837 3329 2980 3384 οὕτω
3015 3332 3106 3385 καὶ
3147 3335 3179 3404 ἡ
3227 3331 3427 3403 ἑϐδόμη
3465 3331 3736 3402 σύμϐολόν

2141 3420 2256 3469 ἐστι
2301 3417 2394 3470 τοῦ
2430 3418 2637 3489 κόσμου
2682 3419 2896 3473 τούτου.
2935 3422 3164 3491 Μήποτε
3196 3417 3288 3475 οῦν
3315 3423 3443 3486 τοὺς
3485 3424 3613 3493 περὶ
3656 3423 3736 3475 δι-

2142 3511 2487 3582 καιοκρισίας
2513 3513 2706 3580 λόγους
2742 3513 2837 3568 τοῦ
2885 3515 3092 3585 κόσμου
3122 3516 3312 3570 τούτου
3345 3516 3440 3569 τοῦ
3471 3515 3734 3587 αἰσθητοῦ

2142 3600 2424 3668 γινώσκων
2454 3606 2482 3656 ὁ
2513 3603 2697 3672 Δαυῒδ,
2728 3604 2847 3676 ᾔνει
2876 3605 2968 3661 τὸν
2998 3606 3224 3679 Κύριον.

2220 3716 2329 3769 Τοῦ
2381 3718 2589 3772 αὑτοῦ.
2631 3719 2768 3790 Παρ⁹
2803 3719 2923 3774 ὅλον
2969 3723 3059 3775 τὸν
3093 3723 3208 3793 βίον
3238 3721 3406 3778 αὐτοῦ
3455 3725 3483 3777 ὁ
3526 3723 3736 3786 δίκαιος

2144 3802 2510 3875 φωτιζόμενος
2561 3808 2619 3860 ὲν
2668 3809 2850 3880 ἡμέρᾳ
2881 3811 3034 3864 ἔσται
3064 3813 3265 3884 τελείᾳ,
3290 3815 3350 3868 οὐ
3386 3812 3736 3888 μεσολαμϐα-

2142 3895 2343 3966 νομένῃ
2373 3896 2477 3949 ὑπὸ
2500 3899 2694 3961 νυκτός
2711 3915 2724 3928 ·
2759 3901 2852 3953 καὶ
2876 3902 3017 3954 αἰνεῖ
3037 3902 3127 3955 τὸν
3156 3903 3289 3957 Θεὸν
3318 3905 3550 3968 ἑπτάκις
3571 3906 3737 3974 iamp-

2143 3985 2368 4056 κόσμιος
2399 3988 2657 4056 γεγονὼς,
2701 3990 2778 4062 τῷ
2817 3991 2929 4046 ἄνω
2965 3996 3342 4067 κεχωρηκέναι
3371 3997 3466 4050 τοῦ
3509 3996 3566 4063 ἓξ
3593 3997 3733 4067 ἡμέ-

2143 4079 2597 4169 ραις-γενομένου
2633 4080 2836 4151 κόσμου
2863 4099 2875 4112 ·
2927 4085 3016 4136 ὅτε
3047 4087 3142 4139 καὶ
3193 4087 3250 4140 ὲν
3291 4087 3369 4158 τῷ
3416 4092 3735 4169 παραδείσῳ

2140 4164 2234 4218 τοῦ
2265 4165 2400 4218 Θεοῦ
2454 4169 2764 4240 γενόμενος,
2815 4172 2905 4227 τὸν
2948 4175 3045 4244 τῆς
3075 4175 3436 4248 δημιουργίας
3468 4185 3561 4236 καὶ
3593 4164 3734 4257 προ-

2141 4259 2290 4322 νοίας
2325 4262 2460 4317 Θεοῦ
2490 4261 2646 4331 λόγον
2671 4264 2974 4337 θεωρήσας,
3009 4266 3409 4339 ἐξομολογείται
3437 4273 3504 4326 τά
3527 4276 3733 4346 κρίμα-

2142 4372 2209 4408 τα
2236 4356 2334 4427 τῆς
2376 4355 2726 4427 δικαιοσύνης
2774 4357 2868 4410 τοῦ
2897 4357 3032 4411 Θεοῦ
3057 4376 3068 4389 ’
3103 4360 3225 4414 καθ’
3265 4361 3301 4415 ἂ
3328 4363 3572 4435 κρίματα
3601 4368 3733 4423 ἔκα-

2145 4463 2268 4501 στον
2314 4449 2549 4519 πρᾶγμα
2603 4447 2855 4520 ποικίλην
2911 4449 3269 4524 δημιουργίαν
3320 4456 3413 4509 καὶ
3472 4459 3734 4528 πρόνοιαν

2144 4536 2321 4608 ἔσχεν.

528 4619 688 4672 Vsns.
723 4618 846 4672 165.
882 4616 997 4672 l’aa:
1027 4618 1191 4672 multa
1228 4618 1563 4689 diligentibus
1595 4618 1765 4689 legem
1792 4629 1958 4681 tuam,
1989 4625 2036 4670 et

2209 4629 2430 4698 Εἰρήνη
2467 4629 2669 4700 πολλὴ
2718 4630 2840 4697 τοῖς
2889 4631 3163 4702 ἀγαπῶσι
3212 4634 3319 4689 τὸν
3358 4638 3545 4708 νόμον
3588 4656 3732 4706 σου,

461 4728 562 4764 non
601 4719 676 4763 est
713 4709 818 4764 illis
848 4710 1178 4777 scandalum,
1206 4720 1312 4767 etc.
1343 4709 1401 4766 Si
1439 4711 1648 4780 pusillis
1669 4707 2041 4766 scandalizau-

463 4813 573 4867 tur,
603 4802 781 4871 pusilli
813 4819 919 4859 non
945 4803 1170 4873 diligunt
1198 4803 1505 4858 Dominum.
1538 4821 1557 4854 ι
1588 4801 1856 4869 Quienim
1883 4815 2043 4856 scan-

459 4893 798 4959 dalizaverit,
835 4895 1009 4965 inquit
1040 4896 1105 4962 ⁷³,
1143 4910 1311 4950 unum
1353 4896 1421 4950 de
1472 4893 1683 4964 pusillis
1715 4892 1846 4948 illis.
1891 4911 1910 4944 ι
1939 4891 2040 4959 Qui

459 4984 693 5052 diligunt
723 4985 1028 5049 Dominuru,
1057 5002 1161 5042 non
1193 4985 1664 5044 scandalizentur.
1697 4984 1882 5040 Pusilli
1911 4999 2041 5054 ergo

458 5093 565 5132 non
601 5077 834 5147 diligunt
863 5079 1153 5135 Dominum
1179 5099 1193 5136 :
1223 5086 1551 5151 quapropter
1581 5077 1743 5132 etiam
1789 5077 2040 5148 ignorant

459 5170 696 5225 rationes
725 5187 903 5226 rerum
939 5187 1060 5238 quin
1100 5173 1257 5235 liunt,
1297 5181 1351 5224 et
1377 5171 1443 5225 de
1465 5171 1660 5239 quibus
1690 5169 1854 5224 etiam
1881 5182 2043 5224 scan-

459 5263 788 5318 dalizautur.
821 5265 929 5318 Pax
966 5281 1073 5319 non
1102 5280 1224 5319 cum
1273 5263 1636 5318 lnvisibilibus
1659 5261 1918 5323 inimicis,
1946 5260 2040 5314 sed

455 5370 580 5408 cum
615 5353 811 5420 Deo,et
852 5371 955 5408 non
1011 5365 1094 5408 est
1133 5353 1239 5408 illis
1274 5351 1676 5408 oll'endiculum.
1721 5351 2045 5421 Complanat

458 5447 601 5500 enim
651 5447 758 5500 illis
809 5445 892 5500 lex
939 5445 1076 5499 viam
1119 5446 1356 5510 virtutis,
1393 5455 1602 5502 remoto
1633 5445 1779 5499 οιιηιί
1833 5443 2038 5512 peccati

458 5538 799 5593 oﬂ'eudieulo.
833 5537 923 5593 Vel
961 5556 1058 5609 pax
1098 5555 1220 5594 cum
1279 5539 1584 5594 hominibus
1617 5539 1854 5606 ejusdem
1894 5536 2037 5598 ﬁdei,

460 5629 584 5684 licet
613 5629 686 5682 illi
722 5632 914 5699 surpius
956 5647 1139 5700 pacem
1175 5647 1295 5686 cum
1333 5632 1411 5687 eis
1438 5631 1638 5686 habere
1669 5628 1858 5683 nolint.

532 5831 578 5864 "
601 5835 720 5886 Act.
757 5848 866 5899 MV,
902 5836 989 5889 fil.

1069 5838 1110 5868 7‘
1149 5834 1290 5891 l‘sal.
1323 5851 1512 5902 um”,
1550 5835 1649 5901 10;
1685 5832 1840 5889 Joan.
1885 5848 1941 5897 tt,
1984 5831 2064 5887 l7.

2144 4720 2245 4774 καὶ
2293 4722 2404 4774 οὐκ
2449 4722 2620 4776 ἐστιν
2656 4723 2860 4789 αὐτοῖς
2906 4724 3276 4792 σκάνδαλον,
3329 4746 3384 4783 κ.
3408 4747 3458 4782 τ.
3485 4732 3532 4787 έ.
3588 4733 3649 4785 Ei
3682 4736 3733 4788 οι

2148 4811 2335 4884 μικροὶ
2369 4812 2828 4878 σκανδαλίζονται,
2879 4816 2927 4867 οἱ
2982 4817 3168 4886 μικροὶ
3203 4819 3303 4871 ούκ
3352 4820 3610 4888 ἀγαπῶσι
3640 4823 3733 4875 τὸν

2145 4901 2367 4973 Κύριον.
2425 4903 2653 4966 (Ὅστις
2685 4903 2795 4975 γὰρ
2834 4905 3183 4978 σκανδαλίσῃ,
3240 4908 3425 4978 φησιν,
3474 4909 3571 4963 ἕνα
3621 4910 3732 4964 τῶν

2147 4993 2360 5066 μικρῶν
2395 4994 2621 5050 τούτων.
2647 5014 2666 5049 ι
2712 4997 2774 5048 Οἱ
2807 4994 2864 5048 δὲ
2908 4997 3230 5065 ἀγαπῶντες
3280 5000 3372 5053 τὸν
3407 5003 3613 5073 Κύριον
3663 5003 3730 5056 ού

2149 5087 2611 5154 σκανδαλίζονται.
2653 5089 2716 5141 Oi
2745 5090 2931 5160 μικροὶ
2957 5091 3055 5144 οὐκ
3083 5091 3338 5160 ἀγαπῶσι
3368 5094 3460 5147 τὸν
3489 5094 3692 5165 Κύριον
3712 5112 3728 5127 ο

2145 5177 2226 5232 διὸ
2259 5180 2352 5232 καὶ
2385 5177 2637 5246 ἀγνοοῦσι
2660 5179 2786 5242 τοὺς
2816 5179 3006 5247 λόγους
3043 5180 3149 5233 τῶν
3179 5183 3499 5253 γινομένων,
3529 5186 3613 5254 ἐφ’
3648 5181 3732 5250 οἷς

2148 5270 2242 5323 καὶ
2295 5268 2755 5333 σκανδαλίζονται.
2795 5269 2997 5340 Εἰρήνη
3028 5270 3087 5321 ού
3123 5271 3258 5342 πρὸς
3307 5273 3428 5335 τοὺς
3465 5273 3732 5344 ἀοράτους

2147 5360 2394 5431 ἐχθροὺς,
2445 5360 2578 5413 ἀλλὰ
2610 5359 2744 5432 πρὸς
2771 5359 2860 5415 τὸν
2893 5360 3045 5423 Θεὸν,
3094 5363 3186 5414 καὶ
3227 5364 3326 5416 οὐκ
3359 5363 3505 5418 ἔστιν
3544 5365 3732 5429 αὐτοῖς

2150 5452 2496 5522 πρόσκομμα.
2533 5450 2866 5522 Ἐξομαλίζει
2888 5451 2996 5520 γὰρ
3014 5453 3222 5516 τούτοις
3246 5455 3274 5506 ὀ
3306 5455 3465 5524 νόμος
3487 5455 3584 5525 τὴν
3608 5456 3731 5509 ὁδὸν

2145 5545 2244 5613 τῆς
2267 5544 2485 5615 ἀρετῆς,
2505 5545 2611 5597 πᾶν
2640 5543 2844 5597 σκῶλον
2865 5544 2962 5615 τῆς
2991 5545 3259 5616 ἁμαρτίας
3279 5545 3528 5617 ἐξαίρων.
3551 5548 3617 5598 Ἢ
3651 5548 3730 5598 εί-

2150 5638 2286 5706 ρηνη
2312 5637 2402 5688 καὶ
2425 5636 2558 5706 πρὸς
2586 5637 2709 5699 τοὺς
2741 5635 2840 5705 τῆς
2868 5637 3037 5705 αὐτῆς
3068 5637 3320 5701 πίστεως,
3341 5640 3388 5690 εἰ
3412 5641 3506 5690 καὶ
3528 5639 3725 5691 ἐκεῖνος

2148 5719 2405 5784 πολλάκις
2439 5719 2736 5792 εἰρηνεύειν
2773 5720 2907 5790 πρὸς
2938 5719 3156 5784 τούτους
3186 5723 3246 5774 οὐ
3281 5721 3576 5794 βούλονται.

2144 5833 2186 5865 ⁷⁸
2219 5835 2346 5890 ibid.
2382 5849 2490 5902 xw,
2527 5834 2612 5889 30.
2685 5835 2730 5864 ⁷³
2768 5832 2956 5889 Matth.
2995 5849 3145 5892 xvut.
3173 5836 3225 5889 li.
