4106 6454
452 404 587 459 1625

1362 397 1668 454 SELECTA
1714 397 1776 451 IN
1818 397 2158 452 PSAI.MOS.
2198 426 2267 436 —
2305 396 2500 454 PSAL.
2542 396 2771 453 CXVIII.

3569 403 3706 461 1626

518 522 907 591 Προσεδόκων
935 519 999 574 τὸ
1047 520 1341 589 σωτήριόν
1383 538 1521 584 σου,
1555 522 1752 589 Κύριε,
1783 521 1879 575 κ(ιί
1924 520 2012 586 τὰς

2203 520 2365 574 Vsus.
2394 519 2511 573 166.
2566 518 2949 587 Exspectabam
2982 518 3217 574 salutare
3260 530 3429 584 tuum,
3464 519 3703 586 Domine,

447 611 701 677 ἐντολάς
732 628 847 665 σου
877 610 1181 680 ἠγάπησα,
1228 629 1280 663 κ.
1305 629 1355 664 τ.
1383 613 1428 663 ὲ.
1478 613 1763 682 Μακάριος
1799 614 1827 663 6
1853 629 2015 681 προσ-

445 702 734 773 δεχόμενος
765 702 857 755 τοῦ
901 702 1033 755 Θεοῦ
1078 702 1139 755 τὸ
1168 703 1451 773 σωτήριον.
1495 704 1727 772 ἀγαπῶν
1772 704 1829 757 δὲ
1859 702 2023 756 αὐτοῦ

449 793 539 845 καὶ
571 792 663 855 τὰς
700 791 946 855 ἐντολάς·
981 786 1135 855 οὗτος
1162 792 1269 863 γὰρ
1300 796 1380 856 εἰς
1429 792 1544 863 βίον
1590 794 1791 849 τέλειον
1825 796 1902 857 εἰς
1924 796 2024 847 ἀκ-

450 882 556 952 μὴν
598 883 892 953 προκόπτει
929 884 1347 955 μακαριότητος,
1382 885 1503 954 ἥτις
1545 885 1728 948 αὐτοῖς
1752 888 1866 948 τοῖς
1891 887 2026 938 ἀπο-

447 974 654 1036 στόλοις
682 973 1015 1046 κεκλήρωτο,
1052 973 1189 1044 πρὸς
1220 974 1315 1037 οὓς
1356 974 1569 1042 ἐλεγεψ
1606 994 1624 1026 ι
1655 977 1937 1028 Ἔστωσαν
1968 978 2023 1029 αἱ

444 1062 642 1132 ὀσφύες
673 1063 827 1134 ὑμῶν
879 1062 1335 1135 περιεζωσμέναι,
1384 1066 1480 1117 καὶ
1510 1065 1559 1117 οί
1586 1064 1771 1135 λύχνοι
1800 1065 2022 1135 καιόμε-

445 1173 524 1207 νοι
545 1172 557 1184 ·
586 1156 679 1208 καὶ
723 1155 881 1225 ὑμεῖς
917 1156 1092 1225 ὅμοιοι
1116 1154 1421 1227 ἀνθρώποις
1450 1156 1900 1227 προσδεχομένοις
1934 1158 2024 1210 τὸν

445 1247 648 1319 Κύριον
675 1245 873 1299 αὐτῶν.
908 1266 925 1298 ι
1904 1286 1911 1289 ν

528 1338 845 1408 Ἐγγισάτω
887 1340 925 1407 ἡ
960 1339 1171 1406 δέησίς
1201 1356 1319 1407 μου
1360 1338 1621 1393 ἐνώπιόν
1646 1356 1760 1394 σου
1784 1381 1797 1404 ,
1824 1343 2018 1409 Κύριε,

444 1431 593 1485 κατὰ
626 1431 689 1483 τὸ
715 1433 928 1499 ,λόγιόν
949 1445 1064 1484 σου
1094 1430 1422 1485 συνέτισόν
1451 1448 1561 1501 με,
1602 1451 1655 1485 κ.
1687 1450 1738 1485 τ.
1776 1434 1822 1486 ἐ.
1865 1434 2021 1487 Κατά

442 1523 510 1574 τά
542 1521 777 1591 πρότερα
817 1524 1053 1591 στοιχεῖα
1091 1522 1257 1575 ὥδευε
1305 1523 1440 1594 πρὸς
1486 1524 1577 1577 τὸν
1621 1524 1773 1591 Θεὸν,
1809 1524 2021 1578 οὐδέπω

441 1606 508 1681 ἦν
541 1612 706 1678 ἐγγὺς
740 1610 902 1663 αὑτοῦ
924 1628 937 1641 ο
971 1612 1061 1663 ὅτε
1094 1611 1150 1663 δὲ
1184 1611 1276 1663 ἐπὶ
1301 1612 1441 1663 τέλει
1475 1613 1765 1682 γεγένηται
1802 1611 1896 1664 τοῦ
1935 1612 2020 1663 λό-

442 1719 538 1769 γου
573 1702 665 1754 τοῦ
698 1702 1091 1771 προκειμένου,
1136 1704 1229 1756 καὶ
1263 1701 1404 1755 κατά
1441 1703 1502 1755 τὸ
1543 1703 1844 1755 τελευταῖον
1888 1704 2018 1772 παρ’

455 1793 723 1865 Ἑϐραίοις
756 1797 1051 1864 στοιχεῖον,
1084 1796 1205 1847 τότε
1239 1793 1457 1864 εὔχεται
1489 1795 1575 1847 ’ίνα
1615 1797 1648 1865 ἠ
1684 1795 1816 1867 εὐχὴ
1854 1795 2016 1849 αὑτοῦ

2128 626 2176 665 ει
2225 614 2477 665 mandata
2535 622 2628 664 tua
2689 611 2875 677 dilexi,
2919 619 3022 664 etc.
3059 610 3252 665 Beatus
3280 612 3370 679 qui
3428 623 3686 680 exspecta

2126 707 2364 762 salutare
2396 706 2511 771 Dei,
2544 714 2598 759 et
2654 705 2904 760 mandata
2938 704 3054 770 ejus
3095 703 3288 772 diligit.
3343 703 3439 757 Hic
3467 704 3611 757 enim
3640 706 3706 756 ad

2127 800 2290 854 vitam
2319 797 2636 866 perfectam,
2674 805 2727 849 et
2756 794 2823 849 ad
2852 795 3064 849 culmen
3092 794 3307 863 proﬁcit
3330 794 3704 858 beatitudinis,

2124 907 2244 962 qua:
2272 890 2402 960 ipsis
2456 889 2715 960 apostolis
2767 888 3005 958 reposita
3037 897 3143 949 est,
3178 888 3242 939 ad
3276 902 3411 955 quos
3451 887 3585 940 dixit
3608 887 3656 918 "’
3690 906 3703 940 :

2131 1002 2149 1035 ‹
2193 983 2313 1037 Sint
2342 981 2508 1036 lumbi
2538 981 2705 1035 veStri
2747 981 3045 1050 praecincti.
3076 988 3128 1033 et
3153 979 3388 1033 Iucerme
3410 978 3702 1041 ardentes;

2123 1084 2179 1130 et
2208 1089 2308 1129 vos
2346 1074 2550 1129 similes
2598 1068 3387 1141 bomiuibus'exspectantibus
3415 1067 3703 1122 Dominum

2125 1181 2301 1221 SUllln.
2332 1183 2352 1217 ι

2193 1345 2359 1415 817
2411 1342 2572 1397 Vsus.
2624 1343 2747 1398 169.
2802 1342 3193 1411 Appropinquct
3245 1338 3547 1409 deprecatio
3588 1353 3701 1390 mea

2122 1437 2175 1489 in
2216 1448 2492 1502 conspectu
2537 1446 2649 1502 tuo,
2684 1435 2902 1487 Domine
2923 1434 3120 1501 :juxta
3150 1432 3413 1501 eloquium
3445 1441 3593 1483 tuum
3631 1431 3700 1481 du

2124 1528 2251 1580 mihi
2292 1526 2634 1588 intellectum,
2690 1534 2797 1579 etc.
2846 1525 3157 1579 Secundum
3207 1522 3388 1590 priora
3434 1523 3700 1576 elementa

2123 1615 2439 1669 ambulabat
2490 1616 2556 1669 ad
2614 1616 2805 1677 Deum,
2864 1625 2919 1668 et
2976 1614 3213 1668 nondum
3266 1613 3314 1667 ei
3364 1614 3702 1681 propinquus

2121 1718 2273 1774 erat;
2299 1709 2516 1777 quando
2538 1716 2719 1760 autem
2750 1706 2853 1759 fuit
2888 1705 2941 1758 in
2976 1704 3083 1759 ﬁne
3113 1705 3376 1775 propositi
3412 1706 3701 1766 sermonis,

2124 1809 2177 1852 ει
2210 1801 2262 1853 in
2295 1800 2472 1853 littera
2509 1814 2629 1867 qua:
2667 1800 2810 1866 apud
2846 1797 3101 1851 llebrzcos
3134 1806 3217 1850 est
3246 1806 3544 1864 postrema,
3578 1805 3704 1850 tunc

442 1886 638 1959 ἐγγίσῃ
669 1884 746 1949 τῷ
771 1885 890 1956 Θεῴ
913 1926 927 1949 ,
964 1886 1056 1939 καί
1091 1887 1270 1957 φθάσῃ
1303 1888 1439 1957 πρὸς
1462 1887 1647 1941 αὐτόν.
1679 1888 1813 1957 Περί
1842 1887 1897 1940 δὲ
1924 1886 2012 1940 τοῦ

2122 1890 2398 1956 obsecrat,
2432 1899 2489 1943 ut
2521 1890 2700 1946 oratio
2730 1890 2849 1959 ejus
2898 1888 3009 1943 Deo
3063 1888 3486 1957 appropinquat,
3534 1896 3589 1941 et
3635 1888 3701 1940 ad

441 1976 558 2047 Θεῷ
609 1979 858 2046 ἐγγίσαι,
909 1978 1013 2049 χρὴ
1082 1978 1310 2044 εἰδέναι,
1360 1980 1440 2032 ὅτι
1483 1980 1743 2051 διαφορὰς
1785 1980 2015 2053 εὕρομεν

439 2069 663 2131 ταύτας.
728 2070 786 2121 'U
838 2070 935 2140 μὲν
983 2070 1317 2141 τελειότερος
1368 2072 1575 2140 ἐγγίζει
1616 2071 1694 2142 τῷ
1722 2072 1870 2142 Θεῷ·
1903 2075 1930 2125 6
1959 2073 2016 2125 δὲ

442 2161 828 2232 ὑποδεέστερος
862 2164 954 2215 καὶ
1000 2164 1166 2231 ἐγγὺς
1212 2164 1403 2216 τούτου
1430 2203 1444 2227 ,
1477 2164 1637 2227 αὐτὸς
1674 2165 1773 2235 μὲν
1802 2165 1901 2217 οὐκ
1932 2167 2017 2232 ἐγ-

440 2254 579 2321 γίζει
612 2255 687 2324 τῷ
708 2253 826 2324 Θεῴ
850 2272 861 2283 ·
900 2256 1066 2325 εὐχὴν
1094 2256 1148 2308 δὲ
1181 2254 1293 2325 ἔχει
1324 2254 1643 2325 ἐγγίζουσαν
1682 2254 1829 2326 αὐτῷ
1849 2273 1860 2285 ·
1894 2255 2015 2308 ὅθεν

440 2344 566 2415 περὶ
600 2344 875 2407 Μωῦσέως
917 2343 1098 2414 εῦροις
1142 2345 1207 2399 ἂν
1232 2345 1292 2397 τό
1314 2362 1328 2375 ·
1364 2363 1382 2395 ε
1437 2346 1646 2413 Ἐγγιεῖ
1683 2346 1888 2415 Μωσῆς
1928 2346 2016 2415 μό-

438 2454 528 2498 νος
556 2436 691 2508 πρὸς
726 2437 815 2490 τὸν
836 2435 989 2502 Θεὸν,
1019 2437 1069 2489 οἱ
1114 2437 1169 2490 δὲ
1198 2436 1371 2490 λοιποὶ
1399 2438 1496 2491 οὐκ
1531 2438 1828 2506 ἐγγιοῦσιΨ
1866 2458 1883 2490 ι
1922 2439 2014 2492 ἐπὶ

436 2530 492 2582 δὲ
547 2530 737 2583 τούτου
802 2530 967 2600 εὐχὴν
1021 2529 1284 2597 λέγουσαν
1332 2549 1348 2580 ι
1394 2530 1700 2599 Ἐγγισάτω
1754 2532 1785 2599 ἡ
1831 2529 2014 2599 δέησίς

442 2638 576 2691 μου,
610 2643 627 2672 ι
677 2624 769 2675 καὶ
813 2621 960 2691 ἐξῆς.
1013 2623 1111 2685 Τίς
1160 2623 1215 2675 δὲ
1259 2622 1464 2675 τούτων
1519 2624 1553 2693 ἡ
1582 2622 1813 2693 διαφορά
1866 2620 2013 2685 ἄξιον

436 2714 536 2785 ήδη
567 2714 865 2785 θεωρῆσαι.
905 2716 962 2767 Ὀ
990 2715 1121 2778 Θεὸς
1152 2715 1251 2768 οὐκ
1274 2716 1330 2767 ὲν
1362 2715 1512 2785 τόπῳ
1542 2715 1687 2766 ἐστὶν
1708 2753 1722 2778 ,
1758 2713 1892 2767 ἀλλά
1926 2713 2016 2766 δύ-

438 2806 600 2876 ναμίς
644 2808 789 2858 ἐστιν
828 2806 1065 2877 ἀῤῥητος
1105 2807 1201 2860 καὶ
1255 2806 1559 2876 ἄφθεγκτος
1600 2806 1706 2859 καὶ
1763 2805 2011 2876 ἀόρατος.

436 2898 499 2949 Εἰ
539 2897 582 2950 δ’
620 2899 719 2950 οὐκ
767 2897 914 2949 ἔστιν
947 2900 1005 2950 ἐν
1034 2898 1182 2968 τόπῳ
1225 2899 1253 2950 6
1288 2898 1451 2961 Θεὸς,
1512 2896 1752 2965 ἐγγίζειν
1806 2893 1861 2946 δὲ
1898 2895 2013 2948 ἔστι

438 2992 571 3044 ποτέ
598 2989 675 3060 τῷ
722 2989 841 3058 Θεῷ
862 3029 875 3053 ,
909 2989 1153 3059 δηλονότι
1187 2988 1264 3059 τῷ
1294 2990 1351 3041 ἐν
1385 2991 1516 3059 ἡμῖν
1550 2988 1767 3059 ἀοράτῳ
1802 2987 2015 3056 ἐγγίζο-

438 3100 537 3154 μεν
581 3082 744 3152 αύτῷ.
786 3083 851 3134 Τί
884 3082 941 3134 δέ
970 3084 1028 3136 ἐν
1066 3084 1199 3153 ἡμῖν
1242 3082 1506 3153 ἀόρατον;
1548 3082 1607 3133 '0
1638 3079 1877 3151 κρυπτὸς
1916 3079 2013 3149 τῆς

434 3176 658 3247 καρδίας
692 3175 1004 3247 ἄνθρωπος,
1035 3174 1091 3227 ὃν
1120 3174 1402 3245 ὠνόμασεν
1435 3175 1468 3244 ἡ
1504 3172 1694 3244 Γραφὴ
1732 3190 1749 3223 t
1792 3171 1900 3224 ἔσω
1921 3171 2012 3225 ἀν·-

2122 1981 2296 2050 ipsum
2347 1981 2648 2050 perveniat.
2704 1980 2976 2035 Cmterum
3031 1981 3099 2034 de
3142 1979 3554 2049 propinquitate
3603 1977 3699 2032 Dei

2118 2076 2399 2131 sciendum
2428 2084 2510 2129 est
2537 2075 2638 2129 has
2685 2088 2783 2127 nos
2824 2072 3160 2127 differentias
3190 2073 3482 2140 reperisse.
3517 2068 3701 2124 Perfe-

2116 2168 2253 2222 ctior
2286 2166 2685 2236 appropinquat
2723 2165 2863 2229 Deo;
2893 2164 3120 2218 inferior
3150 2178 3281 2218 vero
3316 2172 3371 2216 et
3403 2162 3529 2214 huic
3559 2160 3697 2212 vici-

2117 2275 2217 2314 nus
2255 2276 2359 2313 non
2393 2258 2791 2328 appropinquat
2818 2257 3032 2325 quidem
3076 2257 3205 2320 Deo,
3249 2255 3343 2308 sed
3387 2253 3698 2306 orationi-nt

2116 2353 2283 2408 habet
2318 2353 2365 2407 ei
2399 2352 2955 2421 apprOpinquantem.
3002 2347 3159 2403 Unde
3205 2348 3271 2402 de
3322 2346 3506 2417 Moyse
3551 2360 3703 2413 repe-

2119 2446 2230 2499 rirc
2263 2454 2348 2500 est
2385 2444 2556 2499 illud:
2594 2463 2611 2494 ι
2648 2444 2886 2498 Accedet
2932 2441 3149 2512 Moyses
3197 2440 3347 2495 solus
3398 2438 3464 2491 ad
3512 2439 3698 2498 Deum.

2115 2537 2298 2592 caeteri
2331 2545 2517 2589 autem
2554 2550 2659 2589 non
2692 2535 2993 2597 accedent;
3033 2552 3052 2584 ι
3094 2533 3312 2601 insuper
3344 2545 3470 2585 vero
3497 2530 3702 2583 oratio-

2116 2642 2238 2681 nem
2274 2627 2545 2680 dicentem
2578 2638 2595 2679 :
2642 2644 2660 2675 ι
2689 2626 3101 2694 Appmpinquet
3132 2623 3449 2691 deprecatio
3484 2636 3626 2682 mea,
3673 2639 3692 2670 ι

2116 2727 2224 2772 etc.
2264 2717 2395 2784 Quae
2423 2730 2588 2786 porro
2620 2717 2813 2770 horum
2859 2717 2931 2770 sit
2964 2714 3300 2775 diII'et‘eulia,
3346 2727 3524 2781 opera:
3572 2726 3700 2779 pre-

2119 2809 2253 2862 tium
2287 2816 2372 2860 est
2410 2806 2779 2863 considerare.
2816 2805 2957 2859 Deus
2991 2819 3095 2859 non
3132 2803 3292 2857 estin
3326 2803 3466 2868 loco,
3498 2804 3592 2854 sed
3620 2809 3705 2853 est

2116 2899 2288 2951 virtus
2330 2911 2528 2951 arcana
2562 2906 2615 2951 et
2648 2894 2940 2951 inell'abilis
2989 2906 3045 2950 et
3088 2893 3403 2948 invisibilis.
3433 2894 3489 2947 Si
3520 2903 3698 2947 autem

2119 2991 2262 3044 Deus
2295 3004 2402 3044 non
2436 2998 2521 3043 est
2557 2989 2610 3042 in
2655 2992 2795 3052 loco,
2821 2996 2878 3042 et
2910 2988 3204 3055 aliquando
3245 2995 3421 3039 tamen
3460 2985 3570 3040 Deo
3604 3002 3701 3054 ap-

2114 3079 2481 3147 propinquare
2510 3093 2820 3148 possumus,
2854 3078 3042 3147 utique
3067 3092 3163 3146 per
3188 3075 3241 3130 id
3272 3076 3415 3143 quod
3453 3078 3502 3129 in
3541 3076 3698 3130 nobis

2113 3180 2196 3225 est
2240 3170 2516 3225 invisibile
2564 3171 2666 3239 ipsi
2710 3169 3233 3240 appropinquamus.
3276 3168 3414 3233 Quid
3450 3185 3613 3238 porro
3642 3171 3696 3223 in

435 3241 688 3339 θρωπον;
726 3288 743 3317 ι
783 3241 983 3320 ῒούτου
1013 3265 1143 3335 γοῦν
1172 3241 1317 3319 ἐστιν
1347 3241 1562 3333 ἐγγίσαι
1581 3264 1658 3335 τῷ
1685 3241 1824 3333 Θεῷ.
1855 3264 2011 3315 Ἔστι

2115 3264 2271 3319 nobis
2322 3275 2406 3320 est
2453 3265 2748 3329 invisibile,
2808 3265 2909 3319 nisi
2956 3264 3205 3319 occultus
3249 3265 3431 3318 cordis
3488 3266 3693 3330 homo,

433 3360 489 3411 δὲ
535 3360 752 3427 ἐγγίσαι
806 3358 895 3412 διὰ
941 3358 1115 3430 Ἰησοῦ
1163 3358 1431 3430 Χριστοῦ·
1483 3358 1577 3411 καὶ
1631 3356 1864 3427 μάλιστα
1916 3354 2011 3409 ἐὰν

433 3452 714 3521 νοήσωμεν
741 3450 832 3503 τὸν
862 3451 1095 3519 Χριστὸν
1113 3491 1127 3513 ,
1156 3452 1237 3503 ὅτι
1259 3452 1375 3503 ἐστὶ
1394 3449 1726 3520 δικαιοσύνη,
1749 3449 1830 3502 ὅτι
1863 3448 2011 3502 ἐστὶν

430 3542 659 3611 ἀλήθεια
688 3542 780 3596 καί⁵
812 3542 971 3611 σοφία
992 3582 1007 3606 ,
1042 3544 1136 3596 καὶ
1160 3542 1453 3605 ἀνάστασις
1483 3542 1576 3594 καὶ
1603 3540 1716 3610 φῶς
1736 3540 2008 3611 ἀληθινόν.

435 3632 597 3685 Ἄνευ
624 3631 732 3703 γὰρ
762 3632 966 3686 τούτων
1009 3634 1108 3686 οὐκ
1136 3632 1279 3686 ἔστιν
1311 3632 1522 3701 ἐγγίσαι
1556 3630 1707 3701 Θεῷ,
1743 3631 1855 3685 ἀλλ’
1889 3632 2011 3685 ούδέ

431 3724 601 3793 χωρὶς
620 3725 870 3795 εἰρήνης,
898 3723 997 3792 τῆς
1031 3725 1374 3801 φρουρούσης
1410 3725 1509 3795 τὴν
1544 3724 1772 3795 καρδίαν
1814 3724 1906 3776 καί
1942 3723 2012 3776 τά

430 3817 675 3886 νοήματα
694 3856 708 3879 ,
731 3818 853 3885 ἥτις
890 3816 1034 3868 ἐστὶν
1058 3818 1086 3868 6
1113 3815 1362 3887 Χριστός.
1401 3816 1549 3886 Ὄσῳ
1575 3815 1632 3868 δέ
1672 3833 1755 3879 τις
1794 3813 2011 3869 ἀπολεί-

431 3921 591 3958 πεται
615 3905 816 3957 τούτων
838 3943 852 3967 ,
875 3902 1217 3973 δικαιοσύνης
1238 3921 1310 3973 φη
1320 3905 1380 3974 μὶ
1402 3905 1496 3957 καὶ
1523 3904 1713 3973 σοφίας
1733 3945 1745 3969 ,
1772 3904 2009 3975 τοσούτῳ

432 3998 649 4069 μακράν
673 3998 820 4050 ἐστιν
851 3999 879 4050 6
904 3996 1142 4059 τοιοῦτος
1170 3995 1263 4049 τοῦ
1297 3994 1455 4050 Θεοῦ.

499 4275 779 4329 Είσέλθοι
812 4274 876 4328 τὸ
914 4273 1145 4344 ἀξίωμὰ
1175 4291 1294 4344 μου
1339 4271 1595 4325 ἐνώπιόν
1619 4287 1765 4332 σου,
1794 4272 2002 4337 Κύριε,

429 4366 580 4421 κατὰ
604 4364 668 4417 τὸ
689 4366 900 4433 λόγιόν
937 4380 1054 4419 σου
1076 4364 1265 4433 ῥῦσαι
1291 4382 1397 4434 με,
1440 4380 1494 4416 κ.
1528 4380 1578 4417 τ.
1611 4364 1657 4417 ἐ.
1694 4363 2007 4436 Παρακαλεῖ

425 4461 678 4530 τοιαύτην
729 4457 869 4515 εἷναι
918 4461 1018 4532 τὴν
1048 4461 1268 4526 ἀξίωσιν
1325 4463 1583 4534 δόκιμον,
1627 4466 1720 4517 καὶ
1769 4463 2002 4533 βέϐαιον,

2112 3373 2271 3427 quem
2302 3356 2588 3425 Scriptura
2621 3357 2667 3388 "
2713 3375 2732 3408 ι
2764 3356 3089 3411 interiorem
3139 3354 3416 3410 hominem
3455 3375 3472 3406 ι
3513 3356 3691 3409 nomi-

2111 3446 2306 3504 navit?
2336 3448 2509 3518 Hujus
2544 3462 2678 3516 ergo
2726 3457 2812 3503 est
2838 3447 3283 3517 apprOpinquare
3328 3446 3457 3500 Deo.
3491 3445 3694 3501 Possu-

2111 3556 2230 3596 mus
2273 3541 2436 3595 etiam
2492 3540 2932 3610 appropinquare
2985 3554 3081 3607 per
3126 3537 3317 3593 Jesum
3372 3538 3689 3605 Christum,

2110 3633 2410 3704 prmserlim
2430 3632 2475 3687 si
2501 3632 2935 3687 intellexerimus
2956 3631 3233 3685 Christum
3257 3647 3380 3687 esse
3395 3610 3691 3701 justitiam,

2112 3726 2433 3788 veritatem,
2487 3724 2846 3795 sapientiam,
2897 3724 3357 3778 resurrectionem
3404 3734 3459 3778 et
3515 3724 3692 3778 lucem

2111 3833 2316 3871 veram.
2358 3813 2493 3870 Nam
2526 3817 2645 3871 sine
2676 3815 2761 3871 bis
2796 3816 3020 3870 minime
3052 3830 3341 3885 possumus
3367 3816 3479 3869 Deo
3500 3831 3696 3884 appro-

2108 3912 2405 3979 pinquare,
2454 3910 2547 3965 sed
2599 3922 2701 3963 nec
2753 3909 2873 3963 sine
2921 3920 3055 3975 pace
3103 3922 3200 3962 cor
3238 3917 3293 3963 et
3336 3909 3695 3978 cogitationes

2107 4002 2476 4066 custodiente,
2507 4016 2632 4069 qua:
2658 4014 2762 4069 pax
2796 4008 2881 4053 est
2907 3998 3181 4053 Christus.
3207 3998 3481 4064 Quantum
3514 4010 3691 4053 autem

2106 4094 2229 4163 quis
2262 4093 2387 4147 istis
2417 4092 2753 4155 destituitur,
2785 4090 3002 4161 justilia
3051 4089 3271 4159 inquam
3313 4099 3367 4145 et
3400 4090 3691 4160 sapientia,

2112 4186 2454 4242 tantumdem
2484 4194 2723 4241 remotus
2751 4192 2834 4239 est
2857 4199 2887 4237 a
2916 4182 3048 4237 Deo.

2185 4279 2348 4333 Vens.
2393 4279 2518 4333 170.
2568 4276 2738 4331 Intret
2788 4274 3072 4342 postulatio
3131 4290 3246 4329 mea
3308 4274 3361 4327 in
3412 4282 3688 4342 compertu

2107 4380 2220 4439 tuo,
2269 4370 2515 4436 Domine,
2557 4367 2843 4423 secundum
2883 4368 3145 4437 eloquium
3192 4374 3341 4419 tuum
3382 4368 3521 4435 eripe
3570 4382 3687 4427 me.

2106 4471 2212 4517 etc.
2265 4461 2439 4531 Rogat
2494 4469 2555 4514 ut
2607 4459 2913 4513 istiusmodi
2970 4457 3262 4527 postulatio
3313 4458 3385 4513 sit
3432 4459 3685 4526 probata,

428 4554 521 4605 καὶ
549 4552 969 4619 ἀκατάγνωστον
992 4592 1006 4615 ,
1043 4552 1183 4605 ὥστε
1229 4554 1488 4607 εἰσελθεῖν
1520 4553 1747 4609 ἐνώπιον
1772 4556 2000 4624 Κυρίου.

2114 4554 2268 4609 Ilrma
2294 4564 2346 4609 et
2369 4551 2896 4623 irreprehensibilis,
2924 4550 2996 4604 ita
3031 4559 3089 4603 ut
3120 4550 3287 4605 intret
3314 4550 3364 4603 in
3388 4560 3683 4617 conspectu

426 4646 706 4714 Γνώσομαι
730 4644 785 4696 δὲ
802 4646 850 4697 εί
875 4642 1103 4697 εἰσέλθοι
1127 4645 1185 4698 τὸ
1207 4644 1423 4717 ἀξίωμά
1446 4665 1546 4718 μου
1568 4646 1795 4700 ἐνώπιόν
1814 4664 1928 4709 σου,
1953 4649 2000 4700 εἰ

2114 4646 2343 4701 Domini.
2388 4644 2725 4715 Cognoscam
2772 4654 2954 4699 autem
3005 4655 3187 4700 utrum
3227 4642 3521 4711 postulatio
3566 4657 3685 4696 mea

426 4736 680 4808 ρυσθείην
714 4736 817 4789 ὑπὸ
848 4734 942 4787 σοῦ
970 4735 1109 4789 κατὰ
1132 4738 1221 4790 τὸν
1247 4737 1401 4807 λόγον
1430 4739 1523 4791 καὶ
1560 4740 1619 4792 τὸ
1646 4738 1861 4810 ἀξίωμά
1898 4756 1997 4809 μου

424 4832 519 4884 καὶ
565 4830 664 4902 τὴν
695 4828 886 4897 σοφίαν
930 4846 1043 4882 σου.
1101 4830 1157 4882 Ὀ
1199 4832 1307 4900 γάρ
1337 4831 1605 4895 ἁνώτεοος
1642 4832 1858 4885 πάντων
1895 4850 2000 4886 πα-

423 4924 534 4978 θῶν
552 4924 790 4992 γεγονὼς
807 4964 821 4987 ,
850 4923 1059 4993 καὶτῆς
1080 4923 1401 4995 ἀχρειούσης
1425 4924 1639 4995 μακρὰν
1661 4926 1742 4977 ὅτι
1766 4924 1998 4996 μάλιστα

422 5017 623 5081 κακίας
676 5018 965 5089 χωρήσας,
1001 5000 1240 5086 baptian
1291 5018 1395 5069 ὑπὸ
1432 5016 1526 5070 τοῦ
1571 5017 1705 5070 Θεοῦ
1746 5018 1888 5071 κατά
1938 5018 1999 5071 τὸ

423 5110 603 5178 λόγιον
636 5109 821 5163 αὐτοῦ.
865 5109 1011 5161 ’Λντὶ
1041 5108 1098 5160 δέ
1122 5107 1216 5161 τοῦ
1252 5129 1269 5159 σ
1304 5110 1367 5162 τὸ
1397 5110 1615 5181 ἀξίωμά
1640 5128 1739 5180 μου
1772 5130 1789 5161 ι
1837 5112 1865 5163 ὁ
1901 5110 1997 5179 μὲν

437 5200 667 5264 Ἀκύλας
717 5218 736 5250 ι
763 5200 947 5270 δέησίς
984 5216 1084 5269 μου
1110 5238 1123 5261 ,
1163 5220 1179 5251 ι
1239 5203 1265 5253 ὁ
1301 5200 1358 5253 δὲ
1408 5200 1698 5272 Σύμμαχος
1764 5220 1781 5251 r
1822 5202 1998 5254 ἱκεσία

427 5309 527 5360 μου
559 5312 577 5341 ι
617 5293 891 5363 εἰρήκασι.
932 5290 1034 5343 Δύο
1065 5290 1132 5360 δὴ
1177 5285 1268 5343 οὖν
1295 5294 1472 5355 αἰτεῖ,
1513 5292 1610 5363 τὴν
1644 5292 1858 5346 σύνεσιν
1890 5293 1997 5347 τῶν

427 5384 472 5435 le
482 5382 588 5455 ρῶν
608 5383 801 5451 λογίων
821 5424 835 5447 ,
867 5384 958 5437 καὶ
978 5383 1075 5453 τὴν
1100 5384 1418 5453 ἀπαλλαγὴν
1444 5387 1538 5439 καὶ
1559 5384 1867 5457 ἐλευθερίαν
1889 5386 1996 5440 τῶν

422 5473 482 5525 ἐν
507 5472 585 5543 τῷ
617 5472 716 5544 βίῳ
749 5474 931 5529 κακῶν
950 5492 963 5505 ·
993 5475 1021 5528 ὃ
1048 5475 1111 5547 δὴ
1142 5475 1234 5528 καὶ
1268 5477 1398 5546 ἡμῖν
1430 5476 1745 5545 ἀναγκαῖον.

493 5837 543 5870 ’⁸
578 5837 707 5896 Luc.
737 5854 833 5909 xu,
860 5840 947 5896 55.
1024 5843 1066 5875 ⁷⁸
1108 5840 1263 5898 Rom.
1299 5856 1395 5909 vn,
1426 5840 1512 5896 εἰσιν..

2108 4739 2394 4795 intraverit
2434 4740 2487 4792 in
2534 4748 2829 4809 conspectu
2873 4747 2989 4802 tuo,
3032 4740 3075 4793 si
3126 4736 3421 4801 secundum
3460 4734 3682 4789 verbum

2105 4837 2161 4881 et
2190 4825 2618 4893 postulationem
2653 4841 2828 4881 meam
2860 4841 2925 4881 ac
2956 4827 3276 4897 sapientiam
3308 4834 3453 4877 tuam
3484 4840 3513 4877 a
3540 4836 3590 4878 te
3621 4824 3685 4877 li-

2108 4922 2325 4974 beratus
2353 4920 2527 4975 fuero.
2552 4918 2653 4987 Qui
2673 4921 2819 4974 enim
2845 4920 3101 4976 omnibus
3122 4920 3410 4976 aﬂ'ectibus
3434 4919 3684 4989 superior

2105 5012 2299 5076 evasit,
2324 5008 2562 5079 et‘longe
2596 5010 2886 5065 admodum
2920 5012 2987 5066 ab
3023 5011 3200 5065 inutili
3256 5012 3462 5067 malitia
3499 5027 3680 5066 remo-

2108 5114 2192 5159 tus
2221 5113 2327 5169 est,
2356 5106 2401 5159 is
2432 5119 2460 5157 a
2498 5104 2606 5159 Deo
2638 5106 2937 5159 secundum
2966 5103 3242 5173 eloquium
3273 5104 3389 5173 ejus
3421 5104 3682 5157 liberatus

2104 5207 2209 5253 est.
2239 5198 2505 5253 Caeterum
2537 5212 2636 5267 pro
2690 5216 2709 5249 ι
2744 5198 3043 5266 postulatio
3091 5214 3206 5255 mea
3250 5217 3268 5251 ι
3320 5196 3510 5265 Aquila
3552 5195 3680 5262 qui-

2104 5293 2226 5347 dem
2258 5310 2278 5344 t
2314 5293 2629 5362 deprecatio
2659 5306 2799 5356 mea,
2841 5309 2860 5343 ι
2902 5289 3268 5359 Symmachus
3299 5304 3426 5343 vero
3465 5307 3483 5338 ι
3520 5287 3679 5343 obsc-

2102 5385 2274 5440 cratio
2309 5400 2428 5438 mea
2464 5403 2482 5437 ι
2520 5383 2791 5438 dixerunt.
2828 5383 2941 5436 Duo
2971 5382 3143 5452 igitur
3184 5380 3440 5448 postulat,
3478 5379 3679 5433 intelli-

2100 5477 2339 5545 gentiam
2379 5490 2660 5530 sacrorum
2702 5472 3040 5543 eloquiorum
3090 5481 3144 5527 et
3189 5469 3566 5525 liberationem
3615 5483 3680 5523 ac

2105 5567 2409 5624 libertatem
2441 5570 2507 5622 ab
2535 5567 2693 5637 hujus
2726 5568 2849 5622 vita:
2883 5566 3041 5622 malis
3073 5586 3085 5621 :
3121 5566 3264 5636 quod
3302 5564 3490 5633 utique
3519 5560 3677 5617 nobis

2100 5660 2465 5717 necessarium
2494 5670 2599 5718 est.
