4106 6468
422 390 561 446 i627

495 518 660 571 Vens.
703 518 828 575 171.
876 518 1210 573 Eructabunt
1245 516 1389 570 labia
1428 532 1543 575 mea
1570 518 1842 587 hymnum,
1890 533 2006 570 cum
2036 520 2083 575 Α

422 607 667 660 docueris
708 625 787 661 me
812 608 1232 677 justiﬁcaliones
1282 616 1427 671 luas,
1481 614 1589 660 etc.
1634 605 1916 660 Eructatio
1950 614 2009 659 ul.

423 697 710 765 plurimum
742 697 940 751 accidit
999 698 1281 753 saturatis.
1323 696 1415 750 Sic
1455 698 1603 751 enim
1639 698 1833 767 repleti
1875 712 2007 753 eru-

422 800 638 847 ctamus
694 790 1013 858 qualitatem
1071 793 1175 844 cibi
1231 805 1391 859 quem
1438 789 1793 859 sumpsimus.
1847 788 2006 845 Novit

424 881 592 950 igitur
626 882 846 936 divinus
876 897 1057 937 sermo
1081 883 1259 936 cibum
1294 881 1591 952 spiritalem
1621 897 1636 934 :
1669 896 1794 935 nam
1829 881 2005 949 ipsum

423 973 662 1029 Verbum
717 976 794 1029 ait
820 976 868 1007 ⁷⁸
896 991 955 1029 se
988 991 1109 1030 esse
1151 990 1343 1044 panem
1392 993 1405 1029 :
1462 993 1479 1025 ι
1512 974 1625 1040 Ego
1668 989 1791 1028 sum
1846 974 2006 1043 panis

422 1068 580 1124 vivos
610 1068 701 1139 qui
731 1068 799 1123 de
838 1069 977 1124 coelo
1006 1069 1263 1125 descendi
1296 1087 1312 1124 :
1347 1069 1391 1123 si
1425 1068 1550 1137 quis
1592 1066 2007 1121 manducaverit

421 1175 488 1213 ex
538 1161 642 1214 hoc
686 1175 848 1229 pane,
906 1161 1056 1214 vivet
1108 1160 1161 1213 in
1213 1158 1714 1228 mternunrasls
1754 1157 1894 1225 Quin
1951 1167 2006 1212 et

421 1266 618 1308 carnes
661 1252 864 1308 habere
921 1268 982 1308 se
1029 1252 1221 1306 ait”:
1280 1270 1299 1302 ι
1338 1252 1440 1319 Qui
1493 1252 1787 1305 manducat
1830 1266 2004 1305 meatu

420 1355 667 1405 carnem,
694 1342 863 1398 habet
886 1343 1058 1397 vitam
1087 1344 1139 1396 in
1168 1345 1467 1413 semetipso
1499 1360 1512 1396 :
1550 1356 1679 1396 caro
1708 1342 1853 1395 enim
1887 1356 2005 1395 mea

420 1447 590 1488 verus
636 1444 719 1489 est
758 1436 933 1491 cibus.
966 1453 985 1486 ι
1024 1435 1079 1490 Si
1112 1434 1279 1505 igitur
1301 1434 1401 1489 hoc
1429 1449 1585 1502 pane,
1614 1434 1666 1487 id
1692 1447 1774 1488 est
1803 1433 2002 1499 Verbo,

421 1527 654 1581 saturati
696 1526 983 1595 fuerimus,
1031 1528 1400 1584 eructabimus
1435 1528 1717 1597 hymnum.
1753 1526 2008 1593 Quando-

424 1635 533 1688 que
577 1636 708 1675 vero
746 1621 916 1675 etiam
969 1622 1298 1676 eructabunt
1345 1619 1625 1674 orationes
1666 1638 1678 1673 :
1715 1621 1818 1676 hoc
1857 1622 2002 1675 enim

423 1714 592 1767 etiam
633 1728 728 1783 per
760 1728 954 1784 preces
990 1728 1216 1769 necesse
1260 1723 1343 1769 est
1396 1716 1536 1780 ﬁeri,
1584 1731 1706 1771 cum
1755 1717 2005 1772 docueris

424 1822 512 1861 me
557 1806 981 1875 iustiﬁcationes
1040 1815 1179 1860 tuas.
1227 1804 1363 1860 Nam
1427 1808 1529 1861 nisi
1577 1808 2003 1877 iustificationes

424 1908 545 1951 tuas
572 1899 794 1954 edoctus
819 1897 996 1965 fuero,
1024 1898 1293 1968 ejusmodi
1319 1900 1721 1955 eructationem
1754 1913 2009 1956 eructare
2039 1876 2082 1929 Β

423 2004 657 2057 nequeo.

492 2079 771 2148 Ejusdem.
806 2082 1277 2148 Quemadmodum
1307 2097 1494 2138 eorum
1522 2082 1613 2152 qui
1644 2096 1803 2151 aquo
1827 2084 2008 2136 animo

422 2179 570 2231 sunt,
604 2181 688 2226 est
712 2173 945 2241 psallere
983 2173 1166 2243 (nam,
1198 2175 1377 2243 inquit
1401 2175 1468 2239 ⁷³,
1504 2192 1522 2224 ι
1544 2188 1698 2243 aequo
1715 2174 1897 2227 animo
1926 2184 2011 2230 est

423 2263 621 2331 aliquis
654 2264 703 2317 in
733 2265 908 2331 vobis,
940 2265 1134 2333 psallat
1156 2265 1227 2337 ι),
1252 2266 1331 2322 sic
1358 2268 1588 2338 hymnos
1605 2285 1800 2325 canere
1822 2285 2006 2325 eorum

422 2363 505 2407 est
533 2355 623 2420 qui
650 2352 1106 2420 justilicationum
1145 2356 1387 2412 rationes
1424 2370 1745 2430 perspectas
1779 2363 2005 2419 habent.

423 2448 492 2499 At
526 2461 654 2500 vero
687 2447 922 2517 psallere
951 2448 1265 2504 hominibus
1306 2454 1582 2518 convenit,
1638 2454 1868 2523 hymnos
1914 2471 2010 2508 att-

424 2550 533 2592 tem
568 2554 789 2607 canere,
824 2542 1031 2612 angelis
1063 2542 1146 2596 vel
1181 2542 1249 2596 iis
1272 2544 1365 2612 qui
1397 2545 1700 2612 angelicam
1735 2548 1901 2601 vitam
1933 2551 2011 2602 vi-

423 2640 578 2684 vunt.
643 2631 992 2701 Quapropter
1049 2618 1251 2686 etiam.
1289 2636 1342 2688 in
1411 2636 1557 2703 agris
1620 2648 2010 2703 pernoctantes

424 2730 678 2790 pastores
724 2738 831 2776 non
887 2724 1182 2778 audierunt
1247 2724 1471 2789 angelos
1534 2726 1863 2795 psallentes,
1917 2730 2009 2784 sed

426 2814 660 2882 hymnos
687 2822 949 2868 canentes
977 2822 1032 2867 et
1073 2814 1359 2868 dicentes:
1404 2833 1423 2866 ι
1475 2814 1661 2870 Gloria
1709 2818 1761 2869 in
1809 2818 2011 2875 altissi-

424 2907 529 2957 mis
580 2905 685 2958 Deo
727 2905 795 2969 7’,
842 2922 860 2955 ι
908 2913 1015 2959 etc.
1063 2904 1158 2958 Est
1205 2905 1372 2976 igitur
1401 2908 1785 2975 aequanimitas
1812 2911 2010 2966 anima:

424 3005 600 3047 status
643 2992 933 3048 aﬂectuum
979 3010 1196 3064 expers,
1232 2997 1299 3050 ad
1335 3012 1494 3066 quem
1524 2997 1777 3052 manda’ta
1824 2999 1917 3054 Dei
1956 3009 2011 3055 et

426 3104 552 3141 vera
583 3088 831 3157 dogmata
873 3090 1177 3157 perducunt
1212 3105 1227 3155 ;
1262 3090 1501 3161 hymnus
1543 3100 1725 3145 autem
1768 3103 1855 3147 est
1892 3093 2008 3163 glo-

423 3176 678 3233 riﬁcatio.

501 3271 661 3325 Vens.
695 3271 819 3326 175.
875 3271 1012 3326 Vivet
1037 3272 1217 3326 anima
1251 3289 1366 3327 mea
1396 3282 1445 3329 et
1474 3273 1708 3329 laudabit
1739 3284 1811 3344 te,
1840 3276 2002 3347 etju-

422 3363 567 3417 dicit:
599 3375 689 3418 tua
722 3366 1050 3434 adjuvabunt
1080 3383 1183 3431 me,
1226 3375 1334 3421 etc.
1382 3368 1463 3422 Ad
1495 3367 1739 3423 futurum
1791 3381 2005 3441 tempus

419 3458 589 3511 vitam
640 3458 835 3511 animae
885 3458 1092 3512 retulit.
1136 3476 1155 3508 ι
1186 3458 1309 3512 Vita
1356 3461 1502 3512 enim
1534 3469 1721 3514 nostra
1771 3461 2005 3517 abscon-

420 3550 533 3603 dita
587 3559 671 3603 est
722 3566 843 3602 cum
892 3550 1117 3605 Christo
1152 3553 1204 3605 in
1248 3552 1360 3607 Deo
1390 3551 1461 3606 ⁸⁸.
1498 3570 1515 3604 ι
1549 3552 1704 3607 Tunc
1740 3554 2002 3622 hymnum

424 3642 535 3697 Deo
569 3643 789 3713 proprie
818 3643 982 3697 dicet.

497 3734 663 3788 Vens.
712 3734 831 3787 176.
872 3734 1061 3787 Erravi
1095 3736 1233 3787 sicut
1276 3733 1388 3787 ovis
1426 3749 1544 3802 qua:
1582 3735 1784 3803 periit:
1827 3751 2007 3803 qua're

420 3844 630 3884 servum
667 3838 837 3889 tuum,
889 3826 1015 3896 quia
1047 3826 1299 3878 mandata
1342 3834 1435 3879 tua
1476 3842 1580 3880 non
1628 3841 1743 3879 sum
1786 3828 2003 3896 oblitus,

422 3930 533 3971 etc.
582 3916 828 3970 Primum
882 3916 1099 3985 quidem
1153 3924 1410 3984 tanquam
1459 3913 1671 3982 iustitia
1727 3929 2001 3975 errantem

1842 393 1932 448 EX
1973 392 2136 451 ORlG
2145 392 2282 448 ENE

3548 388 3691 443 1638

2193 513 2635 583 Ἐξερεύξονται
2678 515 2750 567 τὰ
2794 514 2970 582 χείλη
2998 531 3119 582 μου
3153 514 3379 583 ὕμνον,
3423 512 3569 566 ὅταν
3614 511 3705 566 δι’

2115 606 2309 674 δάξῃς
2341 624 2418 674 με
2456 605 2530 659 τὰ
2554 605 2912 676 δικαιώματά
2952 622 3102 669 σου,
3139 623 3193 659 κ.
3231 622 3283 658 τ.
3312 606 3359 657 ἐ.
3422 604 3485 657 Ἠ
3529 601 3704 675 ἐρυγὴ

2115 698 2193 761 ὼς
2227 696 2429 752 ἐπίπαν
2477 698 2683 767 γίνεται
2716 700 2830 763 τοῖς
2881 696 3325 768 κεκορεσμένοις.
3361 695 3707 765 Πλησθέντες

2115 789 2224 860 γὰρ
2254 788 2427 852 οὕτως
2464 789 2801 860 ἐρευγόμεθα
2829 789 2927 860 τὴν
2959 788 3221 859 ποιότητα
3249 788 3347 859 τῆς
3373 785 3603 856 τροφῆς,
3637 786 3706 855 ἢν

2114 882 2435 954 εἰλήφαμεν.
2466 877 2618 935 Οἶδεν
2645 878 2738 935 οὖν
2764 882 2792 934 ό
2815 882 2957 945 θεῖος
2986 879 3143 948 λόγος
3169 879 3548 949 πνευματικὴν
3580 892 3707 947 τροα

2115 976 2241 1045 φήν·
2261 974 2423 1037 αὑτὸς
2435 973 2544 1045 γὰρ
2558 976 2585 1027 6
2602 973 2773 1041 Λόγος
2790 975 2954 1043 φησὶν
2968 973 3131 1045 ἄρτος
3148 967 3309 1026 εἶναι’
3337 990 3355 1021 ι
3380 968 3523 1037 Ἐγὼ
3544 971 3660 1038 εἰμι
3677 970 3706 1021 6

2115 1070 2278 1141 ἄρτος
2293 1071 2320 1122 6
2342 1069 2449 1134 ζῶν
2469 1071 2498 1122 6
2521 1069 2580 1134 ἐξ
2594 1068 2825 1140 οὐρανοῦ
2841 1066 3084 1130 καταϐάς
3105 1083 3117 1095 ·
3140 1066 3168 1117 6
3186 1064 3375 1134 φαγὼν
3398 1061 3587 1115 τοῦτον
3609 1059 3705 1113 τὸν

2114 1161 2277 1232 ἄρτον
2300 1161 2523 1232 ζήσεται
2547 1162 2626 1224 είς
2652 1160 2742 1213 τὸν
2773 1160 2965 1213 αἰῶνα.
3003 1178 3020 1209 ι
3052 1156 3159 1210 Καί
3184 1173 3316 1225 φησι
3342 1154 3451 1224 γάρ
3473 1156 3500 1206 6
3528 1152 3707 1217 Λόγος

2114 1252 2259 1322 ἔχειν
2284 1253 2493 1323 σάρκας
2515 1254 2570 1304 ὲν
2596 1251 2672 1322 τῷ
2690 1269 2703 1282 σ
2738 1271 2756 1303 ι
2779 1250 3067 1321 Ὀτρώγων
3094 1266 3194 1320 μου
3226 1248 3326 1318 τὴν
3350 1247 3549 1316 σάρκα,
3585 1242 3707 1312 ἔχει

2113 1343 2260 1415 ζωὴν
2281 1347 2337 1396 ὲν
2362 1344 2538 1415 ἑαυτῷ
2558 1361 2571 1375 ο
2595 1346 2627 1414 ἡ
2649 1342 2757 1414 γὰρ
2779 1341 2916 1414 σάρξ
2939 1359 3038 1413 μου
3060 1340 3265 1411 ἀληθής
3283 1341 3398 1391 ἐστι
3426 1336 3650 1413 βρῶσις.
3678 1352 3699 1385 ι

2127 1438 2253 1490 Ἐάν
2280 1433 2372 1490 οὖν
2422 1436 2771 1509 κορεσθῶμεν
2815 1436 3004 1488 τούτου
3038 1432 3130 1487 τοῦ
3162 1433 3327 1504 ἄρτου
3348 1472 3363 1495 ,
3403 1432 3431 1484 ὃ
3458 1432 3575 1482 ἐστι
3604 1426 3704 1480 τοῦ

2114 1530 2286 1598 Λόγου
2305 1569 2318 1592 ,
2347 1529 2680 1602 ἐρευξόμεθα
2712 1527 2902 1599 ὕμνον.
2935 1527 3071 1580 Ποτέ
3114 1526 3171 1579 δὲ
3198 1522 3570 1595 ἐξερεύξονται
3607 1520 3706 1573 καὶ

2114 1620 2272 1690 εὐχαί
2298 1637 2311 1650 °
2338 1620 2399 1672 τὸ
2432 1619 2541 1691 γάρ
2567 1620 2698 1672 αὑτὸ
2728 1618 2980 1686 γενέσθαι
3012 1618 3321 1684 ἐπάναγκες
3348 1614 3442 1667 καὶ
3469 1612 3556 1665 διά
3594 1612 3705 1664 τῶν

2114 1713 2307 1783 εὐχῶν,
2331 1713 2458 1765 ὅταν
2494 1711 2711 1783 διδάξῃς
2736 1729 2804 1781 με
2827 1710 2895 1764 τά
2927 1707 3276 1779 δικαιώματά
3309 1725 3403 1761 σου
3424 1724 3437 1736 °
3468 1704 3565 1759 ἐὰν
3588 1704 3704 1775 γάρ

2119 1805 2193 1875 μὴ
2219 1804 2451 1875 διδαχθῶ
2492 1804 2560 1857 τά
2605 1802 2951 1874 δικαιώματά
3003 1818 3135 1865 σου,
3186 1797 3444 1869 τοιαύτην
3494 1795 3704 1869 ἐρυγὴν

2112 1895 2199 1963 ἐξε
2209 1895 2496 1968 ρεύξασθαι
2524 1896 2585 1950 οὐ
2617 1895 2878 1967 δύναμαι.
3632 1924 3639 1925 ί

2191 2080 2298 2134 Τοῦ
2349 2080 2557 2134 αὐτοῦ.
2600 2080 2810 2152 Ὠσπερ
2860 2078 2969 2133 τῶν
3019 2077 3403 2149 εὑθυμοὺντων
3454 2077 3574 2130 ἐστὶ
3636 2075 3701 2130 τὸ

2109 2172 2331 2242 ψάλλειν
2376 2168 2665 2241 (ιεὺθυμεῖ
2708 2171 2819 2242 γάρ
2861 2188 2973 2235 τις,
3025 2170 3220 2240 φησὶν,
3269 2170 3326 2221 ἐν
3350 2169 3509 2239 ὑμϊνς
3561 2167 3706 2236 dial.-

2110 2263 2484 2337 λέτω›),οὓτω
2507 2263 2567 2315 τὸ
2596 2263 2785 2333 ὑμνεῖν
2823 2262 2933 2315 τῶν
2964 2260 3311 2333 θεωρούντων
3355 2261 3484 2322 τοὺς
3511 2258 3708 2326 λόγους

2110 2356 2219 2410 τῶν
2248 2354 2633 2426 δικαιωμάτων
2675 2354 2843 2408 ἐστίν.
2912 2352 3073 2407 Ἀλλά
3115 2353 3176 2405 τὸ
3219 2352 3316 2423 μὲν
3354 2351 3578 2421 ψάλλειν
3610 2352 3708 2404 ἀν-

2111 2446 2350 2519 θρώποις
2379 2445 2628 2517 ἁρμόζει,
2667 2446 2726 2499 τὸ
2758 2446 2815 2498 δὲ
2846 2446 3035 2516 ὑμνεῖν
3069 2444 3356 2514 ἀγγέλοις,
3382 2444 3415 2514 ἦ
3457 2446 3570 2507 τοῖς
3604 2445 3708 2509 ἀγ-

2112 2540 2327 2608 γελικὸν
2357 2539 2538 2610 ἔχουσι
2571 2537 2685 2608 βίον
2708 2556 2719 2567 ·
2755 2538 2835 2591 διὸ
2866 2538 2960 2591 καὶ
2985 2537 3034 2590 οἱ
3063 2534 3467 2608 ἀγραυλοῦντες
3509 2534 3707 2604 ποιμέ-

2111 2647 2202 2693 νες
2228 2631 2327 2681 οὑκ
2349 2630 2587 2699 ἥκουσαν
2611 2628 2862 2698 ἀγγέλων
2887 2628 3199 2698 ψαλλόντων
3219 2666 3233 2690 ,
3258 2626 3372 2681 ἀλλ’
3401 2624 3704 2697 ἀνυμνούν-

2112 2738 2219 2775 των
2266 2722 2373 2793 καὶ,
2412 2722 2677 2789 λεγόντων
2698 2739 2712 2752 ⁸
2772 2740 2790 2771 ι
2827 2719 2964 2785 Δόξα
2998 2721 3054 2772 ἐν
3086 2718 3335 2789 ὑψίστοις
3365 2716 3520 2788 Θεῷ,
3554 2735 3571 2767 ι
3609 2716 3706 2769 καὶ

2110 2813 2180 2868 τὰ
2205 2814 2350 2885 ἑξῆς.
2390 2814 2545 2867 Ἐστι
2585 2813 2763 2866 τοίνυν
2811 2812 3049 2882 εὐθυμία
3098 2810 3337 2865 ἀπάθεια
3369 2810 3547 2879 ψυχῆς
3594 2807 3707 2862 ἀπὸ

2110 2908 2219 2963 τῶν
2247 2908 2475 2962 ἐντολῶν
2511 2906 2608 2961 τοῦ
2656 2906 2790 2960 Θεοῦ
2818 2906 2911 2960 καὶ
2957 2906 3065 2959 τῶν
3095 2906 3365 2975 ἀληθινῶν
3416 2902 3704 2974 δογμάτων

2111 2998 2518 3071 προσγινομένη
2541 3016 2556 3031 ο
2591 2998 2759 3070 ὕμνος
2779 2997 2838 3051 δέ
2865 2998 2979 3051 ἐστι
3007 2996 3306 3065 δοξολογία.

2182 3276 2440 3344 Ζήσεται
2477 3277 2516 3345 ἡ
2565 3275 2736 3345 ψυχή
2785 3293 2905 3345 μου
2936 3275 3035 3329 καὶ
3061 3268 3437 3336 alr-saeros,
3486 3273 3585 3327 καὶ
3630 3276 3705 3327 τὰ

2110 3366 2368 3440 κρίματὰ
2395 3382 2511 3423 σου
2534 3367 2832 3435 βοηθήσει
2857 3385 2960 3437 μοι
2984 3407 2999 3431 ,
3040 3384 3095 3420 κ.
3129 3384 3181 3420 τ.
3210 3367 3259 3419 ὲ.
3304 3367 3402 3430 Εἰς
3432 3365 3525 3419 τὸν
3572 3367 3703 3437 μέλ-

2108 3463 2271 3517 λοντα
2293 3461 2483 3534 χρόνον
2499 3459 2737 3514 ἐνέκλειε
2763 3459 2860 3530 τὴν
2882 3457 3027 3529 ζωὴν
3052 3458 3152 3529 τῆς
3178 3457 3358 3529 ψυχῆς
3378 3476 3392 3489 ο
3427 3477 3445 3510 ι
3477 3457 3543 3509 Ἠ
3591 3457 3707 3527 γάρ

2113 3553 2228 3624 ζωὴ
2262 3553 2420 3625 ἡμῶν
2451 3553 2759 3624 κέκρυπται
2798 3552 2895 3605 σὺν
2930 3550 3009 3621 τῷ
3036 3551 3259 3622 Χριστῷ
3294 3553 3353 3605 ἐν
3386 3550 3466 3622 τῷ
3498 3550 3640 3621 Θεῷ.
3677 3570 3701 3601 ι

2112 3646 2247 3701 Τότε
2275 3644 2505 3717 ὑμνήσει
2538 3644 2744 3716 κυρίως
2767 3642 2856 3696 τὸν
2881 3643 3035 3698 Θεόν.

2191 3734 2576 3803 Ἐπλανήθην
2604 3743 2687 3801 ὡς
2721 3735 3019 3803 πρόϐατον
3059 3735 3404 3801 ἀπολωλόςο
3440 3734 3703 3803 ζήτησον

2106 3828 2216 3883 τὸν
2267 3828 2494 3883 δοῦλόν
2534 3842 2684 3892 σου,
2726 3826 2815 3880 ὅτι
2849 3828 2957 3893 τὰς
2980 3825 3237 3893 ἐντολάς
3282 3841 3399 3881 σου
3437 3829 3549 3881 οὐκ
3590 3827 3701 3880 ἐπ-

2109 3922 2434 3990 ελαθόμην,
2465 3938 2520 3974 κ.
2556 3936 2608 3973 τ.
2646 3919 2693 3972 ὲ.
2750 3918 2976 3990 Πρῶτον
3030 3918 3127 3989 μὲν
3182 3917 3281 3989 τὴν
3327 3918 3700 3988 πλανηθεῖσαν

426 4008 665 4063 animam
721 4006 994 4060 convertit
1046 4005 1361 4073 Dominus;
1405 4007 1601 4061 deinde
1657 4023 1786 4063 vero
1838 4010 2000 4064 etiam

2111 4014 2286 4085 ψυχὴν
2322 4012 2397 4076 ὡς
2439 4010 2753 4080 δικαιοσύνη
2789 4008 3107 4080 ἐπιστρέφει
3143 4010 3172 4061 ὁ
3213 4006 3447 4080 Κύριος,
3504 4006 3700 4059 ἔπειτα

424 4110 679 4170 tanquam
713 4098 1006 4167 sapientia,
1045 4097 1315 4168 siquidem
1339 4115 1501 4159 error
1536 4102 1732 4158 anima:
1769 4112 1853 4157 est
1888 4118 2005 4157 ma-

422 4191 536 4246 litia
569 4201 621 4246 et
654 4173 980 4259 ignorantia.

928 4366 1054 4423 PSA
1067 4367 1253 4424 LMUS
1318 4369 1505 4425 CXIX.

495 4459 663 4515 Vens.
717 4459 769 4511 1.
825 4457 1099 4513 Canticum
1150 4462 1432 4529 graduum,
1480 4470 1589 4516 etc.
1639 4464 1750 4521 Soli
1792 4466 1870 4521 illi
1911 4472 2001 4538 qui

424 4552 532 4604 vita
583 4550 901 4618 rationeque
952 4551 1277 4615 ascendunt,
1314 4552 1424 4619 apti
1453 4563 1581 4607 sunt
1629 4557 2003 4627 gradualibus,

428 4642 607 4709 iisque
637 4640 911 4709 mysteriis
936 4655 1057 4709 qua:
1087 4642 1142 4695 in
1174 4644 1409 4698 canticis
1448 4646 1828 4702 continentur.
1860 4649 1971 4704 Con
1991 4683 2005 4693 -

419 4732 639 4803 jicimus
682 4732 914 4801 primum
962 4734 1229 4803 graduum
1271 4737 1550 4791 canticum
1599 4738 1770 4794 fuisse
1811 4743 2008 4797 recita-

423 4834 565 4886 tum,
618 4823 664 4877 si
719 4823 941 4892 quando
989 4823 1189 4878 bellum
1246 4823 1610 4892 immineret;
1668 4830 2003 4898 secundum,

421 4914 640 4980 quando
675 4927 736 4967 se
767 4912 1145 4982 praeparabant
1170 4922 1226 4970 et
1259 4915 1441 4973 socios
1472 4915 1852 4986 advocabant;
1893 4932 1998 4975 ter-

424 5008 580 5071 tium,
611 5014 901 5076 postquam
929 5021 1055 5061 cum
1084 5006 1337 5063 hostibus
1364 5013 1670 5079 congressi,
1700 5002 1834 5083 ipsis
1869 5030 2003 5085 quo-

2110 4105 2167 4157 δὲ
2213 4104 2306 4156 καὶ
2355 4101 2431 4163 ὡς
2466 4099 2657 4169 σοφία,
2703 4098 2863 4170 εἴπερ
2914 4096 3089 4170 πλάνη
3142 4096 3263 4151 ἐστὶ⁵
3306 4096 3485 4168 ψυχῆς
3528 4096 3699 4149 κακία

2111 4195 2206 4247 καὶ
2238 4192 2506 4261 ἀγνωσία.

2671 4374 2961 4428 ΨΑΔΜΟΣ
2993 4373 3139 4426 PIO’.

2192 4469 2326 4541 ᾩδὴ
2356 4467 2473 4521 τῶν
2495 4465 2855 4535 ἀναϐαθμῶν
2876 4506 2891 4529 ,
2920 4484 2974 4519 κ.
3011 4483 3063 4522 τ.
3093 4466 3138 4517 ἑ.
3179 4464 3348 4518 Μόνοι
3387 4464 3437 4516 οἱ
3476 4463 3553 4534 τῷ
3595 4462 3699 4535 βίῳ

2108 4560 2219 4631 (42)
2250 4561 2343 4613 καὶ
2374 4558 2453 4629 τῷ
2476 4557 2620 4627 λόγῳ
2651 4556 3034 4619 ἀναϐαίνοντες
3062 4554 3251 4607 οἰκεῖοί
3289 4557 3394 4608 εὶσι
3422 4554 3530 4607 τῶν
3565 4556 3699 4608 ἀνα-ο

2108 4648 2331 4719 ϐαθμῶν
2355 4688 2369 4712 ,
2405 4647 2500 4701 καὶ
2535 4646 2644 4700 τῶν
2676 4648 2732 4698 ἐν
2764 4649 2883 4709 ταῖς
2926 4645 3092 4716 ᾠδαῖς
3126 4644 3305 4697 αὐτῶν
3355 4646 3696 4716 μυστηρίων.

2108 4741 2486 4812 Στοχαζόμεθα
2510 4741 2607 4810 τὴν
2640 4740 2739 4811 μὲν
2768 4738 2992 4811 πρώτην
3036 4736 3183 4808 ᾠδὴν
3214 4736 3323 4790 τῶν
3362 4738 3698 4807 ἀναϐαθμῶν

2107 4832 2363 4901 λέγεσθαι
2405 4832 2462 4883 ἐν
2499 4830 2577 4901 τῷ
2611 4829 2727 4900 λαῷ
2752 4868 2767 4892 ,
2810 4829 2991 4881 εἴποτε
3028 4828 3264 4899 πόλεμος
3292 4828 3657 4897 προσεδοκᾶτο
3678 4844 3692 4858 ο

2104 4924 2204 4995 τὴν
2243 4924 2299 4976 δέ
2333 4922 2593 4994 δευτέραν
2614 4961 2629 4985 ,
2682 4921 2845 4973 ὁπότε
2892 4918 3367 4992 παρεσκευάζοντο
3388 4958 3402 4983 ,
3431 4919 3523 4971 καὶ
3555 4936 3697 4989 συμ-

2109 5017 2296 5088 μάχων
2326 5015 2569 5068 ἐδέοντοο
2600 5014 2698 5084 τὴν
2740 5013 2797 5065 δὲ
2845 5012 3057 5083 τρίτην,
3104 5012 3241 5082 μετά
3285 5011 3344 5065 τὸ
3383 5012 3691 5082 συμϐαλόν-

421 5098 713 5153 dammodo
740 5097 1054 5167 superiores
1087 5109 1420 5168 evaserant;
1467 5114 1745 5172 quartum,
1781 5108 2001 5176 quando

2111 5124 2194 5169 τες
2220 5110 2331 5170 τοῖς
2372 5106 2647 5178 πολεμίοις
2692 5104 2983 5177 ὑπέρτεροί
3012 5122 3129 5167 πως
3158 5104 3338 5158 αὑτῶν
3364 5105 3645 5173 γεγονέναι
3675 5118 3688 5131 ⁸

420 5190 486 5244 de
514 5188 742 5245 victoria
779 5189 832 5243 iu
862 5188 969 5243 ﬁne
999 5189 1341 5257 sperabant;
1378 5195 1649 5264 quintum,
1699 5208 1991 5269 postquam

2111 5199 2203 5270 τὴν
2223 5199 2277 5252 δὲ
2300 5200 2568 5271 τετάρτην
2588 5239 2603 5262 ,
2636 5199 2724 5251 ὅτε
2760 5215 2827 5251 πε
2840 5197 2892 5269 ρὶ
2918 5197 3019 5268 τῆς
3044 5198 3201 5269 νίκης
3234 5197 3327 5250 ἐπὶ
3353 5198 3495 5250 τέλει
3531 5198 3693 5269 ἤλπι-

419 5298 539 5338 eam
578 5282 798 5337 fuerant
827 5282 1108 5337 consecuti
1142 5298 1158 5349 ;
1190 5293 1429 5352 sextum,
1462 5289 1682 5356 quando
1708 5291 1994 5357 redibant;

2111 5289 2226 5354 ζον·
2261 5289 2360 5361 τὴν
2390 5289 2446 5341 δέ
2501 5289 2794 5359 πέμπτην,
2829 5288 2924 5341 ἐπὶ
2969 5287 3047 5358 τῷ
3094 5287 3551 5358 κατωρθωκέναν
3590 5289 3690 5360 τὴν

419 5374 739 5443 septimum,
764 5372 982 5442 quando
993 5371 1108 5441 jam
1134 5371 1415 5428 redierant
1439 5391 1454 5435 ;
1484 5385 1756 5443 octavum,
1782 5379 1997 5446 quando

2111 5380 2162 5434 δὲ
2185 5380 2350 5449 ’ἐκτην
2378 5418 2391 5443 ,
2424 5379 2847 5449 ἐπανερχόμεναι
2870 5395 2882 5408 ’
2916 5378 3014 5449 τὴν
3041 5378 3098 5430 δὲ
3125 5376 3360 5447 ἑϐδόμην
3381 5419 3395 5443 ,
3424 5378 3691 5447 ἐπανελη-

420 5460 680 5530 templum
727 5461 1125 5529 exstruebant;
1158 5476 1383 5529 nonum,
1433 5474 1718 5537 postquam
1762 5472 1815 5524 iu
1864 5484 1997 5539 pace

2111 5471 2323 5534 λυθότες
2347 5490 2359 5502 ο
2409 5472 2509 5542 τὴν
2541 5472 2598 5525 δέ
2636 5471 2858 5543 ὀγδόην,
2907 5469 3362 5533 ἐπισκευάζοντες
3408 5470 3499 5525 τὸν
3531 5471 3684 5524 ναόν·

418 5551 801 5619 versabantur,
837 5551 1214 5609 describentes
1254 5556 1377 5623 quis
1416 5558 1611 5616 beatus
1654 5570 1802 5615 esset
1841 5574 1994 5614 recu-

2111 5560 2199 5631 τὴν
2227 5561 2283 5613 δὲ
2310 5561 2535 5632 ἐννάτην
2560 5602 2574 5629 ,
2605 5562 2744 5633 μετά
2764 5561 2825 5615 τὸ
2850 5562 2907 5613 ἐν
2933 5559 3124 5630 εἰρήνῃ
3140 5558 3392 5627 γενέσθαι
3412 5599 3426 5622 ,
3461 5560 3686 5631 διαγρά-

489 5690 537 5727 τί
571 5688 728 5743 Joan.
774 5682 980 5757 vt,'5(,
1021 5693 1123 5773 5‘2.
1188 5694 1234 5725 '"
1273 5694 1404 5750 ibid.
1444 5692 1534 5760 55,
1560 5692 1651 5749 56.
1726 5691 1771 5725 ⁷⁸
1789 5690 1977 5747 Jacob.
2008 5692 2168 5760 v,15.
2247 5694 2290 5727 7’
2319 5693 2450 5748 Luc.
2478 5710 2538 5760 II,
2563 5696 2647 5751 li.
2724 5698 2769 5730 ⁸⁰
2795 5697 3003 5757 Coloss.
3035 5715 3112 5764 ut,
3143 5700 3195 5754 3.

498 5831 612 5899 με)
642 5833 827 5888 Μόνοι
852 5836 905 5889 ol
931 5834 1009 5902 τῷ
1034 5836 1174 5903 βίῳ,
1209 5846 1311 5892 etc.
1353 5837 1556 5893 Catena
1594 5836 1859 5894 Cordcrii.
