4106 6430
378 331 514 388 {£29

1339 329 1646 386 SELECTA
1685 331 1751 385 IN
1787 330 2130 387 PSALMOS.
2173 363 2242 372 -—
2276 331 2472 387 PSAL.
2517 332 2704 387 CXIX.

3515 339 3532 391 Ι
3545 339 3651 395 650

374 465 568 519 φοντες
597 447 678 513 τίς
705 449 734 502 ό
761 449 1057 521 μακάριος,
1095 449 1186 500 ἐπὶ
1215 447 1291 518 τῷ
1324 449 1448 512 τοὺς
1473 449 1708 513 οἰκείους
1736 449 1942 520 ἀπειλη-

2065 460 2253 518 perata
2288 451 2711 504 domesticorum
2760 452 3149 507 consuetudine
3174 494 3189 518 ,
3225 450 3516 522 decimum,
3557 458 3651 514 ubi

375 543 573 610 φέναι,
608 543 703 596 καὶ
748 538 888 595 εἶναι
935 543 1030 595 σὺν
1077 542 1297 606 αὐτοῖς·
1350 542 1449 612 τὴν
1495 543 1550 596 δὲ
1583 542 1852 612 δεκάτην,
1908 544 1965 594 ἐν

2071 543 2180 596 alta
2216 559 2348 612 pace
2385 543 2748 609 fruebantur;
2783 545 3001 613 quando
3030 546 3219 601 dicunt
3258 561 3318 602 se
3359 563 3501 618 smpe
3528 553 3651 619 qui~

373 634 573 704 βαθείᾳ
606 635 971 704 τυγχάνοντες
1021 635 1245 707 εἰρήνῃ,
1273 634 1359 688 ὅτε
1403 636 1535 702 φασὶ
1575 635 1837 698 πολλάκις
1867 635 1942 705 μέε

2068 634 2190 686 dem
2240 631 2408 687 fuisse
2457 634 2818 702 impugnatos.
2870 643 2926 686 at
2972 651 3248 706 nunquam
3292 641 3359 694 ab
3407 638 3650 696 inimicis

371 723 817 794 πεπολεμῆσθαι,
865 724 1221 795 μηδεπώποτε
1252 725 1309 777 δὲ
1335 723 1657 793 δεδυνῆσθαι
1703 725 1824 776 κατ’
1875 724 1968 776 αὑ-

368 815 479 868 τῶν
529 816 656 878 τοὺς
706 816 1028 886 πολεμίους’
1064 816 1164 887 τὴν
1209 815 1265 868 δὲ
1313 815 1637 885 ἑνδεκάτην,
1696 814 1798 886 ἥδη
1850 817 1964 878 τοῖς

371 905 537 967 θείοις
593 904 944 974 σχολάζοντες
973 905 1068 958 καὶ⁸
1120 905 1188 959 τά
1241 905 1382 976 βάθη
1434 904 1614 956 αὑτῶν
1653 903 1956 967 συνιέντες·

2067 734 2418 794 prostratos;
2458 723 2628 794 819
2671 725 3039 792 undecimum,
3089 729 3307 796 quando
3342 728 3453 798 iam
3486 730 3649 786 rebus

2064 819 2266 873 divinis
2321 827 2585 873 vacantes
2630 833 2816 872 earum
2866 821 3135 887 profunda
3207 822 3582 891 intelligebant
3625 841 3644 890 ;

2064 916 2450 971 duodecimum
2491 917 2781 980 canebant,
2840 925 2900 970 ut
2948 916 3176 971 minime
3225 917 3354 969 elati
3415 917 3482 970 iis
3525 931 3648 976 qua:

369 999 470 1066 τὴν
496 997 552 1049 δὲ
572 996 882 1067 δωδεκάτην
903 1036 916 1059 ,
950 996 1025 1060 ὡς
1054 997 1155 1050 οὑκ
1179 996 1532 1068 ἐπαιρόμενοι
1565 997 1657 1049 ἐπὶ
1679 998 1791 1058 τοῖς
1822 1013 1942 1064 γνω

2061 1017 2436 1076 COguoveraut
2467 1026 2481 1072 ;
2519 1009 2792 1063 decimum
2829 1009 3048 1062 tertium
3079 1007 3144 1060 de
3171 1007 3378 1062 Christi
3423 1007 3645 1061 restitu-

371 1089 579 1141 σθεῖσιν
605 1105 616 1116 ·
654 1089 753 1157 τὴν
785 1088 841 1140 δὲ
869 1087 1328 1159 τρισκαιδεκάτην
1348 1126 1362 1152 ,
1408 1088 1537 1159 περὶ
1571 1086 1958 1140 ἀποκαταστά-

369 1198 508 1244 σεως
546 1181 794 1250 εὔχονται
824 1179 1062 1252 Χριστοῦ
1085 1195 1099 1210 °
1133 1179 1232 1252 τὴν
1253 1181 1309 1234 δέ
1334 1179 1956 1252 τεσσαρεσκαιδεκάτην,

366 1272 496 1344 περ)⁸
527 1271 1028 1335 ἀποκαταστάσεως
1071 1271 1172 1340 τῆς
1205 1271 1564 1342 Ἐκκλησίσςο
1596 1270 1694 1342 τὴν
1727 1269 1784 1323 δὲ
1823 1286 1955 1321 πεν-

363 1364 788 1435 τεκαιδεκάτην,
821 1365 947 1434 περὶ
979 1363 1073 1416 τοῦ
1108 1364 1215 1416 δεῖν
1246 1364 1476 1428 αὐτοὺς,
1527 1362 1841 1432 φθάσαντας
1876 1364 1956 1425 εὶς

363 1457 454 1509 τὸν
485 1451 632 1508 οἷκον
667 1455 760 1508 τοῦ
789 1455 923 1508 Θεοῦ
945 1496 958 1518 ,
986 1457 1208 1510 ἑστάναι
1260 1458 1318 1509 ἐν
1351 1454 1500 1524 αὑτῷ
1520 1495 1534 1519 ,
1565 1457 1660 1508 καὶ
1711 1454 1956 1522 εὐλογεῖν

362 1551 526 1605 αὑτὸν
551 1589 565 1612 ,
607 1551 931 1621 ἐπαίροντας
960 1550 1057 1614 τὰς
1086 1553 1276 1622 χεῖρας
1317 1552 1397 1613 εἰς
1443 1549 1511 1602 τά
1550 1548 1680 1618 ἆγια
1700 1590 1716 1615 ,
1742 1548 1828 1600 ἵνα
1859 1547 1956 1601 καὶ

364 1648 518 1701 αὐτοὶ
553 1648 920 1720 εὑλογηθῶσιν
958 1648 1067 1701 ἀπὸ
1100 1649 1328 1720 Κυρίου.

432 1741 589 1806 Πρὸς
646 1742 866 1807 Κύριον
923 1740 993 1792 ἐν·
1035 1740 1116 1805 τῷ
1168 1741 1480 1794 θλίϐεσθαι
1523 1758 1601 1808 με
1632 1739 1948 1809 ἐκέκραξα,

361 1831 460 1884 καὶ
489 1829 816 1896 εἰσήκουσέ
845 1849 964 1899 μου
989 1871 1002 1892 ,
1040 1848 1091 1883 κ.
1130 1849 1179 1882 τ.
1218 1831 1264 1884 ἐ.
1313 1830 1432 1883 Τῶν
1482 1830 1549 1883 δι’
1591 1832 1792 1904 ἀρετὴν
1837 1832 1948 1905 (45)

361 1921 454 1975 καὶ
481 1921 681 1989 γνῶσιν
714 1920 1050 1990 θλιϐομένων
1099 1921 1358 1974 ἐπακούει
1391 1921 1523 1984 Θεὸς
1558 1925 1615 1976 ἐν
1663 1925 1728 1993 τῇ
1775 1922 1951 1992 θλίψει

358 2014 459 2084 τῆς
516 2013 895 2083 αἰχμαλωσίας
965 2014 1058 2067 καὶ
1117 2014 1217 2084 τῆς
1285 2014 1503 2070 ἐκεῖθεν
1559 2015 1946 2079 κακοπαθείας.

360 2108 624 2178 Κραυγὴν
653 2107 708 2161 δέ
736 2107 882 2175 λέγει
912 2107 1006 2179 τὴν
1028 2108 1286 2162 ἐπάνοδον
1308 2109 1484 2180 ψυχῆς
1507 2112 1600 2163 καὶ
1622 2127 1947 2182 συντετριμ-

361 2199 530 2269 μένης
573 2200 667 2252 καὶ
703 2199 1181 2270 τεταπεινωμένης
1216 2201 1350 2271 πρὸς
1399 2201 1492 2254 τὸν
1519 2200 1813 2272 δυνάμενον
1849 2200 1947 2272 ῥύ-

359 2290 587 2364 σασθαι,
618 2284 684 2360 ἦς
722 2288 925 2353 εὐθέως
960 2291 1227 2343 ὑπακούει
1261 2291 1412 2354 Θεός.

432 2383 605 2448 Κύριε
628 2421 642 2445 ,
669 2381 856 2448 ⁶ὦῦοναι
885 2381 999 2449 τὴν
1027 2382 1239 2450 ψυχήν
1257 2400 1375 2451 μου
1395 2382 1513 2436 ἀπὸ
1544 2383 1794 2451 χειλέων
1821 2384 1948 2438 ἀδί-

355 2493 476 2528 κων
498 2475 596 2527 καὶ
618 2473 734 2527 ἀπὸ
758 2473 1044 2542 γλώσσης
1066 2473 1277 2540 δολίοις
1297 2517 1312 2536 ,
1335 2493 1388 2527 κ.
1414 2492 1465 2527 τ.
1491 2476 1538 2527 ἐ.
1565 2474 1812 2545 Συνεχῶς
1834 2475 1946 2528 ἄνω

356 2567 467 2636 (44)
497 2569 589 2620 καὶ
624 2566 962 2620 κάτω-τοῦτο
992 2564 1302 2636 παρακαλεῖ
1328 2564 1418 2617 τὸν
1445 2565 1576 2618 Θεὸν
1599 2605 1612 2630 ,
1641 2568 1750 2620 τῶν
1779 2567 1948 2620 τοιού-

354 2675 462 2710 των
485 2657 786 2710 ἐπιϐουλῶν
824 2655 1281 2710 ἀπαλλάττεσθαι.
1326 2656 1388 2707 Εἰ
1429 2655 1484 2708 δέ
1519 2658 1645 2720 τοὺς
1694 2657 1945 2730 δολεροὺς

351 2747 432 2800 δεῖ
461 2748 682 2816 φεύγειν
721 2749 814 2800 καὶ
844 2747 1110 2808 ὑπούλους
1130 2786 1144 2810 ,
1182 2745 1361 2816 πολλῷ
1403 2746 1602 2817 μᾶλλον
1633 2749 1759 2813 τοὺς
1803 2749 1948 2802 ἀπα-

350 2837 558 2901 τεῶνας
585 2877 597 2901 ,
626 2841 719 2892 καὶ
757 2839 970 2910 πονηρά
1001 2837 1248 2908 δόγματα
1283 2839 1544 2902 ἐνιέντας.
1589 2840 1840 2893 Μάλιστα
1883 2841 1941 2893 δὲ

350 2929 512 2983 άδικα
544 2929 686 2981 εἴποι
717 2946 802 2989 τις
829 2929 894 2981 ἂν
922 2927 1074 2998 χείλη
1120 2929 1302 2980 ἐκεῖνα
1334 2927 1400 2979 τά
1446 2928 1579 3000 περὶ
1602 2928 1699 2998 τὴν
1740 2930 1942 3002 ἀρετὴν

351 3021 681 3090 βλάπτοντα,
707 3019 777 3072 τὰ
808 3018 944 3089 πρὸς
984 3019 1184 3072 κακίαν
1224 3018 1516 3088 ἐπάγοντα.
1563 3020 1662 3072 Διά
1689 3020 1752 3090 δὴ
1781 3021 1942 3074 τοῦτο

2068 1099 2218 1153 tione
2244 1115 2259 1162 ;
2297 1099 2566 1154 decimmn
2596 1111 2849 1169 quartum
2879 1100 2947 1152 de
2981 1098 3323 1153 restitutione
3348 1098 3640 1156 Ecclesiae:

2061 1193 2297 1260 denique
2326 1191 2596 1246 decimum
2619 1192 2872 1260 quintum
2903 1191 3066 1247 docet
3095 1191 3368 1261 quomodo
3393 1198 3643 1261 oporteat

2060 1282 2227 1351 ipsos,
2271 1292 2560 1354 postquam
2605 1283 2672 1337 ad
2733 1285 2952 1338 domum
3004 1285 3097 1339 Dei
3158 1282 3537 1354 pervenerint,
3585 1282 3640 1335 in

2055 1375 2247 1428 eadem
2302 1386 2489 1439 Stare,
2557 1382 2613 1429 et
2667 1375 2842 1446 ipsum
2901 1375 3272 1439 benedicere,
3324 1373 3640 1428 attollentes

2057 1479 2248 1520 manus
2275 1464 2329 1520 in
2360 1474 2571 1531 sancta,
2602 1474 2659 1520 ut
2691 1473 2745 1522 et
2774 1466 2877 1537 ipsi
2904 1482 2932 1522 a
2962 1465 3188 1522 Domino
3217 1465 3636 1521 benedicantur.

2125 1740 2290 1795 Vens.
2319 1741 2372 1794 1.
2413 1741 2495 1794 Ad
2527 1739 2812 1794 Dominum
2846 1757 2963 1795 cum
2993 1741 3283 1795 tribularer
3306 1741 3557 1805 clamavi,
3587 1750 3638 1794 et

2054 1832 2324 1886 exaudivit
2370 1849 2473 1888 me.
2514 1843 2622 1888 etc.
2663 1829 2765 1897 Qui
2801 1842 3020 1902 propter
3067 1833 3321 1888 virtutem
3367 1841 3422 1886 et
3458 1833 3640 1886 scien-

2055 1923 2186 1977 tiam
2224 1925 2574 1996 tribulantur,
2612 1944 2708 1984 eos
2735 1928 2958 1984 exaudit
3001 1927 3144 1981 Deus
3176 1927 3228 1981 in
3277 1925 3635 1980 tribulatione

2049 2017 2382 2086 captivitatis
2421 2027 2479 2072 et
2504 2035 2690 2074 earum
2735 2035 2857 2091 qua:
2905 2021 3030 2074 inde
3079 2020 3356 2082 oriuntur,
3405 2017 3633 2071 calami-

2050 2117 2246 2163 tatum.
2279 2110 2586 2166 Clamorem
2621 2122 2803 2167 autem
2852 2122 3013 2168 vocat
3070 2113 3268 2167 anima:
3297 2112 3550 2166 contrita:
3579 2120 3636 2164 et

2049 2200 2347 2255 humilium
2396 2203 2631 2257 reditum
2679 2206 2747 2257 ad
2789 2219 2911 2258 eum
2957 2205 3048 2274 qui
3085 2204 3234 2258 solus
3276 2203 3487 2258 salvare
3537 2217 3636 2272 po-

2050 2298 2173 2344 test.
2214 2290 2372 2347 llunc
2401 2291 2701 2346 clamorem
2733 2289 3022 2345 confestim
3055 2289 3277 2346 exaudit
3308 2289 3470 2343 Deus.

2117 2383 2285 2438 Vens.
2327 2384 2384 2439 2.
2429 2383 2674 2447 Domine,
2722 2382 2886 2436 libera
2918 2383 3153 2436 animam
3197 2397 3364 2435 meam
3403 2398 3434 2434 a
3471 2379 3632 2433 labiis

2045 2478 2241 2546 iniquis
2272 2485 2320 2529 et
2347 2493 2378 2529 a
2410 2475 2592 2544 lingua
2618 2471 2825 2539 dolosa,
2867 2485 2978 2528 etc.
3013 2473 3250 2526 Assidue
3278 2488 3438 2540 supra
3467 2480 3522 2525 ct
3549 2473 3634 2523 in-

2047 2570 2126 2622 fra
2159 2568 2326 2622 Deum
2360 2567 2638 2627 obsecrat,
2675 2573 2734 2619 ut
2779 2567 2845 2619 ab
2892 2565 3196 2620 istiusmodi
3244 2563 3458 2615 insidiis
3501 2563 3635 2614 lihe-

2048 2665 2220 2710 rctur.
2263 2653 2321 2709 Si
2359 2663 2544 2707 autem
2593 2653 2766 2707 dolosi
2817 2661 2872 2706 et
2923 2651 3135 2706 subdoli
3189 2651 3422 2720 fugiendi
3481 2661 3630 2716 sunt,

2047 2747 2218 2801 multo
2254 2745 2431 2816 magis
2469 2745 2798 2813 impostores
2833 2752 2889 2798 et
2935 2744 3025 2811 qui
3075 2757 3339 2812 perversa
3380 2743 3626 2812 dogmata

2045 2835 2422 2889 disseminant.
2466 2831 2702 2888 Maxime
2739 2848 2873 2888 vero
2910 2833 3094 2901 iniqua
3129 2832 3326 2886 dixerit
3357 2832 3479 2899 quis
3507 2845 3633 2884 esse

2043 2926 2181 2980 labia
2223 2926 2316 2979 illa
2353 2941 2474 2995 qua:
2520 2926 2709 2979 virtuti
2759 2924 3024 2991 olliciunt,
3083 2939 3310 2994 quazque
3351 2923 3418 2976 ad
3473 2925 3632 2980 mali-

2045 3019 2170 3071 tiam
2209 3018 2488 3073 inducnnt.
2535 3015 2746 3072 idcirco
2793 3017 2982 3085 utique
3028 3016 3119 3070 hic
3165 3014 3428 3086 propheta
3459 3023 3626 3066 etiam

349 3111 444 3166 καὶ
465 3113 492 3164 ὁ
517 3112 803 3182 προφήτης
833 3105 988 3173 οὗτος
1021 3110 1114 3163 καὶ
1150 3109 1248 3182 τὴν
1277 3110 1457 3183 ψυχὴν
1484 3111 1650 3167 αὑτοῦ
1677 3111 1818 3179 ἀξιοῖ
1841 3115 1938 3184 ῥυ-

2044 3115 2280 3183 postulat
2303 3115 2544 3169 animam
2581 3131 2733 3171 suam
2762 3114 2830 3168 ab
2861 3113 2969 3169 illis
2997 3113 3243 3170 liberari.

349 3203 564 3257 σθῆναι.

419 3223 564 3273 ηναι.

425 3295 504 3348 Τὰ
530 3293 692 3361 βέλη
726 3294 832 3348 τοῦ
856 3293 1117 3349 δυνατοῦ
1154 3294 1498 3365 ἠκονημένα
1530 3295 1652 3350 σὺν
1680 3296 1804 3362 τοῖς
1835 3297 1940 3351 ἄν·

347 3384 521 3452 θραξι
564 3385 688 3450 τοῖς
727 3385 1064 3452 ἐρημικοῖς,
1111 3403 1164 3438 κ.
1203 3404 1252 3439 τ.
1289 3388 1336 3439 ἐ.
1385 3387 1550 3440 Οὑδέν
1599 3387 1772 3449 οὑτως
1824 3388 1936 3458 (45)

2112 3299 2280 3354 Vens.
2322 3300 2375 3353 4.
2420 3298 2645 3370 Sagitta:
2668 3300 2892 3367 potentis
2929 3308 3102 3352 at:qu
3144 3312 3263 3352 cum
3305 3295 3620 3349 carbonibus

2039 3390 2397 3454 desolatoriis,
2441 3399 2551 3444 etc.
2605 3389 2750 3443 Nihil
2786 3397 2972 3444 contra
3007 3388 3350 3443 adversarius
3391 3387 3627 3440 virtutes

345 3475 578 3545 ἁρμόζει
600 3478 737 3548 πρὸς
763 3477 861 3541 τάς
886 3478 1264 3548 ἀντικειμένας
1284 3479 1542 3549 δυνάμεις
1562 3520 1576 3543 ,
1605 3479 1680 3544 ὡς
1711 3480 1778 3532 τὰ
1810 3479 1936 3552 βέλη

2044 3482 2265 3551 perinde
2296 3482 2570 3544 convenit,
2599 3495 2662 3535 ac
2695 3480 2892 3535 Christi
2923 3481 3137 3552 sagittae
3181 3478 3366 3551 ignitis
3398 3477 3622 3546 maligni

343 3567 440 3622 τοῦ
483 3568 720 3640 Χριστοῦ
751 3569 818 3623 τὰ
850 3569 1202 3640 ἀντικείμενα
1244 3574 1357 3636 τοῖς
1401 3573 1818 3644 πεπυρωμένοις
1853 3573 1941 3645 βέ-

2044 3572 2238 3642 iaculis
2262 3571 2640 3634 adversantes,
2683 3580 2738 3626 et
2781 3571 3046 3626 carbones
3076 3570 3245 3642 ligna,
3287 3569 3496 3634 fenum,
3527 3569 3626 3622 sti-

344 3662 462 3715 λεσι
493 3660 585 3714 τοῦ
615 3661 855 3732 πονηροῦ
882 3703 896 3726 ,
931 3663 1026 3715 καὶ
1049 3664 1098 3715 oi
1123 3661 1392 3732 ἄνθρακες
1423 3665 1470 3715 οἱ
1517 3665 1940 3720 καταναλίσκον-

2044 3664 2222 3733 pulam
2265 3673 2670 3718 constituentes.
2721 3661 2780 3716 Si
2826 3677 2956 3717 vero
2998 3661 3246 3730 iaculum
3294 3669 3379 3716 est
3423 3661 3625 3714 amoris

343 3769 436 3814 τες
472 3750 602 3815 ξύλα
626 3791 640 3814 ,
676 3751 902 3822 χόρτον,
947 3751 1220 3822 καλάμην.
1267 3753 1330 3804 Εἰ
1360 3752 1417 3804 δέ
1445 3754 1562 3807 ἐστι
1607 3754 1762 3825 βέλος
1803 3756 1941 3824 ἀγά-

2044 3752 2186 3822 iuxta
2204 3752 2414 3808 Cantici
2435 3753 2778 3807 canticorum
2808 3766 3062 3822 sponsam
3086 3766 3209 3822 qua!
3229 3751 3309 3805 ait
3335 3769 3349 3806 :
3379 3768 3398 3802 ι
3423 3751 3624 3805 Amore

345 3859 456 3912 πης
488 3841 624 3894 κατά
652 3842 750 3912 τὴν
772 3842 829 3894 ἐν
862 3843 978 3906 τοῖς
1002 3842 1244 3911 ’ᾼσμασι
1264 3841 1514 3913 νύμφην·
1559 3864 1576 3896 ι
1606 3847 1934 3922 Τετρωμένη

344 3931 489 4003 γὰρ,
531 3932 728 4001 φησιν,
771 3931 960 4004 ἀγάπῃ
1005 3930 1144 3997 ἐγώ·
1175 3951 1194 3982 ›
1246 3931 1362 3984 ἔστι
1396 3933 1552 4002 βέλος
1589 3934 1936 4008 δικαιοσύνης

345 4023 442 4075 καὶ
469 4022 690 4093 ἀνδρίας
717 4021 809 4074 καὶ
833 4020 1189 4092 σωφροσύνης
1215 4021 1309 4074 καὶ
1331 4023 1439 4074 τῶν
1471 4023 1674 4078 λοιπῶν
1701 4027 1930 4096 ἀρετῶν,

341 4109 424 4177 οἷς
459 4115 636 4184 βέλεσι
658 4114 1081 4185 τιτρωσκόμενοι
1119 4114 1374 4168 ὑποκάτω
1403 4115 1497 4168 τοῦ
1530 4117 1665 4170 Θεοῦ
1698 4118 1931 4171 πίπτου-

345 4223 430 4259 σιν
455 4208 504 4258 οί
528 4206 668 4260 λαοί.

420 4297 530 4353 Τοῦ
553 4297 760 4350 αὐτοῦ.
802 4296 860 4351 ’0
895 4295 1093 4365 λέγων’
1121 4317 1140 4348 ι
1179 4299 1423 4371 Ἔθηκάς
1463 4318 1528 4371 με
1574 4301 1728 4370 βέλος
1776 4302 1930 4355 ἐκλε-

343 4387 491 4451 κτὸν,
527 4407 546 4438 ι
580 4382 735 4450 οὑτός
762 4389 910 4441 ἐστιν
935 4388 992 4440 ἐν
1021 4388 1233 4452 πολλοῖς
1259 4388 1436 4458 βέλεσι
1473 4390 1624 4460 βέλος
1649 4391 1922 4457 ἐκλεκτὸν,

2040 3845 2322 3900 vulnerata
2350 3858 2450 3913 ego
2481 3859 2602 3899 sum
2633 3861 2648 3909 ;
2681 3863 2700 3896 ι
2749 3845 2936 3914 utique
2963 3843 3213 3912 jaculum
3261 3851 3344 3899 est
3373 3843 3623 3911 juStitiar,

2038 3937 2399 4000 fortitudlnis,
2443 3938 2751 4006 prudentia:
2811 3952 2875 3992 ac
2929 3937 3262 4005 reliquarum
3308 3938 3618 3993 virtutum:

2033 4031 2232 4097 quibus
2257 4029 2457 4098 jaculis
2489 4029 2754 4083 vulnerati
2788 4027 2968 4100 populi
3003 4029 3103 4083 sub
3147 4027 3258 4084 Deo
3288 4030 3514 4086 cadunt.

2105 4297 2381 4368 Ejusdem.
2443 4297 2544 4364 Qui
2585 4297 2662 4354 ait
2699 4297 2743 4328 ⁸¹
2790 4313 2804 4360 ς
2858 4315 2876 4347 t
2929 4295 3166 4350 Posmsti
3223 4311 3307 4349 me
3356 4297 3612 4366 sagittam

2030 4390 2284 4452 electam,
2317 4407 2334 4439 ι
2385 4389 2473 4444 hic
2515 4398 2598 4442 est
2628 4389 2680 4441 in
2709 4386 2900 4441 multis
2934 4388 3150 4456 sagittis
3177 4389 3372 4458 sagitta
3416 4388 3612 4450 electa,

342 4482 418 4546 ὡς
453 4483 510 4536 ἐν
547 4481 764 4544 πολλοῖς
808 4483 943 4544 υἱοῖς
984 4481 1077 4534 καὶ
1121 4481 1236 4544 υίὸς
1273 4482 1682 4554 ἐκλελεγμένος.
1711 4486 1826 4538 Οὑκ
1860 4485 1925 4540 ἂν

2044 4485 2175 4538 sicut
2203 4483 2255 4535 in
2293 4481 2482 4537 multis
2515 4481 2642 4536 ﬁliis
2673 4481 2838 4535 etiam
2867 4490 2952 4536 est
2976 4480 3119 4535 ﬁlius
3142 4481 3365 4536 electus.
3400 4480 3613 4553 Nequa-

337 4572 397 4625 δὲ
425 4573 675 4644 φαρέτρα
701 4568 770 4644 ἦν
806 4571 880 4643 τῷ
910 4572 1030 4644 Θεῷ
1055 4573 1124 4626 δι’
1161 4573 1220 4630 ἓν
1265 4574 1417 4645 βέλος
1437 4617 1451 4639 ,
1485 4578 1614 4649 περὶ
1659 4574 1726 4650 ἦς
1755 4595 1920 4650 φησι·

344 4681 364 4716 t
403 4665 514 4717 Καὶ
564 4668 632 4736 τῇ
682 4665 930 4737 φαρέτρα
972 4665 1138 4720 αὑτοῦ
1177 4667 1380 4738 ἔκρυψέ
1417 4687 1505 4738 με.
1543 4690 1560 4720 ι
1600 4671 1785 4724 Πάντα
1831 4669 1926 4726 οὖν

337 4757 408 4810 τά
445 4754 574 4826 βέλη
615 4756 708 4810 τοῦ
736 4757 960 4811 δυνατοῦ
991 4757 1124 4812 Θεοῦ
1157 4759 1499 4830 ἠκονημένα,
1535 4761 1756 4816 ἐναντία
1794 4763 1926 4818 ὄντα

336 4850 449 4911 τοῖς
483 4847 660 4918 βέλεσι
693 4846 789 4900 τοῦ
816 4848 1079 4922 πονηροῦ.

403 4963 571 5030 Otum
597 4975 610 4989 '
654 4961 745 5015 ὅτι
791 4963 829 5028 ή
872 4964 1152 5030 παροικία
1200 4981 1322 5034 μου
1359 4965 1698 5035 ἐμακρύνθη
1723 5005 1738 5030 ,
1782 4984 1923 5021 κατ-

332 5050 661 5116 εσκήνωσα
683 5051 836 5122 μετὰ
861 5050 980 5104 τῶν
1007 5052 1417 5122 σκηνωμάτων
1453 5053 1678 5122 Κηδὰρ,
1709 5072 1763 5108 κ.
1792 5073 1842 5109 τ.
1869 5057 1916 5110 ἐ.

337 5143 460 5195 Οὑκ
483 5141 597 5195 ἐστι
627 5143 738 5212 (46)
764 5143 857 5195 τοῦ
891 5142 1056 5196 αὑτοῦ
1095 5142 1271 5211 λέγειν
1292 5161 1306 5175 ·
1344 5161 1363 5194 ι
1391 5145 1481 5216 Μὴ
1526 5146 1810 5219 ἀναγάγῃς
1855 5164 1923 5216 με

337 5231 397 5282 ἐν
456 5233 646 5302 ἡμίσει
689 5231 912 5304 ἡμερῶν
946 5248 1084 5304 μου⁶
1128 5253 1146 5285 ι
1193 5235 1288 5288 καὶ
1328 5234 1418 5289 τό·
1475 5256 1493 5285 ‹
1539 5236 1735 5305 Οῖμοι,
1778 5236 1926 5307 ὅτιὴ

333 5324 598 5394 παροικία
629 5343 729 5396 μου
763 5325 1101 5397 ἐμακρύνθη.
1143 5345 1161 5376 ι
1201 5328 1274 5382 Ἣ
1297 5329 1438 5398 τάχα
1457 5329 1672 5400 ἡμέρας
1695 5331 1812 5382 ἐκεῖ
1832 5328 1924 5382 λέ-

333 5429 420 5483 γει
467 5414 536 5480 ἂς
577 5419 606 5470 ό
647 5417 812 5486 φόϐος
876 5417 970 5470 τοῦ
1025 5417 1230 5489 Κυρίου
1277 5419 1416 5473 κατά
1471 5420 1560 5472 τὸν
1605 5420 1924 5492 Σολομῶντα

404 5551 447 5582 ’ί
477 5551 596 5606 lsai.
640 5568 784 5614 xux,
817 5553 871 5610 ἓ.
947 5553 992 5584 θ’
1022 5553 1150 5607 ibid.
1229 5553 1274 5584 ³³
1301 5553 1440 5610 Psal.
1468 5569 1540 5618 Cl,
1567 5555 1664 5611 ‘25.

427 5687 517 5746 43)
564 5687 687 5743 Τῶν⁴
718 5689 792 5741 δι’
820 5690 1063 5758 ἀρετήν,
1097 5702 1201 5749 etc.
1233 5692 1458 5750 Scltedre
1489 5696 1697 5753 Grabii.

415 5759 514 5825 fil)
550 5759 829 5828 Συνεχῶς
854 5761 996 5827 ἀνω,
1029 5776 1135 5819 etc.
1167 5766 1368 5821 Catena
1400 5766 1670 5823 Cordcrii.

2034 4589 2195 4643 quam
2231 4583 2412 4628 autem
2445 4573 2555 4627 Deo
2584 4583 2808 4642 propter
2830 4572 3047 4627 unicum
3083 4573 3325 4640 jaculum
3355 4575 3611 4644 pharetra

2033 4677 2174 4732 erat,
2211 4666 2279 4720 de
2310 4681 2414 4734 qua
2437 4666 2512 4718 ait
2550 4665 2635 4719 ⁸²ι
2685 4682 2705 4716 ι
2741 4665 2806 4720 Et
2837 4665 2887 4718 iu
2922 4666 3176 4736 pharetra
3205 4679 3301 4719 sua
3329 4665 3614 4720 abscondit

2033 4774 2139 4812 me.
2177 4777 2196 4810 ι
2238 4757 2440 4812 Omnes
2488 4757 2653 4826 igitur
2709 4757 2921 4826 sagitta-
2974 4758 3214 4826 potentis
3263 4756 3354 4810 Dei
3413 4767 3612 4818 acutae.

2031 4848 2231 4918 quippe
2261 4864 2383 4918 quia:
2410 4858 2538 4902 sunt
2565 4847 2762 4916 jaculis
2795 4847 3016 4917 maligni
3052 4848 3365 4902 contrariae.

2010 4950 2020 4960 ’
2099 4965 2264 5018 Vens.
2305 4963 2357 5016 5.
2406 4962 2521 5016 Heu
2550 4963 2717 5016 uti/ti!
2745 4965 2868 5033 quia
2915 4960 3179 5016 iucolatus
3209 4977 3354 5014 meus
3392 4961 3611 5024 prolon-

2021 5066 2176 5126 gatus
2223 5065 2322 5120 est,
2371 5057 2604 5109 habitari
2653 5072 2772 5109 cum
2825 5055 3187 5108 habitantibus
3248 5053 3448 5116 Cedar,
3499 5062 3606 5108 etc.

2023 5147 2137 5201 Non
2175 5148 2415 5217 ejusdem
2455 5157 2539 5201 est
2577 5149 2787 5203 dicere:
2819 5167 2838 5200 ‹
2873 5146 2950 5201 Ne
2981 5161 3204 5200 revoces
3238 5161 3323 5200 me
3351 5146 3402 5198 iu
3444 5144 3608 5196 dimi-

2020 5239 2111 5294 dio
2132 5239 2344 5293 dierum
2371 5254 2615 5294 meorum
2634 5239 2704 5304 ⁸³,
2741 5258 2759 5290 ι
2792 5249 2846 5294 et
2877 5239 3007 5293 illud
3043 5258 3056 5294 :
3094 5259 3111 5290 ι
3142 5237 3254 5292 Heu
3282 5236 3413 5290 mihi
3440 5236 3452 5288 !
3478 5235 3604 5302 quia

2020 5331 2292 5387 iucolatus
2319 5348 2472 5387 meus
2508 5333 2862 5404 prolongatus
2905 5343 3006 5390 est.
3049 5353 3065 5383 ι
3112 5333 3202 5386 Vel
3253 5331 3392 5383 forte
3437 5319 3604 5398 820

2018 5424 2137 5481 dies
2169 5424 2280 5480 illic
2302 5425 2454 5493 dicit,
2481 5442 2618 5496 quas
2641 5428 2804 5482 timor
2830 5424 3046 5480 Domini
3072 5424 3223 5493 juxta
3253 5421 3598 5477 Salomonem

2091 5699 2204 5764 (45)
2229 5697 2420 5753 Οὐδὲν
2447 5698 2655 5762 οὕτως,
2686 5707 2789 5750 etc.
2828 5697 3052 5754 Schctla‘
3080 5698 3291 5756 Grabii.

2091 5770 2204 5834 (-56)
2229 5772 2350 5823 Οὐκ
2389 5769 2540 5828 ἔστι.
2564 5781 2668 5822 etc.
2707 5766 2942 5823 Είοσιοιη.
