4106 6410
453 367 585 423 1651

1875 362 1966 416 EX
2007 360 2167 417 ORlG
2177 359 2262 415 EN
2270 360 2311 415 E

3588 361 3732 417 i652

450 488 624 552 addit,
652 501 790 557 quas
822 485 904 541 sol
945 482 1178 556 iustitiae
1205 482 1389 550 eliicit,
1434 489 1490 538 et
1536 480 1589 536 in
1637 481 1832 551 quibus
1870 483 2034 538 etiam

2140 479 2501 553 προστίθησι,
2543 481 2644 544 τὰς
2673 480 2779 535 ὑπὸ
2806 479 2900 534 τοῦ
2932 480 3082 551 ἡλίου
3115 480 3214 550 τῆς
3247 479 3590 550 δικαιοσύνης
3631 501 3728 549 γε-

450 579 721 634 Abraham
768 585 1016 632 mortuus
1042 585 1128 631 est
1169 575 1365 645 plenus
1412 573 1646 630 dierum.
1705 573 1804 628 Hic
1850 583 2031 627 autem

449 675 520 725 ob
555 670 754 724 sensile
803 683 1011 724 munus,
1047 668 1405 738 lamentatur.
1456 665 1634 720 Habet
1683 667 1828 720 enim
1866 665 2032 719 etiam

455 783 474 814 ‹
512 763 843 818 desiderium
877 760 1101 817 dissolvi
1146 771 1202 814 et
1244 774 1369 814 esse
1405 773 1531 813 eum
1577 757 1822 818 Christo,
1866 757 2034 811 multo

449 854 624 923 magis
666 853 859 908 melius
899 869 914 920 ;
966 865 1289 922 permanere
1333 859 1517 904 autem
1560 849 1614 903 in
1653 864 1820 904 carne
1859 849 2032 918 magis

450 944 822 999 necessarium
855 945 901 976 “
935 964 953 997 ι
994 953 1213 1015 propter
1248 941 1479 995 aliorum
1509 939 1822 1006 utilitatem,
1853 940 2032 1010 siqui-

448 1035 596 1102 dem,
635 1035 977 1103 David,teste
1033 1036 1087 1090 in
1111 1033 1339 1090 Actibus
1368 1031 1736 1102 apostolorum
1771 1027 1975 1098 '_"an
2012 1072 2034 1103 ,

447 1124 534 1177 vel
561 1125 741 1195 potius
774 1125 964 1192 Paulo,
1009 1144 1028 1178 ι
1065 1126 1117 1179 in
1161 1140 1259 1182 sua
1310 1123 1667 1195 generatione
1703 1135 1827 1177 eum
1857 1119 2033 1173 admi-

447 1213 762 1281 nistrasset,
795 1233 814 1267 ι
851 1230 881 1270 e
909 1216 1048 1272 vivis
1085 1217 1363 1287 migravit.

523 1306 795 1377 Ejusdem.
846 1325 866 1359 ‹
918 1308 1095 1363 Ccdar
1135 1327 1154 1360 ι
1202 1309 1593 1378 interpretatur
1643 1300 2024 1358 obtenebratio.

449 1394 698 1448 Habitavi
743 1380 930 1465 igitur,
965 1396 1164 1466 inquit,
1195 1412 1318 1452 cum
1360 1393 1726 1450 tabernaculis
1771 1391 2030 1445 tenebra~

447 1500 590 1547 rum,
623 1485 675 1539 id
700 1494 783 1540 est
824 1485 875 1540 in
909 1501 1141 1556 corpore
1171 1488 1384 1544 mortis.
1430 1487 1497 1542 Et
1536 1484 1718 1540 anima
1758 1497 1901 1547 mea,
1941 1481 2028 1534 in-

447 1577 587 1646 quit,
618 1577 734 1641 ipsa
767 1593 910 1648 saepe
945 1579 1125 1635 incola
1159 1578 1286 1633 fuit.

968 1846 1292 1904 PSALMUS
1348 1847 1516 1903 CXX.

521 1940 682 1996 Vens.
727 1940 781 1994 l.
835 1939 1023 1996 Levavi
1071 1940 1255 1997 oculos
1316 1956 1455 1994 meos
1503 1939 1558 1991 in
1615 1947 1844 2000 montes,
1888 1937 2028 1990 unde

444 2029 611 2084 veniet
645 2030 910 2084 auxilium
941 2031 1094 2095 mihi,
1126 2039 1232 2086 etc.
1277 2029 1391 2099 Ego
1434 2028 1680 2098 quidem,
1726 2027 1920 2097 inquit,
1956 2027 2033 2081 le-

443 2120 566 2175 vavi
597 2120 786 2178 oculos
814 2139 963 2178 meos
990 2124 1043 2179 in
1078 2133 1315 2185 montes,
1345 2129 1570 2176 sanctos
1601 2119 1813 2174 scilicet
1861 2133 2034 2188 ange-

443 2211 550 2278 los,
604 2223 860 2284 tanquam
920 2217 988 2272 ab
1043 2217 1245 2287 aliquo-
1279 2214 1496 2270 illorum
1546 2227 1703 2282 opem
1761 2227 2027 2266 consecu-

445 2314 640 2362 turus:
682 2307 832 2362 venlt
854 2317 1032 2364 autem
1066 2309 1200 2363 mihi
1227 2307 1487 2362 auxilium
1520 2321 1549 2360 a
1579 2304 1835 2369 Domino,
1875 2322 1892 2357 ι
1928 2304 2024 2376 qui

444 2393 798 2454 fecitcmium
839 2411 894 2455 et
938 2409 1158 2456 terram.
1193 2420 1212 2453 ι
1261 2401 1380 2456 Non
1427 2401 1574 2455 enim
1620 2399 1826 2454 frustra
1861 2413 2032 2467 appov

443 2488 600 2542 suit:
634 2507 654 2541 ς
689 2488 794 2556 Qui
825 2489 954 2546 fecit
982 2491 1181 2548 coelum
1229 2502 1286 2548 et
1333 2501 1556 2547 terram.
1601 2509 1620 2542 ι
1663 2489 1719 2544 Si
1751 2489 1920 2552 enim,
1953 2489 2035 2541 in-

443 2580 584 2649 quit,
634 2582 750 2652 ipse
795 2583 996 2640 ccelum
1032 2594 1346 2656 terramque
1384 2586 1536 2652 fecit,
1589 2591 1772 2653 potest
1828 2581 2030 2650 ubique

443 2681 611 2742 atque
641 2675 780 2730 adeo
809 2676 974 2730 etiam
1031 2677 1085 2731 in
1134 2686 1281 2731 terra
1324 2677 1502 2731 aliena
1548 2689 1707 2745 opem
1747 2672 1928 2739 ferre,
1975 2679 2032 2725 et

448 2762 596 2818 inter
617 2766 883 2822 barbaros
917 2781 1138 2822 manum
1179 2768 1482 2838 porrigere.

524 2855 684 2912 Vens.
725 2857 780 2912 5.
823 2855 948 2912 Non
983 2859 1076 2913 des
1119 2860 1174 2913 in
1204 2857 1608 2912 commotionem
1636 2855 1816 2922 pedem
1858 2864 2029 2920 tuum,

445 2965 611 3020 neque
635 2950 886 3004 dormitet
929 2952 1019 3021 qui
1058 2951 1287 3005 custodit
1335 2959 1407 3014 te,
1449 2957 1555 3004 etc.
1607 2946 1686 3002 Ne
1727 2947 2028 3016 dejiciaris,

443 3041 641 3110 inquit,
695 3055 764 3096 ne
815 3041 1230 3108 scandalizeris,
1283 3052 1338 3097 et
1393 3051 1524 3096 tunc
1576 3040 1802 3095 habebis
1861 3037 2029 3092 Deum

445 3147 665 3186 manum
695 3133 1086 3203 porrigentem.
1131 3133 1245 3189 Nos
1284 3134 1454 3205 igitur
1500 3142 1719 3203 oportet
1757 3131 2024 3200 incipere,

443 3235 503 3280 et
537 3225 683 3282 Deus
719 3243 939 3282 manum
969 3229 1217 3298 praebere
1244 3236 1468 3298 paratus
1497 3241 1599 3284 est.

519 3319 680 3375 Vens.
724 3319 776 3374 6.
817 3318 926 3374 Per
966 3321 1105 3374 diem
1151 3320 1231 3374 sol
1283 3337 1385 3374 non
1435 3330 1550 3374 uret
1590 3329 1664 3382 te,
1707 3333 1868 3387 neque
1903 3316 2034 3368 (una

442 3426 532 3480 per
572 3421 797 3475 noctem,
851 3424 962 3468 etc.
1009 3413 1128 3480 llic,
1178 3413 1399 3483 opinor,
1455 3413 1537 3468 sol
1581 3421 1688 3476 est,
1736 3411 1825 3480 qui
1857 3409 2034 3462 oritur

442 3517 612 3573 super
641 3511 842 3558 terram
881 3505 1206 3560 seminatam
1251 3515 1309 3562 et
1359 3505 1602 3560 exsiccet
1655 3518 1802 3568 eam,
1835 3515 2033 3556 secun-

445 3592 575 3648 dum
608 3609 771 3664 quam
807 3611 827 3646 ι
857 3595 1057 3650 stultus
1081 3605 1140 3650 ut
1163 3594 1292 3650 luna
1322 3600 1567 3648 mutatur
1589 3593 1655 3640 ⁸⁸.
1689 3611 1708 3643 ι
1881 3591 1884 3594 ’

522 3769 685 3826 Vens.
723 3771 777 3825 8.
819 3769 1080 3826 Dominus
1137 3771 1397 3826 custodiet
1456 3772 1735 3825 introitum
1789 3779 1938 3822 tuum
1987 3775 2035 3822 et

444 3867 648 3916 exitum
672 3871 820 3916 tuum
842 3879 907 3918 ea:
937 3863 1036 3917 hoc
1067 3879 1205 3918 nunc
1237 3874 1283 3918 et
1317 3881 1480 3936 usque
1512 3865 1565 3917 in
1603 3863 1880 3926 sreculum,
1917 3869 2026 3918 etc.

445 3954 662 4009 Exitum
695 3969 726 4009 a
753 3954 960 4010 malitia
997 3955 1051 4008 in
1082 3954 1342 4011 virtutem
1375 3973 1390 4023 ;
1434 3954 1722 4010 introitum
1749 3969 1779 4008 a
1826 3955 2030 4008 virtute

445 4043 499 4098 in
527 4044 891 4114 cognitionem
920 4042 1042 4100 Dei.

959 4315 1282 4372 PSALMUS
1339 4315 1530 4372 CXXI.

517 4408 682 4468 Vitas.
731 4409 848 4466 1-5.
903 4407 1145 4464 Lietatus
1199 4425 1318 4464 sum
1371 4411 1425 4462 in
1486 4409 1570 4464 his
1626 4409 1718 4479 qui
1774 4407 2025 4463 dixerunt

442 4500 572 4556 mihi
597 4501 699 4558 ειη
730 4501 947 4556 domum
968 4500 1184 4557 Domini
1204 4502 1418 4557 ibimus.
1452 4499 1666 4556 Stantes
1696 4510 1848 4556 erant
1869 4501 2026 4571 pedes

445 4591 613 4644 nostri
643 4592 699 4645 in
733 4593 889 4646 atriis
919 4593 1048 4657 tuis,
1078 4589 1401 4660 Jerusalem,
1428 4602 1536 4648 etc.
1565 4589 1670 4659 Qui
1701 4589 1848 4659 justo
1875 4591 2029 4645 dixe-

443 4689 572 4735 runt
601 4697 617 4737 :
647 4699 666 4734 ι
718 4681 772 4736 In
799 4681 1024 4738 domum
1062 4682 1278 4740 Domini
1311 4683 1536 4750 ibimus,
1571 4701 1590 4735 ι
1637 4681 1672 4736 ii
1712 4689 1943 4752 possunt
1971 4689 2028 4735 et

444 4772 574 4828 illud
604 4774 824 4832 dicere:
870 4792 891 4827 ι
927 4777 1150 4832 Stantes
1175 4786 1334 4833 erant
1358 4776 1524 4848 pedes
1555 4773 1719 4845 821
1767 4773 1968 4836 nostri,
2002 4791 2022 4824 ι

443 4865 754 4923 dicentibus
783 4867 1039 4924 nimirum
1074 4869 1178 4926 hoc
1208 4868 1348 4924 Filio
1373 4877 1430 4924 et
1449 4863 1657 4938 Spiritu
1693 4874 1909 4930 sancto,
1936 4863 2022 4916 vel

441 4961 609 5017 etiam
641 4963 848 5019 sanctis
871 4963 1105 5034 angelis,
1128 4970 1223 5018 aut
1249 4961 1588 5026 hominibus,
1615 4959 1706 5029 qui
1738 4972 1835 5028 per
1857 4958 2022 5011 vitam

443 5056 665 5126 probam
707 5067 856 5111 recta
895 5058 1125 5112 tendunt
1151 5053 1219 5110 ad
1249 5055 1473 5110 domum
1501 5049 1620 5105 Dei.

515 5232 790 5305 Ejusdem.
837 5249 857 5284 α
889 5231 1113 5289 Stantes
1141 5239 1300 5286 erant
1325 5228 1492 5300 pedes
1518 5224 1694 5281 nostri
1741 5240 1757 5276 :
1809 5239 1827 5272 ι
1873 5219 2023 5275 futu-

449 5337 570 5381 rum
599 5335 859 5396 tanquam
891 5324 1230 5397 praeteritum
1267 5319 1496 5378 eﬂertur
1535 5335 1552 5386 ;
1595 5318 1740 5374 sicut
1765 5314 1927 5369 etiam
1966 5313 2020 5366 in

2069 1853 2112 1906 Β

2137 570 2368 641 νομένας
2388 612 2402 636 ,
2433 571 2491 624 ὲν
2521 566 2608 634 αἷς
2641 571 2736 624 καὶ
2778 571 3031 642 Ἀὔραὰμ
3065 572 3306 626 ἀπέθανε
3344 573 3560 644 πλήρης
3589 580 3730 648 ἠμε-

2137 659 2269 733 ρῶν.
2319 660 2585 714 Ἐνταῦθα
2609 661 2664 713 δὲ
2696 661 2832 730 πρὸς
2859 660 2958 731 τὴν
2985 660 3249 732 αἰσθητὴν
3277 660 3488 734 δωρεὰν
3532 661 3732 713 ἀποδῦ-

2137 767 2290 821 ρεται
2310 767 2321 780 ·
2352 749 2466 822 ἔχει
2497 751 2607 823 γὰρ
2636 752 2730 804 καὶ
2761 746 2920 814 οὗτος
2943 770 2961 802 ι
2995 751 3287 822 ἐπιθυμίαν
3325 751 3419 805 τοῦ
3461 750 3729 805 ἀναλῦσαι

2135 841 2229 895 καὶ
2261 842 2357 895 σὺν
2388 841 2607 912 Χριστῷ
2631 838 2766 895 εἶναι
2786 881 2798 905 ,
2845 843 3024 914 πολλῷ
3053 842 3251 914 μᾶλλον
3301 842 3591 913 κρείσσονα
3611 858 3626 872 ⁸
3669 840 3754 928 τὸς

2132 929 2191 982 δὲ
2246 931 2524 1000 ἐπιμένειν
2577 933 2642 1002 τῇ
2701 931 2864 1003 σαρκὶ
2907 931 3328 1002 ἀναγκαιότερον
3383 949 3402 982 s
3465 931 3552 985 διὰ
3600 933 3733 995 τοὺς

2133 1019 2520 1092 ὠφελημένους
2544 1062 2558 1086 ,
2614 1023 2774 1093 εἴπερ
2801 1025 2828 1075 ὁ
2859 1023 3020 1076 Δαυῒδ
3069 1023 3210 1077 κατὰ
3264 1023 3354 1076 τὸν
3407 1024 3621 1076 Λουκᾶν
3669 1025 3733 1076 ἐν

2131 1113 2250 1175 ταῖς
2277 1111 2515 1184 Πράξεσι
2568 1114 2675 1166 τῶν
2696 1111 3034 1166 ’Λποστόλων
3057 1154 3071 1178 ,
3105 1115 3138 1184 ἢ
3192 1112 3287 1166 καὶ
3332 1113 3473 1166 κατά
3519 1111 3734 1166 Παῦλον

2137 1221 2156 1255 ‹
2188 1202 2292 1273 ἰδία
2320 1206 2483 1275 γενεᾷ
2512 1206 2860 1277 ὑπερετήσων
2893 1225 2910 1258 ι
2951 1204 3311 1275 ἐξαπεστάλη.

2212 1293 2321 1347 Τοῦ
2365 1295 2574 1349 αὐτοῦ.
2650 1313 2668 1345 ι
2705 1295 2896 1366 Κηδὰρ
2929 1295 3041 1365 (47)
3077 1314 3096 1346 ι
3164 1293 3526 1366 ἑρμηνεύεται
3579 1307 3733 1347 σκο-

2136 1386 2385 1453 τασμός.
2421 1387 2831 1458 Κατεσκήνωσα
2862 1383 2976 1450 οῦν,
3008 1385 3161 1456 φησὶ,
3197 1385 3336 1456 μετὰ
3385 1386 3492 1438 τῶν
3519 1401 3734 1456 σκηνω-

2139 1475 2325 1545 μάτων
2362 1475 2455 1529 τοῦ
2488 1477 2794 1548 σκοτασμοῦ
2817 1517 2833 1542 ,
2859 1479 2997 1548 ὅπερ
3037 1477 3153 1530 ἐστὶ
3199 1476 3294 1529 τοῦ
3337 1475 3590 1547 σώματος
3634 1474 3732 1528 τοῦ

2144 1566 2407 1633 Θανάτου,
2467 1569 2561 1622 καὶ
2603 1569 2812 1642 ἡψυχή
2867 1588 2967 1640 μου
3025 1570 3198 1642 αῦτη,
3251 1570 3415 1640 φησι,
3466 1568 3735 1632 πολλάκις

2145 1661 2498 1733 παρῴκησεν.

2722 1845 3014 1899 ΨΑΛΜΟΣ
3043 1845 3174 1897 PK'.

2211 1933 2358 2006 Ἦρα
2379 1937 2522 2004 τοὺς
2545 1939 2892 2006 ὀφθαλμούς
2909 1954 3028 2006 μου
3053 1938 3142 2001 εἰς
3173 1933 3246 1988 τὰ
3265 1933 3373 2002 ὄρη
3391 1973 3403 1997 ,
3436 1933 3576 1989 ὅθεν
3598 1931 3735 2001 ἣξει

2140 2033 2179 2099 ἡ
2206 2031 2458 2100 ,βοήθειὰ
2476 2050 2630 2102 μου,
2667 2050 2722 2086 κ.
2756 2050 2808 2086 τ.
2839 2034 2885 2085 έ.
2930 2029 3072 2100 Ἐγὼ
3114 2031 3212 2101 μὲν
3247 2029 3356 2105 ᾖρα
3387 2029 3498 2104 (48)
3522 2069 3537 2093 ,
3573 2028 3732 2098 φησὶ,

2140 2125 2265 2187 τοὺς
2287 2122 2597 2196 ὀφθαλμούς
2620 2143 2720 2197 μου
2744 2127 2823 2189 είς
2840 2125 2907 2178 τὰ
2922 2125 3044 2197 ὅρη,
3062 2127 3188 2188 τοὺς
3222 2124 3409 2193 ἁγίους
3441 2123 3732 2192 ἀγγέλους,

2139 2214 2215 2278 ὡς
2241 2215 2449 2287 μέλλων
2475 2218 2579 2271 ὑπό
2603 2235 2748 2282 τινος
2767 2217 2944 2272 αὐτῶν
2971 2215 3300 2287 βοηθεῖσθαι·
3332 2211 3464 2286 ἦλθε
3490 2215 3548 2268 δέ
3578 2232 3669 2284 μοι
3696 2214 3735 2286 ἠ

2143 2309 2366 2382 βοήθεια
2395 2309 2546 2381 παρὰ
2571 2309 2778 2382 Κυρίου
2801 2352 2816 2378 ,
2851 2329 2869 2362 ‹
2908 2308 3003 2364 τοῦ
3029 2310 3354 2378 ποιήσαντος
3384 2311 3474 2362 τὸν
3502 2305 3736 2378 οὐρανὸν

2140 2405 2233 2458 καὶ
2282 2405 2383 2476 τὴν
2412 2403 2538 2475 γῆν.
2583 2422 2601 2456 ι
2657 2405 2731 2457 Οὐ
2779 2403 2890 2475 γὰρ
2931 2403 3117 2468 ἁπλῶς
3175 2401 3485 2474 προσέθηκε
3512 2442 3526 2466 ,
3586 2419 3604 2452 ι
3635 2399 3733 2453 τοῦ

2141 2496 2469 2566 ποιήσαντος
2497 2495 2590 2548 τὸν
2630 2493 2860 2566 οὐρανὸν
2908 2494 3003 2547 καὶ
3047 2493 3146 2565 τὴν
3177 2494 3302 2565 γῆν.
3335 2512 3352 2544 ι
3403 2493 3466 2545 Εἰ
3495 2491 3606 2564 γὰρ
3638 2490 3734 2544 καὶ

2139 2587 2229 2640 τὸν
2275 2587 2505 2658 οὐρανὸν
2544 2586 2638 2640 καὶ
2673 2586 2771 2658 τὴν
2799 2585 2904 2656 γῆν
2946 2585 3108 2649 αὐτὸς
3134 2623 3148 2648 ,
3199 2585 3363 2655 φησιν
3387 2625 3401 2648 ,
3453 2584 3732 2654 ἐποίησεν,

2141 2678 2415 2750 πανταχοῦ
2461 2679 2684 2733 δύναται
2739 2679 2835 2732 καὶ
2864 2680 2921 2731 ὲν
2962 2676 3216 2749 ἀλλοτρίᾳ
3249 2677 3594 2748 βοηθεῖσθαι,
3636 2677 3736 2732 καὶ

2140 2772 2198 2825 ὲν
2227 2771 2523 2844 βαρϐάροις
2555 2773 2716 2843 χεῖρα
2733 2769 2941 2840 ὀρέξαι.

2208 2863 2308 2932 Μὴ
2335 2861 2493 2932 δῴης
2528 2865 2616 2929 εἰς
2650 2860 2849 2916 σάλον
2892 2860 3002 2915 τὸν
3049 2859 3204 2913 πόδα
3243 2875 3383 2921 σου,
3419 2857 3577 2928 μηδὲ
3626 2876 3734 2912 νυ-

2138 2952 2335 3024 στὰξῃ
2366 2957 2400 3007 ὁ
2430 2952 2774 3024 φυλάσσων
2809 2967 2919 3016 σε,
2969 2968 3024 3005 κ.
3063 2968 3116 3004 τ.
3149 2951 3195 3004 ὲ.
3244 2948 3334 3020 Μὴ
3391 2951 3738 3019 περιτραπῇς

2140 3045 2451 3118 (49),φησὶ,
2519 3044 2654 3116 μηδὲ
2689 3043 3084 3114 σκανδαλισθῇς
3107 3083 3120 3108 ,
3160 3042 3253 3095 καὶ
3283 3042 3404 3095 τότε
3453 3039 3596 3104 ἔξεις
3635 3039 3732 3092 τὸν

2099 3164 2102 3209 ς
2138 3137 2272 3192 Θεὸν
2295 3140 2457 3209 χεῖρα
2480 3135 2772 3209 ὀρέγοντα·
2808 3134 2948 3188 ὥστε
2981 3136 3110 3205 παρ’
3147 3133 3303 3203 ἡμῶν
3339 3133 3420 3186 δεῖ
3449 3127 3590 3186 εἷναι
3630 3130 3732 3198 τὰς

2061 3205 2106 3263 C
2139 3205 2353 3299 ἀρχὰς,
2387 3205 2485 3280 καὶ
2574 3205 2707 3289 Θεὸς
2735 3225 2830 3279 τοῦ
2855 3225 3041 3298 ὀρέξαι
3069 3227 3226 3296 χεῖρα
3250 3224 3486 3295 ἕτοιμος.

2223 3318 2468 3388 Ἡμέρας
2501 3320 2533 3372 ὁ
2567 3317 2732 3385 ἣλιος
2758 3319 2830 3371 οὺ
2862 3317 3199 3386 συγκαύσει
3233 3329 3340 3379 σε,
3378 3314 3521 3368 οὐδὲ
3553 3314 3591 3383 ἡ
3631 3329 3735 3367 σε-

2140 3406 2300 3474 λήνη
2359 3406 2474 3474 τὴν
2517 3408 2738 3472 νύκτα,
2770 3425 2825 3460 κ.
2879 3425 2930 3461 τ.
2967 3408 3017 3460 ὲ.
3069 3401 3273 3472 Οὗτος,
3301 3401 3454 3474 οἶμαι
3518 3405 3669 3474 (50),
3703 3408 3734 3460 ὁ

2140 3498 2290 3567 ἥλιος
2317 3496 2376 3560 ὃς
2405 3495 2688 3552 ἀνατέλλει
2713 3498 2804 3551 ἐπὶ
2825 3497 2924 3570 τὴν
2955 3499 3258 3567 σπαρεῖσαν
3290 3497 3393 3566 γῆν
3425 3496 3518 3549 καὶ
3541 3494 3735 3566 ξηραί-

2142 3605 2249 3640 νων
2303 3587 2505 3658 αὐτὴν,
2558 3585 2680 3640 καθ’
2728 3588 2797 3659 ἣν
2855 3605 2873 3639 ι
2933 3588 2962 3639 ὁ
3000 3587 3190 3659 ἄφρων
3241 3586 3318 3648 ὡς
3383 3585 3583 3655 σελήνη
3637 3585 3732 3638 ἁλι

2142 3679 2402 3735 λοιοῦται.
2445 3701 2463 3732 ι

2211 3773 2427 3841 Κύριος
2456 3771 2713 3842 φυλάξει
2759 3770 2875 3840 τὴν
2907 3770 3152 3824 εἷσοδόν
3187 3785 3304 3826 σου
3339 3771 3438 3825 καί
3465 3769 3580 3840 τὴν
3629 3772 3732 3836 EE—

2142 3856 2287 3912 οδόν
2315 3873 2431 3913 σου
2451 3857 2570 3913 ἀπὸ
2594 3857 2698 3912 τοῦ
2727 3857 2965 3928 riis-32cm
2983 3857 3094 3923 ἕως
3121 3857 3229 3912 τοῦ
3249 3856 3485 3924 αἰῶνος,
3516 3875 3570 3911 κ.
3602 3875 3655 3913 τ.
3681 3858 3731 3913 έ.

2132 3951 2350 4018 Ἔξοδον
2386 3951 2482 4023 τὴν
2519 3950 2631 4022 (51)
2693 3949 2801 4003 ἀπὸ
2847 3949 3046 4013 κακίας
3098 3951 3178 4011 είς
3234 3949 3472 4021 ἀρετὴν,
3524 3951 3731 4005 εἴσοδον

2127 4041 2224 4114 τὴν
2255 4042 2362 4096 ἀπὸ
2387 4042 2485 4113 τῆς
2517 4040 2717 4112 ἀρετῆς
2747 4039 2828 4102 είς
2852 4037 2950 4110 τὴν
2980 4036 3182 4107 γνῶσιν
3207 4038 3302 4092 τοῦ
3329 4038 3488 4093 Θεοῦ.

2671 4306 2963 4361 ΨΔᾹΜΟΣ
2995 4309 3173 4362 PKA'.

2212 4399 2581 4470 Εὐφράνθην
2624 4398 2722 4452 ἐπὶ
2760 4398 2884 4464 τοῖς
2920 4400 3185 4465 είρηκόσι
3226 4413 3351 4467 μοι·
3396 4399 3504 4464 Εὶς
3557 4395 3731 4453 οἷκον

2137 4495 2356 4562 Κυρίου
2389 4490 2824 4560 πορευσόμεθα.
2894 4488 3178 4556 Ἑστῶτες
3238 4487 3402 4560 ἦσαν
3446 4493 3501 4543 οὶ
3541 4491 3730 4557 πόδες

2136 4584 2306 4653 ἡμῶν
2329 4583 2398 4637 ἐν
2427 4581 2557 4647 ταῖς
2600 4580 2817 4645 αὐλαῖς
2852 4595 2991 4644 σου,
3039 4581 3459 4649 Ἰερουσαλὴμ,
3498 4598 3551 4633 κ.
3586 4599 3636 4635 τ.
3672 4584 3726 4638 ἑ.

2133 4676 2398 4728 Δύνανται
2446 4675 2496 4727 οἱ
2551 4673 2836 4746 εἰρηκότες
2869 4672 2978 4742 (52)
3005 4671 3082 4742 τῷ
3129 4672 3346 4742 δικαίην
3385 4691 3402 4720 ε
3437 4674 3532 4736 Εἰς
3565 4669 3717 4726 οἷκον

2131 4767 2338 4839 Κυρίου
2361 4763 2761 4838 πορευσόμεθα,
2786 4783 2803 4813 ι
2834 4763 2989 4815 αὐτοὶ
3009 4763 3186 4831 λέγειν
3211 4765 3305 4816 καὶ
3326 4762 3435 4829 τὸ,ι
3460 4763 3729 4828 Ἐστῶτες

2128 4853 2268 4927 ἦσαν
2292 4859 2341 4910 οἱ
2371 4857 2530 4920 πόδες
2557 4854 2743 4926 ἡμῶν,
2785 4873 2802 4904 ι
2839 4855 2952 4916 τοῖς
2983 4853 3258 4922 εἰρηκόσιν
3312 4853 3421 4924 Υῐῷ
3457 4856 3551 4908 καὶ
3582 4855 3730 4925 ἁγίῳ

2131 4946 2440 5017 Πνεῦματι,
2501 4947 2596 4998 καὶ
2639 4945 2891 5013 ἀγγέλοις
2939 4945 3116 5012 ἁγίοις
3156 4943 3189 5014 ἢ
3241 4943 3583 5016 ἀνθρώποις,
3610 4948 3728 5009 τοῖς

2133 5037 2224 5090 διὰ
2246 5037 2339 5090 τοῦ
2373 5037 2486 5107 βίου
2517 5037 2698 5100 καλῶς
2739 5036 2837 5108 τὴν
2874 5037 2967 5090 ἐπὶ
2996 5037 3086 5090 τὸν
3117 5032 3268 5090 οἷκον
3317 5035 3414 5090 τοῦ
3443 5037 3584 5090 Θεοῦ.
3632 5055 3728 5090 πο-

2136 5129 2288 5200 ρείαν
2316 5129 2678 5200 ποιουμένοις.

2211 5221 2321 5276 Τοῦ
2347 5220 2554 5276 αὐτοῦ.
2580 5239 2598 5272 ‹
2639 5219 2904 5284 Ἑστῶτες
2929 5214 3070 5290 ἦσαν
3099 5218 3211 5289 (53)
3233 5219 3284 5272 οἱ
3315 5218 3474 5282 πόδες
3505 5217 3720 5288 ήμῶντι

2127 5315 2189 5368 τὸ
2213 5314 2408 5383 μέλλον
2454 5312 2529 5376 ὼς
2560 5311 2934 5384 παρεληλυθὸς
2974 5310 3192 5379 λέγεται
3217 5350 3232 5376 ,
3285 5311 3360 5376 ὡς
3404 5312 3501 5367 καὶ⁹
3527 5312 3586 5364 ἑν
3615 5310 3723 5383 τῷ,

514 5438 565 5474 ⁸⁸
599 5439 798 5512 Philip.
824 5457 866 5508 ι,
889 5439 981 5497 23.
1057 5441 1104 5476 ⁸⁸
1130 5427 1256 5499 Act.
1289 5457 1416 5510 xm,
1443 5439 1538 5496 36.
1613 5437 1660 5472 ⁸⁸
1690 5435 1858 5492 Eccli.
1894 5447 2066 5500 xxvn,
2104 5435 2190 5491 12.

537 5583 630 5655 4?)
657 5583 879 5655 Κηδάρ,
911 5595 1019 5641 etc.
1049 5587 1252 5645 Catena
1277 5583 1549 5644 Corderii.

819 5653 1113 5738 ﬂérﬁpaL
1125 5670 1231 5715 etc.
1252 5661 1461 5738 Catena
1477 5655 1740 5715 Corderii.

659 5725 758 5797 Μῂ
786 5723 1168 5797 «cptum-ac.
1202 5741 1311 5786 etc.
1349 5727 1575 5786 Eadem.

513 5793 620 5864 (ὅθ’
662 5791 873 5863 οὗτος.
892 5791 1207 5868 citum-etc.
1236 5800 1462 5856 Scltcdu:
1487 5797 1697 5857 Grabii.

2203 5599 2316 5669 (51)
2347 5601 2603 5664 "Ege-60v
2627 5599 2760 5668 τήν,
2795 5608 2903 5653 etc.
2938 5597 3171 5654 Ezcdem.

2201 5693 2314 5753 (52.)
2340 5694 2627 5745 Δύνανται
2651 5695 2704 5745 oi
2732 5694 3052 5760 εἰρηκότες,
3081 5700 3185 5746 etc.
3207 5691 3419 5746 Catena
3446 5692 3718 5750 Corderii.

2203 5783 2315 5854 (55)
2359 5781 2649 5850 Ἐστῶτες
2677 5779 2858 5854 ἦσαν,
2893 5794 2995 5841 etc.
3031 5783 3254 5839 Eadem.
