4106 6418
413 421 553 476 1635

1809 403 1898 456 EX
1941 399 2242 454 ORIGENE

3539 400 3680 453 i656

486 536 763 606 Ejusdem.
791 550 810 584 ι
841 525 1284 597 Contemptibilia
1307 521 1493 578 mundi
1513 519 1834 591 elegilDeus
1862 520 1932 573 νο.
1962 539 1979 570 ι

2161 516 2278 570 Τοῦ
2297 513 2503 569 αὐτοῦ.
2525 533 2544 566 ι
2567 513 2649 566 Τά
2670 511 3068 584 ὲξουδενωμένα
3089 514 3198 585 (61)
3223 513 3314 567 τοῦ
3336 514 3543 584 κόσμου
3565 516 3684 580 εξε-

413 628 622 683 Idcirco
691 633 909 694 oportet
962 626 1308 686 contemples
1366 614 1557 668 sedere
1606 612 1662 665 in
1717 610 1983 665 Ecclesia.

411 723 589 788 Atque
619 719 718 771 hoc
747 724 832 770 est
866 712 1014 783 quod
1042 707 1370 777 contemptis
1399 707 1594 762 solatio
1625 719 1749 760 esse
1793 703 1986 774 possit.

489 895 648 948 Vsus.
686 893 741 947 4.
787 891 1015 946 Multum
1040 889 1233 958 repleta
1260 897 1333 941 est
1361 887 1541 940 anima
1574 893 1783 948 nostra,
1807 899 1992 951 oppro-

412 987 582 1039 brium
609 984 1003 1038 abundantibus
1031 989 1083 1035 et
1111 980 1372 1050 despectio
1404 977 1664 1044 superbis,
1698 985 1808 1030 etc.
1850 975 1990 1028 Ecce

413 1076 466 1128 lii
505 1085 826 1142 peccatores
855 1081 911 1126 et
939 1072 1304 1128 abundantes.
1333 1067 1702 1138 Symmachus
1724 1078 1854 1119 vero
1875 1066 1988 1119 sic:

417 1186 438 1217 ι
477 1166 662 1221 Multis
707 1167 905 1220 satiata
958 1173 1045 1220 est
1088 1163 1271 1217 anima
1317 1175 1527 1224 nosua,
1571 1159 1992 1228 obloquenlibtts

411 1254 838 1318 abundantibus,
874 1262 927 1307 et
965 1251 1388 1322 despicientibus
1418 1247 1688 1316 superbis.
1726 1267 1744 1300 ι
1796 1246 1990 1316 Aquila

413 1351 642 1394 autem:
694 1358 712 1390 ι
752 1339 980 1393 Multum
1029 1339 1232 1408 repleta
1281 1347 1366 1392 est
1405 1338 1583 1391 anima
1637 1345 1822 1392 nostra
1866 1338 1992 1391 sub-

414 1431 741 1484 sannatione
806 1428 1299 1500 exprobrantium,
1377 1427 1728 1498 despectione
1799 1440 1992 1495 super-

419 1523 635 1576 borum.
666 1539 685 1572 ι

899 1697 1223 1753 PSALMUS
1279 1697 1512 1753 CXXIII.

489 1798 654 1852 Vens.
697 1797 749 1849 1.
797 1794 921 1848 Nisi
966 1795 1093 1862 quia
1138 1793 1397 1846 Dominus
1421 1803 1535 1845 erat
1569 1795 1624 1845 in
1658 1793 1825 1858 nobis,
1850 1794 1993 1847 dicat

422 1905 561 1943 nunc
597 1887 790 1952 Israel,
821 1895 930 1939 etc.
974 1883 1283 1939 Verisimile
1331 1895 1415 1938 est
1457 1885 1767 1954 quempiam
1816 1900 1994 1940 sacer-

418 1987 606 2038 dotum
665 1983 716 2035 i-n
764 1981 947 2049 aliquo
1002 1977 1268 2048 graduum
1332 1979 1724 2032 consistentem
1796 1978 1994 2048 populo

418 2087 578 2127 mane
598 2071 664 2125 ad
695 2069 953 2140 templum
973 2067 1214 2122 venienti
1238 2066 1442 2136 aliquid
1466 2065 1729 2136 ejusmodi
1753 2067 1990 2121 dixisse:

423 2185 442 2216 ι
481 2164 637 2217 Dicat
685 2177 830 2216 nunc
873 2158 1038 2214 Israel
1074 2174 1089 2211 :
1129 2153 1242 2212 Nisi
1293 2159 1422 2228 quia
1474 2157 1737 2212 Dominus
1776 2166 1897 2212 erat
1939 2156 1994 2210 in

424 2255 634 2320 nobis;
689 2273 708 2305 ι
755 2251 948 2306 deinde
995 2249 1247 2306 lsraelem
1285 2250 1339 2304 id
1371 2248 1515 2317 quod
1568 2248 1615 2302 ei
1668 2257 1994 2316 praceptum

418 2357 540 2400 erat
570 2343 822 2400 faciendo
853 2343 1143 2410 inctepisse
1167 2340 1384 2410 quidem
1407 2341 1478 2394 ab
1513 2340 1579 2393 iis
1605 2339 1808 2402 verbis,
1843 2357 1861 2389 ι
1891 2338 1996 2392 Do-

424 2437 604 2490 minus
638 2444 760 2490 erat
789 2435 842 2488 in
873 2434 1032 2489 nobis
1060 2448 1075 2495 ;
1116 2450 1135 2484 ι
1174 2431 1520 2501 subjunxisse
1551 2439 1730 2483 autem
1782 2429 1994 2498 reliqua

421 2527 638 2594 psalmi.
669 2526 937 2582 Caeterum
983 2523 1134 2589 illud,
1184 2541 1204 2574 ι
1241 2520 1356 2576 Nisi
1405 2522 1534 2590 quia
1577 2522 1836 2576 Dominus
1880 2528 1998 2574 erat

423 2621 477 2670 in
520 2617 700 2682 nobis,
737 2635 758 2668 ι
794 2633 900 2672 non
932 2617 1112 2687 quivis
1145 2616 1310 2680 dicat,
1350 2617 1443 2669 sed
1482 2627 1645 2666 verus
1679 2609 1865 2674 Israel,
1911 2609 1996 2663 cui

427 2703 688 2758 Dominus
735 2713 820 2757 est
870 2704 1118 2758 dicenti:
1163 2720 1178 2753 ι
1215 2701 1384 2757 Nobis
1422 2715 1568 2755 unus
1615 2709 1700 2753 est
1740 2699 1999 2753 Dominus

425 2795 582 2848 Jesus
612 2793 886 2860 Christus,
937 2809 1034 2864 per
1083 2810 1244 2862 quem
1297 2794 1501 2858 omnia,
1542 2803 1596 2846 et
1653 2809 1751 2847 nos
1787 2807 1882 2861 per
1918 2791 1998 2860 ip-

426 2903 545 2939 sum
583 2887 668 2938 ἰε
705 2905 723 2937 ι
758 2887 899 2956 quod
940 2896 993 2941 et
1037 2886 1236 2941 Paulus
1283 2885 1417 2940 dicit
1442 2886 1529 2939 "z
1575 2903 1593 2934 ι
1625 2883 1759 2938 Nam
1804 2893 1860 2937 et
1898 2898 1997 2954 ego

427 2975 667 3032 Israelita
698 2993 840 3032 sum.
875 2996 893 3028 ι
921 2976 1052 3031 ltem
1098 2977 1228 3036 illud
1267 2977 1314 3010 ”
1345 2994 1358 3031 :
1394 2997 1412 3029 ι
1449 2976 1713 3032 ἰετθειὶιιε
1753 2984 1903 3043 sunt,
1943 2985 1997 3030 et

425 3086 549 3139 ego.
588 3088 608 3122 ι
647 3068 831 3138 Itaque
873 3069 1167 3134 verisimile
1207 3079 1293 3125 est
1344 3070 1486 3124 linuc
1533 3071 1804 3138 psalmum
1845 3086 1873 3122 a
1907 3084 2001 3139 po-
2025 3049 2068 3106 (ἶ

425 3160 554 3231 pulo
594 3161 814 3215 recitari
852 3160 1070 3216 solitum
1125 3177 1192 3216 ex
1237 3171 1507 3231 prtecepto
1550 3160 1853 3216 sacerdotis
1891 3177 1906 3225 ;
1953 3161 2000 3216 si

425 3247 642 3317 quando
667 3247 898 3318 populus
933 3249 986 3304 in
1017 3249 1156 3304 bello
1186 3249 1530 3318 periclitatus
1561 3249 1777 3315 fuisset,
1813 3249 1894 3302 vel
1933 3263 2000 3302 ex

427 3341 698 3410 :.liquibns
735 3341 980 3411 gentium
1028 3341 1243 3396 insidiis
1279 3349 1529 3395 servatus
1559 3349 1722 3408 esset,
1756 3341 2001 3394 hostibus

429 3431 663 3487 devictis
712 3449 726 3485 :
784 3430 1084 3501 prmsertitn
1139 3432 1184 3486 si
1235 3431 1540 3486 admirabili
1573 3431 1806 3499 quadam
1854 3431 1999 3484 cele-

430 3522 628 3576 britate
672 3521 888 3576 fortiter
931 3521 1160 3590 praeliati
1202 3522 1448 3576 victores
1489 3522 1807 3576 rediissem.
1851 3521 2004 3574 DtCal

429 3620 608 3664 autem
641 3608 806 3664 Israel
834 3610 997 3664 etiam
1030 3609 1183 3663 illud:
1216 3627 1235 3659 ι
1268 3609 1422 3677 Sa'pe
1440 3618 1887 3678 expugnaverunt
1918 3624 2004 3663 me

431 3717 462 3754 a
485 3699 769 3769 juventule
805 3715 948 3764 mea,
989 3717 1008 3750 ι
1055 3708 1115 3752 ιιι
1148 3699 1199 3752 in
1229 3699 1442 3766 psalmo
1466 3713 1668 3755 cxxvut
1696 3700 1917 3756 dicitur.

505 3790 670 3844 Vsus.
810 3787 976 3841 Forte
993 3788 1134 3842 vivos
1161 3788 1502 3858 deglutissent
1535 3805 1651 3857 nos,
1681 3801 1786 3845 etc.
1816 3789 2004 3843 Prodi-

434 3893 607 3936 torem
663 3880 856 3935 Judam
910 3881 1091 3935 vivum
1142 3881 1534 3951 deglutierunt.
1591 3879 1794 3935 llabuit
1837 3882 2002 3949 enim,

434 3986 728 4045 antequam
775 3973 1033 4042 traderet,
1073 3985 1241 4028 vitam
1287 3988 1410 4042 qua:
1451 3974 1629 4030 dixit:
1675 3991 1694 4025 ι
1734 3972 1845 4045 Ego
1885 3990 2003 4030 sum

431 4069 541 4122 vita
568 4067 636 4122 “.
672 4085 692 4120 ›
726 4065 832 4121 Eos
858 4075 1041 4121 autem
1071 4067 1161 4136 qui
1192 4066 1260 4121 ab
1291 4064 1448 4120 initio
1485 4063 1706 4120 malitia:
1756 4067 2003 4122 iuuutriti

434 4167 583 4219 sunt,
611 4157 766 4211 vivos
799 4157 1126 4226 deglutiunt.

505 4249 670 4319 823
709 4247 874 4305 Vens.
915 4250 970 4303 4.
1012 4247 1271 4302 Forsitan
1321 4265 1456 4314 aqua
1499 4249 1847 4305 absorbuisset
1884 4267 2002 4316 nos,

435 4355 541 4395 etc.
579 4343 788 4410 Aquam
829 4340 1061 4408 figurate
1093 4339 1225 4394 dicit
1257 4341 1580 4395 tentationes
1614 4357 1736 4410 quae
1763 4344 1997 4397 animum

436 4438 778 4500 deinergunt.
817 4429 950 4499 Ipsa:
995 4440 1176 4487 autem
1217 4433 1538 4488 tentationes
1585 4435 1748 4488 etiam
1795 4435 2002 4504 cogita-

434 4524 610 4577 tiones
639 4533 922 4578 vocantur.

513 4610 674 4668 Vsns.
718 4613 772 4666 5.
818 4611 1119 4667 Torrentem
1175 4615 1504 4682 pertransivit
1562 4616 1739 4669 anima
1798 4626 2001 4684 nostra,

435 4714 542 4760 etc.
605 4703 928 4759 Torrentem
975 4704 1174 4757 iterum
1221 4713 1383 4758 vocat
1421 4704 1803 4774 cogitationes,
1860 4707 2001 4774 quod

439 4811 545 4848 ιιυιι
577 4796 888 4864 perdurent.
919 4798 1014 4852 sed
1039 4797 1324 4852 confestim
1370 4799 1424 4852 in
1462 4807 1697 4852 mentem
1737 4794 2000 4864 insiliant,

435 4896 490 4938 Cl
517 4899 706 4938 I‘III‘SUS
738 4896 1008 4940 arescant.

512 4976 785 5043 Ejusdem.
833 4994 850 5026 ι
897 4975 962 5031 Ει
1006 4977 1210 5033 factum
1261 4987 1346 5032 est
1394 4978 1616 5033 verbum
1677 4977 1891 5031 Domini
1937 4978 2006 5032 ad

439 5064 651 5120 l-Zliam:
691 5067 837 5122 Vade
881 5070 1005 5124 hinc
1043 5071 1106 5124 ad
1135 5071 1429 5136 orientem,
1470 5079 1527 5124 et
1568 5070 1905 5124 abscondere
1952 5071 2005 5124 in

437 5169 678 5215 torrente
704 5159 994 5228 Cltorratlt,
1025 5162 1118 5231 qui
1169 5172 1254 5216 est
1295 5177 1459 5231 super
1500 5160 1694 5218 faciem
1729 5159 2004 5216 Jordanis.

439 5251 501 5306 Et
528 5255 655 5317 erit,
711 5253 778 5307 de
820 5264 1060 5308 torrente
1102 5252 1258 5307 bibes
1303 5267 1520 5320 aquam,
1561 5261 1616 5306 et
1646 5252 1827 5306 corvis
1856 5268 2010 5304 man-

439 5343 578 5396 dabo
613 5345 821 5398 nutrire
856 5355 906 5398 te
939 5345 1070 5399 illic.
1118 5345 1183 5398 Et
1237 5343 1364 5397 fecit
1400 5343 1544 5398 Elias
1586 5344 1741 5413 juxta
1781 5344 2007 5397 verbum

2085 608 2275 672 λέξατο
2297 608 2325 660 ὁ
2346 606 2493 669 Θεός·
2522 626 2540 658 ι
2579 604 2661 658 διὸ
2681 606 2761 657 δεῖ
2786 607 2912 667 τοὺς
2938 606 3394 676 ὲξουδενωμένους
3435 606 3682 670 καθίζειν

2088 701 2145 753 ὲν
2175 701 2240 770 τῇ
2291 698 2606 769 Ἐκκλησία.
2646 697 2756 750 Καὶ
2796 698 2912 751 ἐστι
2948 697 3108 750 τοῦτο
3153 697 3450 767 δυνάμενον
3494 713 3681 767 παρα-

2090 789 2437 861 μυθήσασθαι
2469 788 2949 859 ἑξουδενωμένους.

2173 882 2296 934 Ἐπὶ
2326 880 2830 949 πλεῖον-ἐπλήσθη
2891 881 2929 947 ἡ
2957 879 3125 948 ψυχὴ
3170 877 3368 948 ἡμῶν-θ
3419 878 3485 932 τὸ
3529 879 3687 933 ὄνει-

2088 970 2194 1037 δος
2223 971 2348 1037 τοῖς
2382 971 2710 1039 εὐθηνοῦονι
2749 969 2848 1023 καὶ
2881 972 2919 1038 ἡ
2953 968 3353 1035 ἐξουδένωσις
3384 969 3510 1034 τοῖς
3535 972 3682 1023 ὑπε-

2081 1061 2416 1131 ρηφάνοις,
2450 1080 2504 1115 κ.
2542 1081 2594 1116 τ.
2639 1065 2685 1116 ὲ.
2720 1063 2850 1114 Ἰδοὺ
2890 1055 3033 1116 οὗτοι
3059 1059 3170 1131 (62)
3219 1059 3535 1131 ἁμαρτωλοὶ
3587 1062 3685 1113 καὶ

2089 1152 2462 1224 εὐθηνοῦντες.
2512 1153 2568 1206 ’0
2597 1154 2654 1209 δὲ
2681 1153 2976 1225 Σύμμαχος
3003 1153 3202 1217 οὕτως·
3235 1171 3253 1204 ‹
3280 1151 3496 1205 Πολλῶν
3525 1154 3684 1224 ἐχορ-

2094 1243 2268 1314 τάσθη
2295 1248 2327 1316 ἡ
2357 1243 2502 1315 ψυχὴ
2532 1244 2709 1315 ήμῶν,
2735 1243 3131 1297 ὲπιλαλούντων
3157 1244 3263 1296 τῶν
3286 1240 3681 1314 εὐθηνούντων,

2096 1339 2191 1394 καὶ
2245 1339 2684 1404 ὲξευτελιζόντων
2730 1341 2838 1395 τῶν
2894 1340 3282 1412 ὑπερηφάνων.
3333 1359 3352 1392 ι
3410 1339 3680 1403 Ἀκύλας·

2105 1449 2124 1481 ‹
2162 1429 2337 1483 Πολλὰ
2368 1430 2670 1501 ἐνεπλήσθη
2704 1433 2737 1501 ἡ
2760 1431 2903 1501 ψυχὴ
2924 1432 3080 1502 ἡμῶν
3105 1430 3199 1484 τοῦ
3234 1429 3540 1501 μυχθισμοῢ
3571 1430 3684 1483 τῶν

2097 1521 2485 1590 ὀνειδιζόντων,
2520 1521 2613 1576 τοῦ
2642 1521 3022 1593 ὲξοοθενισμοῦ
3054 1522 3160 1576 τῶν
3195 1523 3580 1593 ὑπερηφάνων.
3619 1541 3640 1574 ι

2632 1702 2734 1756 ΨΑ
2742 1704 2932 1756 ΛΜοΣ
2975 1705 3148 1758 ΡΚΓ’.

2167 1798 2236 1848 Εἰ
2261 1793 2347 1863 μὴ
2372 1794 2460 1847 ὅτι
2481 1797 2696 1862 Κύριος
2709 1792 2789 1865 ἦν
2805 1795 2876 1847 ἐν
2898 1794 3060 1863 ἡμῖν,
3079 1794 3297 1849 εἰπάτω
3319 1793 3396 1863 δὴ
3421 1793 3684 1862 Ἰσραὴλ,

2097 1905 2150 1941 κ.
2177 1905 2226 1940 τ.
2257 1889 2302 1940 ὲ.
2339 1886 2499 1948 Εἰκὸς
2527 1886 2634 1938 τῶν
2661 1885 2770 1956 (65)
2801 1886 2987 1957 ἱερέων
3015 1886 3137 1940 τινὰ
3173 1884 3385 1938 ἑστῶτα
3422 1885 3514 1937 ἐπί
3539 1902 3687 1947 τινος

2094 1981 2202 2034 τῶν
2232 1977 2560 2048 ἀναϐαθμῶν
2589 1977 2765 2046 λέγειν
2798 1977 3004 2031 ἐλθόντι
3035 1976 3115 2048 τῷ
3151 1975 3266 2048 λαῷ
3291 1978 3383 2029 ἐπὶ
3422 1976 3516 2029 τὸν
3556 1976 3686 2027 ναὸν

2095 2068 2262 2122 ἔωθεν
2294 2068 2534 2121 τοιοῦτόν
2565 2085 2651 2121 τιο
2695 2086 2712 2119 ι
2746 2067 2968 2120 Εἰπάτω
2999 2067 3064 2136 δὴ
3109 2065 3348 2137 Ἰσραὴλ,
3375 2063 3437 2118 Εἰ
3485 2066 3559 2136 μὴ
3601 2065 3686 2117 ὅτι

2096 2162 2299 2234 Κύριος
2330 2157 2397 2233 ἦν
2426 2163 2482 2214 ἐν
2512 2163 2645 2232 ἡμῖν
2665 2178 2678 2190 ·
2723 2179 2742 2212 ι
2781 2156 2900 2214 εἶτα
2946 2158 3203 2212 ποιοῦντα
3234 2159 3295 2210 τὸ
3340 2157 3688 2229 προσταχθὲν

2095 2254 2186 2306 τὸν
2225 2251 2442 2323 Ἰσραὴλ
2483 2250 2746 2321 ἄρχεσθαι
2781 2251 2878 2320 μὲν
2920 2249 3028 2303 ἀπὸ
3060 2248 3154 2301 τοῦ
3180 2287 3194 2312 ,
3226 2267 3245 2299 ι
3276 2249 3481 2320 Κύριος
3524 2244 3592 2319 ἦν
3623 2249 3686 2300 ὲν

2094 2347 2258 2416 ἡμῖν’
2310 2362 2328 2395 ι
2367 2342 2658 2396 συνάπτειν
2686 2342 2742 2396 δὲ
2766 2342 2834 2395 τά
2872 2343 2997 2413 ἑξῆς
3037 2341 3130 2396 τοῦ
3170 2340 3412 2410 ψαλμοῦ.
3457 2340 3685 2408 Λεγὲτω

2097 2438 2162 2508 δὴ
2185 2437 2265 2500 τὸ,
2295 2456 2312 2488 ι
2348 2437 2410 2490 Εἰ
2447 2436 2521 2507 μὴ
2551 2437 2632 2488 ὅτι
2658 2435 2861 2506 Κύριος
2890 2431 2957 2505 ἦν
2993 2435 3050 2487 ὲν
3076 2436 3229 2505 ἡμῖν,
3255 2453 3270 2486 ι
3298 2434 3397 2504 οὐχ
3421 2435 3448 2486 ό
3476 2431 3680 2502 τυχὼν,

2098 2527 2212 2580 ἀλλ’
2244 2530 2272 2580 ὁ
2304 2527 2553 2598 ἀληθινὸς
2617 2527 2853 2598 Ἰσραὴλ,
2922 2520 2965 2593 ᾧ
3000 2527 3206 2595 Κύριός
3246 2527 3392 2578 ἐστιν
3440 2523 3677 2575 εἰπόντι·

2105 2637 2123 2670 ι
2167 2619 2325 2687 Ἡμῖν
2354 2615 2434 2680 εἷς
2460 2618 2664 2687 Κύριος
2705 2616 2907 2689 Ἰησοῦς
2939 2617 3194 2689 Χριστὸς,
3215 2616 3280 2668 δι’
3300 2610 3360 2669 οὗ
3387 2615 3455 2668 τά
3477 2615 3680 2676 πάντα,

2101 2711 2194 2763 καὶ
2222 2711 2385 2780 ἡμεῖς
2407 2709 2474 2761 δι’
2508 2710 2674 2762 αὐτοῦ
2697 2726 2709 2740 ’
2744 2729 2760 2760 ι
2797 2706 2933 2781 ὅπερ
2956 2711 3050 2764 καὶ
3072 2709 3281 2771 Παῦλος
3315 2703 3435 2759 εἷπε
3457 2724 3470 2736 ο
3511 2725 3529 2756 ι
3567 2705 3681 2758 Καὶ

2101 2803 2209 2874 γὰρ
2240 2803 2352 2870 ἐγὼ
2397 2802 2738 2873 Ἰσραηλίτης
2766 2802 2909 2873 εἰμί·
2954 2823 2974 2855 ι
3017 2803 3113 2856 καὶ
3145 2802 3234 2854 τό·
3269 2819 3288 2850 ι
3348 2797 3677 2869 Ἰσραηλῖταὶ

2100 2897 2228 2958 εἰσι,
2257 2895 2324 2948 κὰ
2341 2893 2430 2963 (ὠ.
2468 2913 2486 2945 ›
2509 2893 2620 2948 Καὶ
2636 2893 2824 2947 τοῦτόν
2857 2911 2920 2962 γε
2949 2895 3094 2958 εἰκὸς
3116 2894 3220 2947 ὑπὸ
3239 2893 3334 2946 τοῦ
3360 2890 3491 2944 λαοῦ
3527 2888 3680 2956 λέγε-

2101 2985 2226 3041 σθαι
2253 2986 2344 3041 τὸν
2369 2985 2581 3058 ψαλμδν
2601 2988 2664 3040 ὲκ
2689 2985 3036 3057 προστάξεως
3073 2985 3283 3056 ἱερέως,
3326 2984 3506 3036 εἴποτε
3557 2997 3678 3032 κιν-

2102 3079 2362 3143 δυνεύσας
2381 3080 2409 3132 ό
2431 3078 2552 3142 λαὸς
2579 3079 2638 3134 ἐν
2659 3077 2896 3149 πολέμῳ,
2921 3078 2956 3148 ἧ
2978 3093 3084 3130 τινι
3103 3075 3211 3129 ἀπὸ
3228 3076 3337 3128 τῶν
3363 3073 3531 3129 ὲθνῶν
3553 3075 3677 3125 ὲπι-

2103 3169 2265 3242 ὅουλῇ
2294 3170 2546 3243 διεσώθη,
2570 3171 2796 3241 νικήσας
2824 3170 2950 3230 τοὺς
2974 3167 3266 3239 πολεμίους
3285 3183 3298 3196 ·
3355 3165 3587 3235 μάλιστα
3628 3165 3680 3217 εἰ

2105 3259 2246 3330 μετά
2291 3277 2435 3324 τινος
2468 3260 2769 3331 παραδόξου
2808 3258 3127 3328 ἐπιφανείας
3169 3257 3682 3329 ἀνδραγαθήσαντες

2103 3351 2428 3421 ἐπανῄεσαν.
2454 3352 2677 3406 Εἱπάτω
2703 3352 2759 3405 δὲ
2782 3353 2812 3404 ὁ
2851 3351 3066 3422 Ἰσραήλ
3095 3351 3188 3405 καὶ
3211 3350 3292 3415 τὸ,
3323 3369 3341 3402 ‹
3381 3349 3683 3412 Πλεονάκις

2103 3443 2448 3515 ἐπολέμησάν
2478 3462 2545 3516 με
2573 3446 2639 3498 ἐκ
2669 3444 2919 3516 νεότητός
2951 3461 3074 3514 μου,
3101 3462 3120 3495 ι
3157 3442 3232 3507 ὡς
3251 3444 3308 3498 ὲν
3340 3451 3459 3514 ρκη¹
3481 3441 3683 3513 ψαλμῷ

2103 3533 2339 3602 λέγεται.

2179 3794 2318 3862 Ἄρα
2363 3787 2590 3859 ζῶντας
2631 3792 2707 3846 ἂν
2753 3793 3038 3848 κατέπιον
3075 3793 3254 3863 ἡμᾶς,
3292 3813 3343 3848 κ.
3391 3811 3441 3848 τ.
3480 3794 3526 3846 ὲ.
3575 3795 3685 3848 Τὸν

2105 3886 2369 3959 προδότην
2394 3886 2502 3958 (64)
2547 3887 2744 3940 Ἰούδαν
2772 3887 2948 3951 ζῶντα
2971 3889 3227 3942 κατέπιον
3247 3905 3259 3918 ⁸
3297 3885 3408 3959 εἶχε
3439 3888 3546 3956 γὰρ
3575 3887 3688 3959 πρὸ

2103 3979 2203 4050 τῆς
2225 3979 2575 4050 παραδόσεως
2605 3979 2703 4049 τὴν
2732 3979 2874 4050 ζωὴν
2897 3979 2993 4049 τὴν
3023 3980 3300 4033 εἰποῦσαν·
3342 3999 3360 4032 ι
3403 3981 3542 4049 Ἐγώ
3565 3983 3685 4051 ειμι

2105 4073 2139 4140 ἡ
2169 4069 2307 4141 ζωή·
2357 4089 2375 4121 ι
2403 4072 2528 4133 τοὺς
2560 4070 2615 4123 δὲ
2642 4071 2733 4123 ἀπ’
2751 4072 2924 4142 ἀρχῆς
2944 4073 3008 4141 τῇ
3049 4070 3217 4143 κακίᾳ
3236 4072 3680 4143 ἐντρεφομένους,

2105 4161 2330 4231 νεκροὺς
2357 4161 2764 4215 καταπίνουσιν.

2181 4253 2330 4320 Ἀρα
2361 4251 2425 4304 τὸ
2457 4251 2612 4318 ὕδωρ
2632 4251 2709 4304 ἂν
2741 4252 3170 4305 κατεπόντισεν
3203 4249 3392 4320 ἡμᾶς,
3436 4267 3492 4303 κ.
3543 4266 3593 4300 τ.
3630 4249 3680 4304 ὲ.

2109 4342 2294 4413 ’Ύδωρ
2319 4342 2595 4415 τροπικῶς
2613 4341 2722 4413 (65)
2737 4341 2883 4411 λέγει
2906 4344 3030 4404 τοὺς
3056 4345 3394 4412 πειρασμοὺς
3426 4339 3553 4404 τοὺς
3584 4358 3687 4392 κα-

2104 4435 2522 4498 ταποντίζοντας
2548 4435 2646 4505 τὴν
2675 4433 2854 4504 ψυχήν
2874 4451 2886 4462 ·
2915 4433 3037 4486 οἱδὲ
3066 4434 3218 4486 αὐτοὶ
3257 4435 3556 4504 πειρασμοὶ
3590 4432 3686 4484 καὶ

2104 4527 2355 4596 λογισμοὶ
2387 4525 2693 4580 καλοῦνται.

2180 4618 2509 4686 Χείμαρῤον
2537 4613 2783 4682 διῆλθεν
2817 4616 2856 4684 ἡ
2885 4615 3054 4684 ψυχὴ
3085 4613 3272 4683 ἡμῶν,
3303 4632 3359 4666 κ.
3400 4631 3449 4666 τ.
3483 4615 3531 4667 ὲ.
3559 4612 3687 4665 Χεί-

2111 4711 2320 4780 μαρρον
2362 4707 2472 4778 (66)
2502 4707 2556 4760 δὲ
2587 4707 2749 4761 πάλιν
2783 4707 2932 4774 λέγει
2966 4708 3093 4769 τοὺς
3124 4705 3446 4775 λογισμοὺς,
3490 4705 3574 4759 διὰ
3623 4704 3686 4757 τὸ

2111 4799 2186 4870 μὴ
2207 4798 2476 4870 χρονίζειν
2503 4800 2722 4862 αὐτοὺς,
2758 4798 2896 4852 ἀλλὰ
2930 4797 3140 4868 ἁθρόως
3170 4797 3441 4868 ὲπιπηδᾷν
3478 4801 3557 4861 εἰς
3591 4797 3684 4850 τὸν

2109 4890 2253 4955 νοῦν,
2290 4892 2384 4944 καὶ
2410 4890 2570 4943 πάλιν
2617 4889 2984 4960 ξηραίνεσθαι.

2186 4983 2295 5036 Τοῦ
2316 4982 2522 5037 αὑτοῦ.
2562 5001 2579 5032 ι
2599 4983 2707 5035 Καὶ
2737 4981 2950 5049 ἐγένετο
2977 4980 3086 5053 (67)
3126 4983 3277 5053 ῥῆμα
3305 4980 3510 5050 Κυρίου
3547 4979 3684 5046 πρὸς

2121 5073 2301 5126 arma
2319 5091 2332 5104 ·
2365 5074 2604 5145 Πορεύου
2633 5073 2882 5129 ἐντεῦθεν
2909 5075 3049 5128 κατὰ
3091 5074 3354 5135 ἀνατολὰς
3373 5112 3389 5136 ,
3424 5073 3519 5124 καὶ
3547 5070 3683 5142 κρύο

2115 5166 2240 5237 ϐηθι
2269 5169 2324 5219 ἐν
2347 5166 2424 5238 τῷ
2454 5167 2736 5238 χειμάρρῳ
2761 5166 2980 5238 Χορῤὰθ
3031 5165 3106 5235 τῷ
3146 5167 3237 5218 ἐπὶ
3265 5163 3555 5236 προσώπου
3588 5161 3684 5213 τοῦ

2127 5258 2409 5330 Ἰορδάνου.
2435 5259 2546 5311 Καὶ
2571 5258 2744 5324 ἔσται,
2777 5260 2841 5312 ἐκ
2862 5258 2953 5311 τοῦ
2978 5259 3275 5330 χειμάρῤου
3301 5256 3483 5310 πίεσαι
3517 5254 3679 5324 ὕδωρ·

2115 5350 2210 5402 καὶ
2239 5354 2350 5413 τοῖς
2375 5348 2597 5420 κόραξιν
2627 5349 2940 5421 ἐντελοῦμαι
2967 5349 3272 5420 διατρέφειν
3307 5365 3364 5401 σε
3409 5349 3544 5400 ἐκεῖ.
3574 5347 3683 5398 Καὶ

507 5477 554 5510 ὀ
585 5477 603 5530 l
639 5479 762 5533 Cor.
805 5495 842 5543 ι,
873 5479 962 5535 28.
1039 5481 1083 5513 ⁹¹
1114 5481 1130 5534 l
1157 5478 1286 5534 Cor.
1321 5493 1437 5541 vnt,
1471 5475 1523 5532 6.
1599 5479 1644 5510 ⁸⁸
1685 5477 1840 5533 Rom.
1875 5495 1950 5544 ιι,
1988 5484 1999 5538 i

2117 5487 2162 5518 ⁹³
2193 5486 2232 5540 ll
2265 5488 2390 5541 Cor.
2423 5503 2500 5553 χι,
2522 5487 2613 5542 2‘2.
2690 5488 2736 5519 "
2761 5485 2916 5540 Joan.
2948 5501 3059 5549 ειν,
3093 5484 3147 5538 6.

512 5595 623 5664 (6i)
660 5596 1209 5666 Τὰέξουβενωμὲνα,
1240 5608 1343 5650 etc.
1372 5597 1570 5650 Catena
1606 5595 1869 5652 Cordcrii.

512 5668 624 5735 (6'2)
658 5666 813 5720 ἰδοὺ
841 5664 1155 5730 ο·ὗτοι,ὀιε.
1196 5666 1421 5721 δοιιοᾱαι
1444 5666 1651 5722 Grabii.

513 5738 624 5801 (65)
656 5737 830 5801 ΕΙκὸς
851 5736 990 5796 τῶν,
1021 5747 1126 5788 etc.
1153 5736 1352 5791 Catena
1391 5736 1652 5790 Corderii.

513 5807 624 5874 (64)
663 5806 772 5860 Tir
800 5805 1114 5872 προδότην,
1143 5815 1245 5859 (εις.
1273 5805 1497 5858 Sclteda:
1523 5805 1730 5859 Gtaliii.

2187 5602 2298 5671 (65)
2331 5601 2521 5669 ’Υδωρ
2538 5597 2847 5670 τροπικῶς,
2874 5610 2976 5653 etc.
3004 5598 3239 5653 Ezedem.

2183 5695 2292 5760 (66)
2319 5695 2659 5762 Χείμαρρον,
2688 5703 2792 5746 etc.
2833 5694 3066 5746 Emdem.

2185 5785 2296 5841 (67)
2327 5785 2430 5836 Καὶ
2457 5783 2710 5852 ἐγένετο,
2739 5792 2842 5835 etc.
2877 5784 3078 5836 Catena
3103 5781 3366 5834 Corderii.
