4106 6386
332 311 470 366 1657

1235 305 1542 359 SELECTA
1578 304 1644 358 IN
1683 303 2018 358 PSALMOS.
2061 337 2128 344 —
2167 303 2360 358 PSAL.
2401 302 2632 358 CXXIV.

3460 311 3595 366 1655

327 433 584 502 ἐποίησεν
633 430 815 484 Ἠλιοῦ
853 426 995 480 κατὰ
1021 427 1080 480 τὸ
1109 426 1259 497 ῥῆμα
1283 425 1510 494 Κυρίου,
1534 425 1630 478 καὶ
1658 423 1906 476 ἐκάθισεν

2017 422 2252 486 Domini,
2285 435 2336 478 et
2364 425 2505 477 sedit
2537 424 2586 474 in
2625 431 2862 475 torrente
2885 421 3156 478 Cborratb
3187 440 3348 494 super
3399 427 3593 484 faciem

330 527 387 578 ἐν
408 523 485 592 τῷ
513 521 800 592 χειμάρρῳ
814 518 1032 590 Χορρὰθ
1052 519 1144 570 ἐπὶ
1170 516 1460 588 προσώπου
1491 516 1586 569 τοῦ
1627 517 1905 587 Ἰορδάνου.

330 615 442 669 Καὶ
480 615 529 666 oi
581 613 819 684 κόρακες
861 611 1054 682 ἔφερον
1079 610 1228 680 αὐτῷ
1264 611 1462 680 ἄρτους
1512 608 1572 662 τὸ
1632 607 1776 680 πρωῒ
1817 610 1911 662 καὶ

330 707 471 776 κρέα
499 704 560 757 τὺ
600 703 798 772 δείλης,
835 704 930 756 καί⁸
957 705 1018 756 ἐκ
1049 701 1141 755 τοῦ
1191 702 1492 772 χειμάρρου
1525 699 1706 753 ἔπινεν
1744 701 1907 774 ὕδωρ.

330 797 442 848 Καὶ
463 795 679 862 ἐγένετο
708 793 823 863 μεθ’
849 791 1080 863 ἡμέρας,
1110 791 1202 844 καὶ
1227 789 1498 860 ἐξηράνθη
1529 791 1557 842 ὁ
1587 789 1907 862 χείμαρρος,

330 887 413 940 ὅτι
437 886 536 939 οὐκ
568 885 782 952 ἐγένετο
812 882 963 945 ὑετὸς
986 881 1078 933 ἐπὶ
1099 881 1200 949 τῆς
1220 881 1343 950 γῆς.
1385 898 1403 931 ι

414 979 475 1033 Ἡ
511 977 682 1045 ψυχὴ
727 974 894 1044 ἡμῶν
925 975 1006 1039 ὡς
1052 974 1372 1040 στρουθίον⁴
1397 973 1654 1040 ἑρῤύσθη
1693 971 1760 1026 ἐκ
1800 973 1911 1041 τῆς

331 1067 582 1137 παγίδος
600 1065 717 1118 τῶν
735 1065 1108 1131 θηρευόντων
1131 1105 1145 1126 ,
1171 1081 1224 1114 κ.
1246 1081 1293 1115 τ.
1319 1064 1361 1115 ι.
1398 1061 1770 1134 Ἐρρύσθημεν
1797 1063 1908 1132 (68)

331 1158 440 1212 τῶν
483 1156 759 1227 θηρευτῶν
792 1155 1061 1225 δαιμόνων
1089 1155 1185 1224 τῆς
1213 1153 1440 1221 παγίδος
1465 1194 1478 1216 ,
1521 1153 1910 1224 συντρίψαντος

332 1248 569 1318 Χριστοῦ
601 1248 691 1300 τὸν
717 1247 980 1309 διάϐολον,
1007 1246 1187 1309 δόντος
1211 1263 1272 1298 τε
1307 1247 1496 1298 πατεῖν
1520 1245 1704 1298 ἐπάνω
1735 1245 1909 1314 ὄφεων

333 1341 428 1393 καὶ
460 1339 754 1409 σκορπίων,
784 1338 878 1391 καὶ
901 1339 1188 1391 ἐπίπᾶσαν
1208 1338 1305 1409 τὴν
1336 1336 1563 1406 δύναμιν
1594 1336 1687 1390 τοῦ
1712 1337 1907 1408 ἐχθροῦ

331 1432 407 1494 ὡς
440 1431 576 1502 πρὸς
609 1432 801 1501 μόνους
829 1430 1000 1500 αὐτὴν
1033 1429 1320 1500 ἰσχύουσαν
1343 1430 1468 1492 τοὺς
1496 1428 1872 1500 ῥᾳθυμοῦντας
1891 1447 1903 1459 ·

331 1522 645 1592 Πνεύματος
671 1522 778 1590 γάρ
801 1539 859 1574 τε
889 1521 1153 1591 ἐλάϐομεν
1180 1522 1358 1591 χάριν,
1382 1521 1474 1573 καὶ
1497 1521 1806 1592 τρεφόμεθα
1833 1519 1910 1591 τῷ

329 1610 426 1664 τοῦ
451 1610 688 1682 Χριστοῦ
711 1610 901 1681 αἵματί
922 1626 982 1662 τε
1009 1609 1103 1662 καὶ
1135 1608 1365 1678 σώματι.

407 1702 517 1757 Τοῦ
539 1701 746 1756 αὑτοῦ.
781 1700 1113 1772 Θηρεύουσιν
1140 1701 1231 1752 ἐπὶ
1254 1698 1362 1769 (69)
1393 1698 1572 1769 ψυχὴν
1612 1697 1819 1751 δικαίου
1851 1699 1907 1751 αἱ

332 1793 703 1864 ἀντικείμεναι
755 1793 1011 1864 δυνάμεις
1038 1835 1052 1856 ,
1100 1787 1178 1845 ὧν
1235 1792 1461 1859 παγίδες
1508 1790 1558 1842 οἱ
1605 1791 1694 1842 ὑπ’
1731 1790 1908 1844 αὐτῶν

331 1884 732 1955 ἐνεργούμενοι,
758 1886 850 1938 καὶ
885 1883 1222 1955 ἐρεθίζοντες
1264 1882 1727 1954 προσκαλούμενοι
1764 1883 1910 1953 ἡμᾶς

330 1977 410 2038 εἰς
437 1975 498 2028 τὸ
538 1977 826 2047 ἁμαρτεῖν,
874 1978 968 2030 καὶ
999 1978 1147 2029 πᾶσα
1178 1975 1276 2046 ῦλη
1324 1975 1418 2028 ἐπὶ
1467 1974 1528 2027 τὸ
1576 1973 1909 2045 ἁμαρτάνειν

331 2068 771 2140 προκαλουμένη.
818 2070 893 2122 Οὐ
935 2069 1122 2122 πίπτει
1173 2069 1229 2122 δὲ
1275 2067 1555 2140 στρουθίον
1594 2069 1674 2130 είς
1709 2065 1910 2136 παγίδα

329 2156 460 2211 ἄνευ
490 2157 585 2211 τοῦ
613 2159 826 2229 Πατρὸς
852 2158 945 2212 τοῦ
985 2161 1042 2213 ἐν
1073 2163 1186 2222 τοῖς
1206 2161 1476 2230 οὐρανοῖς.

413 2249 672 2319 Ήπαγίς
707 2252 1048 2318 συνετρίὸη,
1076 2252 1174 2304 καὶ
1210 2251 1380 2320 ἡμεῖς
1402 2251 1800 2319 ἐρῤύσθημεν,
1851 2266 1904 2302 κ.

329 2355 380 2391 τ.
408 2339 453 2392 ἐ.
505 2339 566 2392 Ἦ
601 2341 699 2411 μὲν
718 2341 928 2394 Παλαιὰ
954 2343 1065 2411 (70)
1091 2341 1332 2412 Διαθήκη
1361 2342 1457 2405 τὰς
1483 2343 1602 2394 κατ’
1629 2341 1909 2411 ἐνέργειαν

332 2430 606 2503 συντρίϐει
665 2432 925 2500 παγίδας,
963 2432 1328 2503 νομοθετοῦσα
1375 2433 1468 2485 τόο
1519 2451 1536 2482 ι
1583 2433 1654 2484 Οὐ
1696 2431 1910 2502 μοιχεύ-

331 2538 446 2586 σεις
467 2537 480 2552 ·
505 2524 575 2593 »ἡ
601 2521 658 2574 δέ
674 2523 846 2594 Καινὴ
873 2524 971 2588 τάς
1003 2523 1145 2577 κατὰ
1161 2523 1396 2577 διάνοιαν
1420 2521 1630 2592 φθείρει
1653 2521 1905 2589 παγίδας,

328 2613 780 2684 παραγγέλλουσα
810 2615 898 2668 1:6-
938 2633 957 2666 ι
989 2616 1104 2668 Οὐκ
1143 2613 1524 2684 ἐπιθυμήσεις.
1563 2633 1581 2664 ι
1624 2611 1771 2683 Πλὴν
1817 2613 1910 2665 ἐπὶ

331 2704 432 2774 μὲν
456 2705 548 2758 τοῦ
587 2705 876 2778 Ἀδιμέλεχ
918 2707 1028 2760 τῶν
1057 2707 1314 2778 Γεραρῶν
1337 2707 1436 2778 τὴν
1472 2707 1591 2759 κατ’
1632 2704 1910 2778 ἐνέργειαν

331 2795 533 2861 παγίδα
576 2795 876 2868 διέφθειρε,
935 2798 1010 2868 μὴ
1060 2799 1419 2869 συγχωρήσας
1475 2797 1572 2866 τῆς
1627 2795 1910 2866 ἀλλοτρίας

328 2884 489 2937 αὑτὸν
534 2884 771 2953 ἅψασθαι
821 2886 1110 2953 γυναικός’
1155 2886 1246 2938 ἐπὶ
1292 2887 1350 2939 δὲ
1408 2884 1604 2955 Ἰωσὴφ
1637 2884 1734 2955 τὴν
1767 2883 1909 2938 κατὰ

326 2976 582 3029 διάνοιαν.
617 2976 692 3027 Ui)
715 2976 822 3047 γὰρ
852 2976 1059 3044 είσάγει
1084 2978 1116 3046 ἡ
1145 2977 1334 3049 Γραφὴ
1368 2975 1782 3046 ἐπιθυμήσαντα
1806 2976 1906 3045 τῆς

325 3067 610 3137 ἀλλοτρίας
641 3067 801 3119 αὑτὸν
823 3068 1098 3134 γυναικός.
1127 3069 1236 3120 Καὶ
1267 3067 1537 3140 μακάριος
1568 3068 1665 3136 μὲν
1699 3058 1759 3119 οὗ
1786 3083 1905 3118 συν·
1930 3099 1973 3157 C

329 3158 514 3230 έπριψε
535 3161 736 3230 Κύριος
764 3159 860 3230 τὴν
889 3162 1009 3212 κατ’
1036 3160 1312 3232 ἐνέργειαν
1358 3159 1580 3228 παγίδα,
1620 3171 1904 3230 μακαριω-

324 3268 482 3322 τερος
512 3251 569 3304 δὲ
596 3245 654 3304 οῦ
670 3251 768 3324 τὴν
790 3252 928 3306 κατὰ
963 3252 1199 3306 διάνοιαν
1216 3251 1419 3320 παγίδα
1440 3249 1762 3322 διέφθειρεν,
1781 3249 1902 3305 οὐδὲ

325 3342 523 3414 εὑρέθη
551 3343 700 3408 δόλος
724 3346 781 3397 ἐν
810 3343 888 3414 τῷ
917 3345 1145 3416 στόματι
1169 3342 1352 3398 αὑτοῦ.

853 3605 1147 3659 ΨΑΛΜΟΣ
1199 3605 1370 3656 ΡΚΔ’.

403 3699 467 3752 Ol
495 3696 843 3762 πεποιθότες
871 3696 968 3749 ἐπὶ
1004 3697 1223 3763 Κύριον
1243 3695 1323 3760 ὠς
1353 3695 1491 3763 ὅρος
1539 3694 1710 3759 Σιὼν,
1761 3712 1816 3748 κ.
1854 3711 1906 3749 τ.

326 3791 374 3844 ἐ.
410 3791 473 3844 Ui
514 3788 936 3860 προσερχόμενοι
984 3787 1096 3858 (71)
1123 3785 1260 3839 Σιὼν
1281 3787 1398 3857 ὄρει
1443 3788 1538 3840 καὶ
1588 3786 1740 3839 πόλει
1773 3786 1908 3839 Θεοῦ

327 3881 548 3946 ζῶντος,
585 3878 937 3952 Ἰερουσαλὴμ
968 3878 1295 3949 ἐπουρανίῳ,
1328 3876 1554 3948 φοροῦσι
1585 3879 1684 3948 τὴν
1726 3878 1908 3930 εἰκόνα

323 3973 419 4025 τοῦ
446 3971 791 4043 ἐπουρανίου.
814 3971 908 4023 καὶ
935 3968 1254 4032 πεποιθότες
1288 3968 1380 4020 ἐπὶ
1423 3967 1626 4038 Κύριον
1664 3969 1904 4036 γίνονται

324 4061 400 4125 ὡς
425 4062 601 4115 ἐκεῖνο
621 4061 682 4112 τὸ
709 4058 846 4112 Σιὼν
879 4059 1020 4128 ὅρος.

403 4153 515 4207 Τοῦ
543 4151 749 4206 αὑτοῦ.
779 4152 840 4204 Et
870 4153 934 4203 ἐκ
953 4149 1046 4202 τοῦ
1079 4149 1188 4220 (72)
1219 4147 1534 4202 πεποιθέναι
1570 4147 1662 4202 ἐπὶ
1696 4146 1899 4219 Κύριον

323 4244 532 4313 γίνεταί
562 4261 644 4307 τις
691 4243 766 4308 ὼς
798 4243 924 4313 ὅρος
970 4240 1128 4307 Σιὼν,
1159 4241 1316 4305 ἄλλος
1358 4241 1424 4294 ἂν
1464 4241 1522 4305 ἐξ
1564 4239 1722 4293 ἄλλου
1757 4241 1895 4304 τινὸς

323 4336 520 4405 γένοιτ’
547 4334 613 4388 ἂν
638 4334 712 4398 ὼς
745 4333 870 4406 ὄρος
896 4332 1118 4404 Χωρὴὸ,
1149 4334 1242 4385 καὶ
1269 4331 1424 4394 ἄλλος
1461 4331 1537 4395 ὡς
1577 4332 1701 4403 ὅρος
1731 4332 1891 4385 Σινά·

323 4427 418 4480 καὶ
447 4428 512 4479 ἐκ
561 4425 668 4477 τῶν
705 4425 962 4477 ἐναντίων
1010 4424 1094 4493 εῐη
1131 4423 1195 4476 ἄν
1223 4440 1304 4485 τις
1335 4421 1410 4485 ὡς
1447 4422 1570 4493 ὅρος
1598 4422 1894 4490 Αἰγύπτου,

321 4519 418 4572 καὶ
449 4518 573 4590 ὅρος
595 4517 932 4580 Βαϐυλῶνος,
957 4515 1051 4568 καὶ
1073 4515 1328 4568 τοιούτων
1360 4515 1467 4569 τῶν
1500 4516 1652 4586 παρὰ
1673 4519 1781 4579 τοῖς
1810 4517 1897 4587 ἐχ-

323 4606 471 4678 θροῖς
497 4606 660 4678 όρῶν.
697 4607 766 4658 Ἥ
803 4604 993 4676 ὥσπερ
1032 4607 1081 4657 oi
1112 4604 1431 4669 πεποιθότες
1455 4606 1546 4658 ἐπὶ
1582 4606 1784 4676 Κύριον
1822 4607 1898 4669 ὡς

320 4699 447 4770 ὅρος
471 4700 578 4750 είσὶ
605 4697 768 4764 Σιὼν,
788 4695 960 4760 οὕτως
994 4697 1043 4750 oi
1084 4695 1457 4765 ὑποδεέστεροι
1495 4696 1570 4761 ὡς
1602 4697 1669 4750 τὰ
1715 4697 1900 4768 κύκλῳ

320 4789 492 4860 αὐτῆς
525 4790 646 4860 ὅρη.

399 4963 536 5029 Ὄρη
576 4961 781 5028 κύκλῳ
818 4958 1040 5028 αὐτῆς,
1082 4961 1179 5016 καὶ
1211 4965 1245 5016 ὁ
1284 4962 1499 5030 Κύριος
1554 4963 1756 5026 κύκλῳ
1794 4962 1898 5016 τοῦ

321 5053 476 5108 ,ἱαοῦ
501 5053 688 5107 αὑτοῦ
711 5093 725 5118 ,
755 5069 808 5106 κ.
844 5070 896 5106 τ.
928 5055 975 5106 ἐ.
1017 5053 1153 5124 Ὀρη
1184 5053 1366 5126 κύκλῳ
1393 5055 1500 5125 (73)
1546 5053 1897 5125 Ἰερουσαλὴμ

196 5206 200 5208 _
297 5147 622 5217 ⁶δυνάμεις,
654 5141 842 5216 οἶμαι,
891 5145 1031 5200 θεῖαί
1085 5149 1211 5200 είσι.
1254 5166 1273 5199 ι
1317 5146 1736 5217 Παρεμὸάλλειι
1789 5145 1899 5218 γὰρ

197 5243 204 5250 “
327 5257 346 5290 ι
382 5238 615 5308 ἄγγελος
667 5237 872 5308 Κυρίου
906 5237 1091 5309 κύκλῳ
1136 5237 1244 5292 τῶν
1300 5239 1653 5310 φοϐουμένων
1701 5237 1894 5291 αὐτόν’

2013 513 2286 570 Jordanis.
2320 515 2384 569 Et
2419 516 2566 569 corvi
2597 515 2841 570 ferebant
2873 519 2921 571 ei
2961 534 3128 587 panes
3174 534 3332 574 tuane
3389 531 3443 573 et
3474 536 3594 573 car-

2014 623 2110 662 nes
2138 609 2368 678 vesperi,
2397 620 2451 663 et
2480 609 2544 662 de
2581 618 2824 664 torrente
2853 610 3072 664 bibebat
3111 627 3328 679 aquam.
3392 611 3461 666 Et
3509 618 3588 664 t’a-

2014 705 2156 752 ctum
2213 708 2298 752 est
2338 708 2460 766 post
2508 700 2644 764 dies,
2690 709 2743 754 et
2782 701 2997 754 exaruit
3041 708 3277 770 torrens,
3321 703 3447 774 quia
3487 721 3592 757 non

2013 789 2190 843 fuerat
2222 789 2404 858 pluvia
2431 805 2593 860 super
2629 800 2829 844 terram
2867 791 2933 846 °'.
2973 809 2993 843 ι

2081 965 2248 1020 Vens.
2290 965 2346 1020 7.
2388 965 2578 1018 Anima
2611 976 2792 1020 nostra
2815 968 2946 1020 sicut
2983 985 3166 1037 passer
3192 983 3370 1041 erepta
3413 983 3490 1029 est
3529 975 3589 1025 de

2011 1058 2196 1128 laqueo
2235 1058 2552 1122 venantium,
2603 1069 2709 1113 etc.
2764 1059 2836 1114 De
2879 1059 3069 1129 laqueo
3109 1075 3428 1119 venatorum
3477 1068 3584 1120 da:-

2013 1164 2229 1201 lltOItllln
2263 1149 2439 1218 erepti
2470 1164 2674 1212 sumus,
2701 1165 2823 1204 cum
2857 1149 3104 1206 Christus
3131 1153 3407 1210 diabolum
3443 1173 3583 1211 con-

2015 1239 2250 1303 triverit,
2282 1249 2341 1292 et
2372 1239 2578 1294 dederit
2609 1240 2869 1294 virtutem
2913 1242 3224 1297 ambulandi
3260 1261 3423 1314 super
3466 1263 3581 1302 ser-

2011 1335 2204 1394 pentes
2235 1335 2289 1381 et
2326 1329 2644 1396 scorpiones
2676 1336 2729 1382 et
2761 1343 2925 1397 super
2953 1344 3170 1384 omnem
3200 1332 3451 1386 virtutem
3483 1335 3585 1388 ini-

2011 1416 2157 1482 mici,
2187 1432 2306 1486 qum
2327 1428 2520 1473 contra
2551 1419 2695 1473 solos
2726 1418 2981 1473 socordes
3005 1421 3261 1487 praavalet
3287 1435 3302 1475 :
3333 1423 3580 1492 Spiritus

2011 1508 2150 1561 enim
2197 1510 2424 1577 gratiam
2473 1510 2809 1577 accepimus,
2851 1507 3170 1580 Christique
3207 1515 3473 1583 sanguine
3520 1531 3584 1572 ac

2011 1613 2234 1666 corpore
2261 1599 2549 1652 nutrimur.

2082 1692 2363 1762 Ejusdem.
2403 1692 2648 1747 Virtutes
2676 1691 3004 1748 adversaria:
3040 1705 3308 1751 venantur
3343 1699 3580 1755 animam

2009 1782 2160 1850 juSti,
2196 1798 2429 1852 quarum
2455 1782 2634 1851 laquei
2660 1790 2788 1837 sunt
2817 1785 2871 1839 bi
2895 1801 3030 1854 quos
3066 1788 3338 1856 obsident,
3381 1793 3584 1860 quique

2013 1873 2268 1940 instigant
2318 1882 2374 1928 et
2428 1883 2726 1942 provocant
2777 1891 2873 1930 nos
2924 1876 2988 1929 ad
3044 1879 3374 1945 peccandum
3405 1895 3419 1945 ;
3450 1881 3578 1939 item

2009 1964 2188 2018 omnis
2223 1965 2450 2017 materia
2479 1980 2602 2032 qua:
2626 1964 2694 2018 ad
2720 1967 3051 2034 peccandum
3080 1966 3265 2021 allicit.
3291 1967 3406 2023 Non
3435 1972 3581 2025 cadit

2009 2064 2188 2108 autem
2220 2054 2564 2124 passerculus
2621 2055 2676 2109 in
2726 2054 2981 2124 laqueum
3027 2056 3146 2112 sine
3175 2057 3338 2116 Patre
3384 2063 3478 2133 qui
3522 2063 3576 2118 in

2008 2145 2163 2200 caelis
2191 2155 2294 2200 est.

2079 2235 2207 2290 lem.
2253 2235 2492 2307 Laqueus
2540 2236 2795 2290 contritus
2843 2248 2958 2304 est,
3007 2250 3056 2294 et
3102 2257 3195 2296 nos
3242 2242 3451 2297 liberati
3490 2262 3583 2299 su-

2007 2345 2145 2396 mus,
2177 2339 2280 2384 etc.
2316 2331 2479 2384 Vetus
2519 2327 2925 2385 Testamentum
2963 2331 3182 2401 laqueos
3225 2336 3313 2404 qui
3351 2337 3416 2390 ad
3446 2351 3584 2407 opus

2007 2432 2278 2488 spectant,
2303 2420 2534 2475 conterit
2557 2423 2657 2476 bac
2680 2423 2798 2492 lege
2829 2445 2840 2478 :
2871 2441 2890 2475 ι
2919 2421 3038 2477 Non
3067 2427 3428 2482 mmcbaberis
3455 2428 3531 2493 ⁹⁶;
3555 2447 3577 2481 s

2007 2508 2214 2565 Novum
2239 2526 2369 2566 vero
2402 2515 2626 2581 laqueos
2648 2513 2715 2564 ad
2747 2522 2982 2568 mentem
3015 2525 3326 2584 spectantes
3345 2520 3582 2571 conterit

2009 2603 2112 2658 ista
2140 2620 2154 2657 :
2188 2621 2208 2654 ι
2246 2601 2363 2657 Non
2399 2604 2756 2670 concupisces
2787 2604 2856 2657 ⁸⁷.
2891 2623 2910 2656 ι
2955 2603 3344 2659 Verumtamen
3376 2605 3426 2658 in
3457 2606 3584 2663 Abi-

2008 2694 2218 2748 melech
2269 2709 2397 2764 rege
2430 2694 2695 2749 Gerarum
2749 2695 2997 2764 laqueum
3041 2696 3105 2750 ad
3147 2712 3282 2766 Opus
3325 2709 3582 2767 spectan-

2009 2793 2116 2840 tem
2148 2786 2427 2852 contrivit,
2455 2786 2675 2854 quando
2715 2802 2822 2840 non
2859 2788 3108 2856 permisit
3139 2788 3311 2856 ipsum
3339 2790 3575 2844 alienant

2006 2893 2231 2932 uxorem
2271 2888 2537 2948 tangere;
2574 2879 2624 2932 in
2662 2878 2864 2947 Josepb
2898 2893 3032 2933 vero
3071 2879 3325 2948 laqueum
3375 2881 3464 2947 qui
3507 2881 3576 2934 ad

2007 2977 2241 3022 mentem
2272 2969 2576 3039 spectabat,
2611 2969 2864 3039 dis-rupit.
2903 2969 3016 3023 Non
3055 2972 3200 3023 enim
3234 2986 3262 3023 a
3291 2970 3576 3040 Scriptura

2007 3058 2242 3113 refertur
2274 3060 2507 3115 alienam
2554 3062 2932 3128 concupivisse
2963 3073 3211 3115 uxorem.
3261 3061 3341 3116 Ac
3384 3063 3578 3116 beatus

2011 3150 2228 3219 quidem
2261 3161 2345 3205 est
2368 3153 2520 3221 cujus
2556 3163 2890 3220 spectantem
2922 3153 2988 3205 ad
3016 3168 3153 3220 opus
3182 3151 3432 3222 laqueum
3465 3151 3577 3205 Do-

2011 3239 2190 3292 minus
2219 3241 2499 3304 contrivit,
2535 3241 2747 3295 beatior
2778 3256 2927 3304 vero,
2953 3240 3106 3308 cujus
3139 3249 3472 3309 spectantem
3509 3239 3576 3292 ad

2009 3331 2396 3396 cogitationem
2424 3330 2674 3400 laqueum
2715 3333 2786 3387 ita
2814 3331 3067 3398 disrupit,
3106 3337 3289 3382 utnon
3326 3329 3580 3382 inventus

2005 3421 2078 3476 sit
2108 3420 2261 3476 dolus
2297 3423 2349 3476 in
2387 3436 2482 3478 ore
2511 3422 2647 3492 ejus.

2373 3600 2541 3672 824
2586 3598 2904 3654 PSALMUS
2961 3599 3196 3655 CXXIV.

2081 3693 2246 3749 Vens.
2289 3695 2341 3748 1.
2387 3695 2490 3761 Qui
2529 3692 2804 3760 conﬁdunt
2857 3692 2910 3743 in
2957 3690 3181 3745 Domino
3235 3693 3369 3745 sicut
3428 3708 3576 3753 mons

2007 3785 2163 3852 Sion,
2201 3796 2304 3841 etc.
2339 3785 2445 3853 Qui
2477 3785 2744 3840 accedunt
2771 3784 2837 3838 ad
2866 3784 2997 3840 Sion
3030 3793 3267 3839 montem
3303 3794 3358 3838 et
3385 3784 3580 3838 civita-

2006 3891 2111 3934 tem
2161 3879 2253 3933 Dei
2303 3879 2557 3943 viventis,
2608 3875 2907 3932 Jerusalem
2965 3877 3268 3940 cwlestetn,
3314 3877 3350 3930 ii
3396 3876 3578 3931 feriunt

2007 3969 2295 4038 imaginem
2324 3967 2585 4034 celestis,
2616 3977 2670 4022 et
2699 3967 3038 4023 conﬁdentes
3076 3967 3131 4022 itt
3165 3966 3397 4022 Domino
3442 3968 3579 4023 ﬁunt

2006 4059 2146 4116 sicut
2180 4061 2271 4115 ille
2299 4075 2454 4115 mons
2502 4060 2659 4115 Sion.

2073 4151 2348 4220 Eiusdem.
2401 4152 2459 4208 Si
2513 4167 2578 4207 ex
2637 4149 2830 4206 ﬁducia
2879 4151 2932 4206 in
2985 4152 3150 4206 Deum
3194 4149 3253 4204 ﬁt
3303 4150 3571 4220 quispiam

2009 4253 2265 4314 tanquam
2308 4260 2466 4300 mons
2505 4245 2661 4308 Sion,
2699 4243 2840 4300 alius
2886 4243 3072 4314 utique
3102 4259 3167 4298 ex
3200 4243 3303 4297 alia
3335 4259 3390 4296 re
3438 4258 3575 4310 qua-

2004 4335 2145 4401 piam
2174 4333 2266 4388 tiet
2295 4334 2436 4388 sicut
2461 4349 2614 4388 mons
2633 4333 2871 4399 (Iboreb,
2905 4334 3031 4388 item
3072 4333 3218 4388 alius
3244 4333 3383 4387 sicut
3417 4347 3572 4386 mons

2005 4424 2131 4478 Sina
2184 4442 2198 4490 ;
2255 4434 2308 4480 et
2358 4440 2389 4480 e
2443 4426 2661 4479 diverso
2709 4425 2802 4480 ﬁet
2850 4425 3050 4493 aliquis
3102 4434 3357 4494 tanquam
3413 4439 3573 4480 mOns

2004 4517 2247 4589 Egypti,
2282 4527 2335 4572 et
2362 4519 2505 4573 sicut
2534 4533 2690 4573 mons
2717 4516 3030 4588 Babylonis,
3059 4527 3114 4570 et
3147 4517 3316 4569 instar
3339 4515 3569 4570 aliorutn

2004 4610 2096 4676 qui
2137 4611 2276 4678 apud
2318 4610 2505 4664 hostes
2533 4617 2679 4673 sunt,
2710 4607 2996 4661 montium.
3032 4607 3126 4660 Vel
3158 4609 3298 4659 sicut
3321 4607 3410 4674 qui
3441 4623 3573 4660 con-

2003 4700 2175 4753 ﬂdunt
2209 4699 2260 4752 in
2298 4700 2547 4763 Domino,
2594 4697 2738 4752 velut
2787 4711 2944 4750 mons
2993 4695 3123 4749 Sion
3169 4706 3318 4757 sunt,
3369 4696 3438 4749 ita
3488 4697 3572 4751 bis

2001 4789 2290 4846 inferiores
2328 4800 2491 4846 erunt
2519 4793 2658 4846 sicut
2690 4801 2906 4848 montes
2940 4791 3030 4861 qui
3065 4798 3194 4844 sunt
3241 4789 3294 4842 in
3339 4788 3582 4842 circuitu.

1999 4880 2137 4948 ejus.
2632 4935 2635 4938 .

2076 4971 2238 5026 Vsus.
2279 4971 2336 5026 2.
2377 4971 2581 5027 Montes
2612 4975 2668 5028 in
2714 4973 2938 5027 circuitu
2967 4971 3099 5042 ejus,
3129 4979 3178 5024 et
3223 4969 3482 5023 Dominus
3513 4968 3583 5020 in:

2002 5065 2230 5117 circuitu
2263 5065 2444 5132 pepuli
2484 5066 2590 5131 sui,
2634 5074 2742 5120 etc.
2774 5064 2987 5120 Montes
3038 5065 3089 5116 in
3130 5062 3362 5114 circuitu
3408 5058 3568 5113 Jeru-

2004 5152 2170 5207 salem
2204 5154 2444 5208 arbitror
2473 5168 2594 5210 esse
2619 5155 2831 5208 divinas
2859 5154 3107 5207 virtutes.
3139 5148 3272 5203 Nam
3309 5167 3328 5200 ι
3359 5157 3569 5202 castra-

2006 5254 2242 5298 tuetatur
2302 5244 2529 5314 angelus
2588 5244 2800 5300 Domini
2867 5245 2918 5297 iu
2981 5243 3212 5297 circuitu
3263 5238 3574 5294 timentium

383 5385 433 5418 η
467 5375 533 5430 lll
557 5375 689 5442 Reg.
715 5390 849 5440 xvu,
876 5375 912 5428 εὶ
937 5384 991 5429 et
1014 5389 1170 5445 seqq.
1244 5375 1290 5409 "
1321 5375 1494 5432 Exod.
1526 5391 1617 5442 xx,
1651 5376 1734 5430 14.
1810 5376 1854 5408 ⁸⁷
1882 5376 2038 5433 Rom.
2070 5393 2196 5442 xui,
2223 5377 2277 5432 9.

395 5497 505 5566 (68)
530 5496 950 5564 Ἐρῤὐσθημεν,
1009 5503 1114 5550 etc.
1173 5494 1397 5566 Scbedae
1449 5495 1668 5566 Grabij;
1722 5495 1897 5550 simile

327 5565 506 5622 autem
530 5567 806 5634 quidpiam
832 5579 1098 5634 anonymo
1135 5566 1322 5619 tribuit
1356 5565 1560 5619 Catena
1593 5565 1859 5622 Cordcrii.

396 5637 508 5706 (69)
541 5637 913 5706 Grypeuovmr
931 5635 1051 5706 esti,
1081 5645 1188 5690 etc.
1203 5636 1421 5706 "Catena
1448 5634 1713 5706 Curderii.

396 5703 509 5768 (ἷο)
557 5706 612 5761 Ἠ
637 5703 746 5768 μὲν
769 5703 1018 5767 Παλαιὰ,
1047 5717 1155 5760 etc.
1193 5705 1419 5760 Sciit-aia:
1450 5705 1656 5758 Grabii.

2069 5495 2183 5567 (Ἠ)
2217 5499 2280 5549 Οἱ
2310 5497 2797 5565 προσερχόμενοι,
2829 5503 2934 5548 etc.
2964 5492 3167 5548 Catena
3195 5487 3462 5546 Gorderii.

2068 5587 2181 5656 (7‘2)
2204 5589 2273 5641 Εἰ
2303 5588 2372 5640 ἐκ
2399 5585 2522 5647 τοῦ,
2553 5598 2660 5639 etc.
2692 5584 2912 5637 Eadem.

2072 5679 2181 5741 (77))
2219 5679 2361 5747 Ὀρη
2395 5679 2616 5740 κύκλῳ,
2655 5687 2759 5730 etc.
2785 5675 3005 5730 Eadem.
