4106 6414
535 410 605 466 ῒϐ
617 408 675 466 i7

1952 410 2043 465 EX
2082 410 2394 467 ORIGENE

3671 414 3817 468 16H}

535 545 724 588 eorum
760 544 882 600 qum
909 536 1094 585 contra
1129 528 1219 584 Dei
1254 527 1543 583 scientiam
1594 528 1934 584 extolluntur
1967 568 1984 594 ,
2025 538 2099 583 est

2213 528 2303 581 λία
2340 527 2413 598 (5)
2456 526 2561 581 τῶν
2596 526 2735 580 κατὰ
2783 526 2878 598 τῆς
2912 527 3164 595 γνώσεως
3200 525 3294 580 ⁴τοῦ
3328 526 3463 580 Θεοῦ
3510 528 3814 599 ὲπαιρομέυ

535 625 725 678 fenum
758 631 1049 685 tectorum,
1073 620 1217 691 quod
1253 618 1571 688 priusquam
1617 620 1888 673 evellatur
1922 633 2114 673 exare-

537 716 664 778 scit,
696 728 871 783 neque
896 727 1091 767 manus
1118 711 1274 766 bonis
1312 712 1576 779 operibus
1607 725 1780 780 neque
1815 711 1993 765 sinum
2024 724 2115 764 co-

534 806 778 874 gnitione
807 804 981 876 replet
1006 821 1019 858 :
1055 805 1122 859 de
1149 819 1252 873 qua
1285 820 1390 858 non
1411 803 1602 860 dicunt
1629 804 1681 858 hi
1712 805 1801 874 qui
1834 815 2115 875 pertrans-

533 906 665 952 eunt
708 897 851 951 sicut
871 896 917 951 is
950 895 1042 964 qui
1076 895 1214 950 dixit
1247 896 1289 927 "
1318 911 1331 948 :
1363 913 1381 947 ι
1420 896 1700 950 Accedens
1726 895 1922 950 videbo
1950 895 2113 949 visio-

532 1004 660 1045 nem
689 989 832 1044 hanc
859 1001 1133 1059 magnam.
1187 1006 1209 1039 ο

1026 1263 1347 1320 ιτεΑωιυε
1392 1263 1629 1318 CXXIX.

599 1359 766 1417 Vens.
800 1362 850 1414 1.
893 1359 967 1414 De
1011 1358 1291 1428 profundis
1324 1356 1551 1411 clamavi
1598 1357 1667 1408 ad
1713 1366 1782 1422 te,
1846 1357 2105 1424 Domine,

524 1466 632 1511 etc.
669 1454 786 1510 Non
812 1469 876 1506 ex
898 1451 1209 1521 superﬁcie,
1235 1450 1329 1504 sed
1361 1452 1424 1505 de
1452 1448 1737 1518 profundis
1765 1448 1878 1504 suis
1905 1449 2108 1504 clama-

527 1551 603 1603 vit
631 1548 700 1602 ad
734 1546 1037 1601 Dominum.
1077 1542 1209 1597 Illud
1244 1551 1421 1595 autem
1456 1560 1474 1593 ‹
1510 1540 1741 1596 clamavi
1778 1540 1895 1607 tibi,
1929 1560 1948 1592 ι
1983 1556 2104 1595 cum

524 1640 671 1695 aliud
705 1638 778 1693 sit
811 1651 972 1707 quam
1010 1652 1029 1686 ι
1058 1633 1289 1688 clamavi
1325 1630 1391 1684 ad
1426 1640 1501 1696 te,
1534 1649 1551 1683 ι
1581 1640 1760 1697 potest
1789 1631 2104 1700 signiﬁcare

524 1730 782 1802 quoniam
808 1726 1091 1796 magniﬁce
1112 1732 1166 1779 et
1190 1737 1384 1794 magna
1400 1737 1551 1787 voce,
1584 1723 1637 1777 id
1668 1731 1750 1777 est
1782 1719 2104 1791 spiritaliter

2221 637 2329 674 νων
2375 618 2683 688 ὑψωμάτων
2716 619 2905 689 χόρτος
2943 618 3060 671 ὲστὶ
3089 618 3373 689 δωμάτων,
3416 617 3815 689 ξηραινόμενος

2222 710 2329 780 πρὸ
2364 707 2457 763 τοῦ
2484 710 2859 781 ἐκσπασθῆναι
2880 726 2893 739 ο
2934 711 3070 781 μήτε
3105 710 3330 781 πλήρεις
3365 709 3534 763 ποιῶν
3571 710 3675 772 τὰς
3704 712 3813 779 χεῖ-

2222 818 2323 873 ρας
2361 804 2421 855 ὲν
2447 800 2709 874 πράξεσιν
2738 803 2990 873 ἀγαθαῖς,
3026 802 3162 873 μήτε
3197 801 3288 854 τὸν
3329 800 3528 854 κόλπον
3563 801 3623 853 ὲν
3666 801 3813 869 γνὼ-

2220 909 2338 946 σειο
2392 896 2519 966 περὶ
2561 889 2629 967 ἦς
2666 895 2728 948 οὔ
2773 896 2934 964 φασὶν
2983 896 3031 947 οἱ
3092 892 3431 964 παράγοντες
3475 892 3679 962 ὁμοίως
3731 894 3813 964 τῷ

2218 986 2460 1039 εἰπόντι·
2520 1008 2537 1040 ι
2576 987 2866 1059 Παρελθὼν
2937 986 3135 1057 ὂψομαι
3190 985 3253 1039 τὺ
3304 986 3489 1057 ὅραμα
3544 984 3607 1038 τὸ
3662 985 3809 1055 μέγα

2218 1078 2394 1132 τοῦτο.
2423 1098 2441 1130 ι

2758 1262 3050 1317 ΨΑΛΜΟΣ
3088 1262 3259 1315 PKG’.

2293 1359 2390 1412 Ἐκ
2413 1356 2650 1422 βαθέων
2687 1355 2981 1423 ἐκέκραξά
3028 1373 3157 1418 σοι,
3205 1356 3398 1423 Κύριε,
3440 1370 3494 1408 κ.
3522 1372 3572 1408 τ.
3601 1354 3649 1408 ἑ.
3687 1353 3807 1407 Οὐκ

2208 1451 2268 1516 ἐξ
2300 1449 2566 1520 ἐπιπολῆς
2605 1448 2714 1520 (εί),
2763 1446 2875 1501 ἀλλ’
2914 1451 2977 1500 ὲκ
3009 1446 3116 1499 τῶν
3149 1449 3204 1499 ὲν
3239 1445 3415 1516 ἑαυτῷ
3462 1444 3674 1516 βαθέων
3709 1448 3805 1500 κέ-

2208 1560 2385 1615 κραγε
2422 1539 2555 1614 πρὸς
2604 1540 2827 1611 Κύριον.
2857 1537 2930 1590 Τὸ
2972 1538 3027 1590 δὲ
3066 1558 3082 1588 ι
3113 1537 3387 1609 ὲκέκραξά
3426 1554 3529 1600 σοι,
3553 1556 3571 1587 ι
3607 1537 3804 1608 ἕτερον

2208 1635 2475 1704 τυγχάνον
2526 1631 2616 1684 τοῦ
2672 1650 2688 1682 ι
2720 1630 2990 1702 ἐκέκραξα
3044 1629 3178 1699 πρὸς
3225 1628 3312 1694 σὲ,
3355 1648 3372 1680 ι
3427 1626 3650 1681 δύναται
3700 1644 3808 1697 σηι-

2211 1727 2446 1798 μαίνειν,
2492 1724 2573 1776 ὅτι
2616 1722 2863 1792 μεγάλως
2918 1722 3012 1773 καί
3073 1717 3281 1791 μεγάλῃ
3337 1723 3487 1789 φωνῇ
3546 1717 3799 1789 (νοητῶς

524 1836 741 1892 magna,
783 1821 851 1873 de
881 1818 991 1873 Deo
1014 1817 1181 1872 verba
1226 1816 1371 1881 feci;
1404 1814 1672 1885 siquidem
1706 1816 1985 1885 improbus
2026 1817 2099 1869 la-

2204 1818 2267 1891 δὴ
2314 1816 2527 1889 μεγάλῃ
2578 1815 2596 1887 )
2654 1812 3000 1885 ἐθεολόγησα.
3042 1813 3099 1866 'O
3133 1812 3232 1882 μὲν
3268 1808 3362 1865 οῦν
3428 1810 3629 1880 φαῦλος
3680 1815 3801 1874 τοῖς

521 1914 628 1970 hiis
673 1914 907 1967 honorat
966 1909 1253 1964 Dominum
1280 1948 1297 1974 ,
1332 1923 1453 1962 cum
1490 1908 1558 1961 ab
1598 1906 1717 1977 ipso
1768 1905 1927 1977 longe
1961 1906 2103 1961 absit

523 2006 723 2069 corde;
772 2003 969 2058 beatus
1031 2016 1207 2065 vero,
1270 2014 1335 2056 eo
1408 2000 1549 2068 quod
1627 1996 1856 2062 spiritus
1905 1996 2103 2051 clamet

506 2102 572 2178 lin
635 2097 803 2153 corde
843 2092 999 2161 ejus,
1053 2094 1120 2148 de
1173 2089 1461 2161 profundis
1496 2090 1759 2145 clamavit
1796 2088 1863 2142 ad
1921 2088 2103 2142 Domi-

520 2208 671 2245 num.

570 2280 758 2352 .829
791 2278 1066 2349 Ejusdem.
1114 2274 1216 2342 Qui
1257 2271 1522 2344 profunda
1580 2272 1672 2327 Dei
1720 2276 2018 2335 scrutatur,
2052 2267 2097 2323 is

518 2376 584 2429 de
616 2370 903 2441 profundis
928 2369 1127 2423 clamat
1160 2367 1226 2420 ad
1266 2364 1573 2420 Dominum.

589 2462 759 2518 Vens.
788 2461 846 2515 2.
876 2459 1036 2514 Fiant
1078 2474 1233 2513 aures
1268 2466 1375 2509 tum
1410 2454 1758 2519 intendentes,
1784 2462 1891 2510 etc.
1925 2452 2101 2508 Aures

520 2555 731 2613 Domini
752 2562 915 2611 vocat
938 2551 1048 2608 vim
1078 2550 1223 2607 illam
1248 2563 1355 2621 qua
1383 2562 1574 2618 preces
1601 2544 1843 2602 exaudit.

586 2736 753 2792 Vens.
784 2736 837 2791 3.
877 2734 937 2789 Si
974 2732 1275 2803 iniquitates
1302 2729 1673 2794 observaveris,
1703 2724 1950 2791 Domine,
1996 2726 2098 2780 Do-

517 2834 678 2899 mine,
708 2831 826 2901 quis
854 2825 1173 2880 sustinebit!
1206 2833 1311 2878 etc.
1351 2821 1410 2878 Si
1443 2837 1561 2891 quae
1607 2819 1938 2892 cogitatione
1966 2820 2098 2873 ﬁunt

498 2935 763 2997 peccata,
791 2934 1020 2993 quaeque
1060 2928 1297 2973 mentem
1332 2917 1601 2986 impuram
1639 2915 1896 2979 reddunt,
1932 2927 1994 2967 ea
2022 2914 2097 2985 ip-

500 3032 634 3073 sam
682 3031 712 3069 s
754 3011 1064 3082 cognitione
1111 3007 1203 3063 Dei
1244 3006 1538 3067 abducunt,
1588 3003 1769 3059 nullus
1812 3002 2091 3057 hominum

515 3108 824 3181 cognitione
853 3104 946 3159 Dei
984 3102 1178 3173 dignus
1224 3098 1350 3153 erit.
1385 3114 1404 3148 ι
1432 3097 1566 3164 Quis
1590 3097 1735 3151 enim
1774 3094 2093 3166 gloriabitur

2204 1909 2407 1981 χείλεσι
2451 1907 2589 1976 τιμᾷ
2629 1904 2853 1975 Κύριον,
2885 1906 3070 1976 πόρρω
3114 1904 3332 1973 ἀπέχων
3368 1904 3462 1956 ἀπ’
3508 1902 3676 1955 αὑτοῦ
3724 1904 3796 1973 τῇ

2203 1999 2434 2072 καρδίᾳ·
2476 1999 2504 2051 ὁ
2547 1997 2603 2051 δὲ
2640 1996 2940 2067 μακάριος,
2970 1994 3047 2064 τῷ
3090 1995 3150 2048 τὸ
3197 1993 3413 2065 πνεῦμα
3456 1992 3681 2065 κράζειν
3737 1995 3800 2047 ὲν

2203 2097 2267 2165 τῇ
2326 2091 2521 2165 καρδίᾳ
2574 2091 2769 2154 αὑτοῦ,
2818 2092 2882 2143 ἐκ
2928 2088 3134 2159 βαθέων
3182 2087 3453 2159 ὲκέκραγε
3511 2086 3647 2158 πρὸς
3699 2085 3798 2139 τὸν

2202 2184 2424 2256 Κῦριον.

2277 2276 2393 2330 Τοῦ
2423 2272 2632 2329 αὑτοῦ.
2676 2273 2735 2325 '0
2769 2272 2836 2325 τά
2868 2271 3004 2343 βάθη
3035 2271 3108 2341 (5)
3131 2269 3367 2341 ἐρευνῶν
3392 2269 3485 2322 τοῦ
3511 2268 3671 2337 Θεοῦ,
3703 2262 3797 2322 οὗ-

2202 2386 2294 2433 τος
2329 2370 2393 2420 ὲκ
2428 2366 2641 2438 βαθέων
2673 2364 2865 2436 κράζει
2900 2364 3035 2435 πρὸς
3062 2362 3284 2432 Κύριον.

2270 2458 2591 2528 Γενηθήτω
2620 2458 2691 2511 τὰ
2720 2452 2839 2513 ὦτά
2868 2471 2983 2509 σου
3017 2453 3392 2522 προσέχοντα
3412 2493 3424 2515 ,
3460 2470 3513 2506 κ.
3550 2470 3599 2505 τ.
3632 2453 3680 2507 ἐ.
3711 2452 3799 2508 Τὰ

2200 2547 2318 2607 ῶτα
2353 2550 2427 2622 (6)
2461 2550 2668 2623 Κυρίου
2704 2548 2858 2604 καλεῖ
2888 2548 2987 2621 τὴν
3029 2543 3433 2618 ὲπακουστικὴν
3477 2545 3654 2618 εὐχῶν
3700 2546 3797 2601 δύ-

2202 2661 2365 2716 ναμιν
2398 2640 2584 2696 αὐτοῦ.

2287 2735 2428 2789 Ἐὰν
2454 2735 2705 2803 ἀνομίας
2737 2727 3183 2799 παρατηρήσῃς,
3226 2728 3423 2796 Κύριε,
3466 2727 3671 2798 Κύριε,
3700 2729 3797 2793 τίς

2202 2827 2633 2893 ὑποστήσεται,
2686 2843 2738 2878 κ.
2794 2842 2842 2876 τ.
2892 2824 2936 2876 ἐ.
2982 2822 3104 2876 Ἐὰν
3160 2822 3215 2875 αἱ
3263 2819 3404 2873 κατά
3439 2817 3517 2889 (7)
3550 2820 3794 2873 διάνοιαν

2205 2918 2492 2993 ἁμαρτίαι,
2544 2916 2631 2969 τὸν
2685 2914 2807 2968 νοῦν
2861 2912 3165 2981 ἀκάθαρτον
3216 2910 3484 2975 ποιοῦσαι,
3540 2907 3641 2978 τῆς
3692 2909 3793 2963 tu";

2206 3011 2341 3067 Θεοῦ
2384 3008 2636 3080 γνώσεως
2684 3007 2844 3059 αὑτὸν
2899 3003 3215 3073 ἀφιστῶσιν,
3259 3000 3431 3064 οὐδεὶς
3482 3000 3793 3072 ἀνθρώπων

2207 3099 2675 3172 καταξιωθήσεται
2722 3093 2991 3165 γνώσεως.
3046 3111 3063 3142 ‹
3131 3091 3227 3155 Τίς
3277 3091 3384 3161 γὰρ
3454 3091 3792 3162 καυχήσεται

515 3220 577 3260 se
607 3200 865 3257 mundum
908 3195 1111 3252 habere
1146 3207 1242 3248 cor
1270 3192 1351 3245 "‘1
1376 3212 1395 3245 ι
1424 3191 1533 3245 Aut
1564 3190 1689 3259 quis
1722 3188 1890 3243 libere
1922 3202 1980 3243 se
2011 3188 2093 3242 di-

2204 3198 2366 3269 ἁγνὴν
2400 3194 2544 3266 ἔχειν
2570 3192 2830 3264 καρδίαν;
2867 3210 2886 3247 ι
2916 3190 2987 3242 Ἣ
3022 3188 3103 3251 τίς
3143 3186 3579 3258 παρῤησιάσεται
3614 3184 3792 3237 καθα-

516 3305 602 3353 cet
659 3293 918 3350 mundum
978 3303 1008 3343 a
1069 3284 1339 3355 peccatis?
1424 3277 1537 3335 «Et
1589 3295 1751 3337 nemo
1832 3278 2095 3348 inquit",

519 3380 759 3439 mundus
806 3395 853 3434 'a
917 3381 1112 3453 sorde,
1170 3391 1269 3431 nec
1309 3375 1355 3431 si
1396 3373 1565 3428 fuerit
1614 3372 1776 3427 unius
1804 3372 1951 3427 hora:
1985 3371 2093 3425 vita

515 3483 654 3549 ejus.
689 3495 708 3527 ι

580 3568 751 3624 νειε.
779 3565 832 3619 4.
867 3562 1008 3631 Quia
1050 3560 1195 3629 apud
1241 3569 1291 3612 te
1327 3556 1638 3626 propitiatio
1675 3564 1774 3619 est,
1798 3562 1904 3609 etc.
1942 3552 2095 3621 Apud

518 3659 808 3716 Dominum
835 3651 1150 3725 propitiatio
1174 3650 1495 3705 delictorum
1527 3656 1607 3701 est
1636 3644 1910 3700 Christus.
1935 3661 1953 3694 ι
1982 3641 2098 3712 Ipse

512 3755 666 3807 cnim
697 3759 781 3804 est
813 3746 1126 3817 propitiatio
1152 3756 1249 3812 pro
1276 3740 1516 3811 peccatis
1549 3738 1825 3793 nostris“.
1857 3755 1875 3789 ›

590 3843 722 3898 lato.
759 3839 983 3908 PrOpter
1027 3851 1215 3890 nomen
1261 3846 1414 3887 tuum
1451 3830 1684 3886 sustinui
1732 3842 1800 3895 te,
1851 3827 2094 3895 Domine,

516 3947 625 3994 etc.
651 3934 960 3989 Tolerantia
997 3946 1116 4001 quze
1137 3940 1359 4001 propter
1388 3942 1583 3983 nomen
1623 3925 1833 3982 Domini
1854 3923 1932 3989 iis,
1962 3937 2095 3993 prae-

519 4027 751 4083 stautior
775 4035 856 4080 est
884 4037 1049 4092 quam
1081 4036 1202 4091 qua
1226 4021 1285 4076 lit
1322 4018 1427 4072 alia
1455 4031 1779 4087 quacunque
1810 4030 1874 4070 ex
1907 4028 2091 4069 causa.

519 4120 584 4175 Et
612 4118 792 4173 anima
821 4130 944 4186 quae
972 4112 1039 4167 ad
1077 4113 1299 4169 verbum
1340 4109 1555 4166 Domini
1584 4115 1812 4177 spectat,
1848 4102 2093 4159 laudabi-

517 4212 642 4267 liter
668 4210 920 4265 sustinet.

588 4300 756 4359 \‘ERS.
799 4300 918 4355 4-5.
967 4298 1236 4356 Sustinuit
1272 4298 1451 4352 anima
1485 4310 1600 4347 mea
1650 4293 1706 4346 in
1741 4291 1892 4345 verba
1935 4288 2049 4357 ejus
2074 4306 2092 4343 :

514 4396 743 4469 speravit
783 4393 963 4449 anima
985 4408 1100 4446 mea
1134 4392 1192 4444 in
1222 4388 1471 4454 Domino,
1494 4397 1601 4443 etc.
1635 4383 1773 4456 Spes
1797 4380 1929 4438 oriri
1958 4378 2097 4436 solet

515 4503 547 4540 e
580 4484 922 4557 probatione,
947 4481 1201 4553 probatio
1230 4495 1295 4537 ex
1323 4478 1608 4552 patientia,
1648 4472 1909 4547 patientia
1933 4485 1965 4527 e
1993 4469 2093 4524 tri-

2202 3291 2293 3363 ρὸς
2327 3284 2466 3342 εἶναι
2494 3285 2602 3340 ἀπὸ
2633 3281 2942 3356 ἁμαρτιῶν;
2975 3300 2993 3331 ί
3064 3274 3174 3329 Καὶ
3224 3274 3401 3339 οὐδεὶς
3425 3315 3440 3338 ,
3480 3274 3647 3343 φησὶ,
3689 3291 3792 3327 κα-

2198 3360 2361 3452 θαρὸς
2390 3377 2497 3433 ἀπὸ
2521 3375 2715 3447 ῥύπου,
2744 3372 2851 3426 οὐδ’
2880 3371 2945 3425 ἂν
2975 3371 3032 3421 ὲν
3065 3368 3162 3440 μιᾷ
3193 3365 3311 3438 ῶρᾳ
3338 3367 3371 3437 ἡ
3402 3364 3514 3436 ζωὴ
3538 3360 3727 3417 αὐτοῦ.
3763 3381 3784 3413 s

2270 3560 2390 3611 Ὅτι
2423 3553 2581 3623 παρὰ
2612 3552 2710 3607 σοὶ
2732 3553 2764 3605 ὀ
2794 3549 3048 3619 ἱλασμός
3079 3547 3229 3612 ἐστι,
3265 3561 3318 3598 κ.
3357 3560 3409 3598 τ.
3445 3543 3492 3598 ἑ.
3530 3541 3589 3593 Ὀ
3634 3542 3791 3613 παρὰ

2195 3650 2274 3723 τῷ
2302 3649 2494 3720 Κυρίῳ
2526 3646 2601 3718 (8)
2634 3642 2856 3715 ίλασμδς
2884 3640 2989 3694 τῶν
3018 3638 3256 3709 ἀνομιῶν
3288 3638 3315 3688 ὁ
3337 3634 3571 3707 Χριστός
3598 3634 3747 3686 ἐστιν
3768 3646 3788 3663 ⁸

2205 3764 2221 3795 ι
2247 3741 2419 3804 Αὐτὸς
2442 3738 2550 3811 γὰρ
2575 3735 2797 3806 ἱλασμός
2824 3736 2936 3787 ἐστι
2963 3732 3091 3803 περ)⁸
3113 3729 3219 3783 τῶν
3246 3725 3529 3797 ἁμαρτιῶν
3553 3723 3731 3811 ἡμῶν.
3761 3742 3783 3775 s

2271 3807 2530 3884 Ἕνεκεν⁷
2549 3824 2656 3880 τοῦ
2683 3822 2971 3892 ὀνόματός
2993 3834 3108 3872 σου
3137 3811 3427 3884 ὑπέμεινὰ
3464 3826 3558 3872 σε,
3580 3807 3787 3875 Κύριε,

2196 3944 2250 3979 κ.
2282 3942 2331 3977 τ.
2357 3925 2402 3975 ὲ.
2440 3922 2501 3974 Ἡ
2530 3919 2616 3973 διά
2641 3916 2732 3970 τοῦ
2764 3912 2898 3968 Θεοῦ
2934 3912 3006 3983 (9)
3037 3910 3207 3979 ὄνομα
3240 3903 3487 3975 ὑπομονὴ
3518 3901 3787 3972 κρείττων

2194 4017 2296 4089 τῆς
2326 4015 2392 4068 δι’
2426 4013 2552 4069 ἀλλο
2594 4028 2665 4063 τι.
2694 4009 2802 4062 Kal
2837 4009 2914 4070 είς
2945 4005 3099 4073 λόγον
3130 4000 3223 4056 τοῦ
3259 3998 3467 4068 Κυρίου
3511 3992 3787 4065 γενομένη

2193 4111 2227 4179 ἡ
2257 4105 2424 4177 ψυχὴ,
2456 4098 2754 4161 ὲπαινετῶς
2788 4095 3072 4167 ὑπομένει.

2279 4274 2613 4344 Ὑπέμεινεν
2656 4273 2694 4339 ἡ
2745 4266 2914 4339 ψυχή
2958 4283 3078 4335 μου
3125 4263 3211 4328 είς
3250 4262 3357 4315 τὸν
3402 4261 3591 4329 λόγον
3633 4273 3783 4312 σουο

2193 4368 2459 4438 ἤλπισεν
2486 4367 2525 4433 ή
2564 4362 2733 4433 ψυχή
2760 4378 2880 4431 μου
2913 4358 3011 4412 ἐπὶ
3047 4356 3154 4409 τὸν
3177 4354 3415 4421 Κύριον,
3450 4369 3506 4403 κ.
3550 4367 3601 4402 τ.
3632 4351 3679 4402 ὲ.
3718 4351 3787 4403 Ἠ

2193 4461 2348 4522 ὲλπὶς
2377 4457 2485 4530 (10)
2517 4458 2580 4509 ὲκ
2612 4454 2841 4524 δοκιμῆς
2874 4450 3082 4519 πέφυκε
3117 4444 3378 4515 γίνεσθαι,
3409 4444 3443 4514 ἠ
3486 4442 3545 4495 δὲ
3586 4441 3787 4510 δοκιμὴ

510 4535 830 4641 hortatione,
865 4535 1144 4630 tribulatio
1194 4587 1260 4628 ex
1308 4535 1738 4626 continentia'et
1781 4561 2093 4621 tentationi-

2204 4556 2262 4607 ὲκ
2287 4553 2385 4623 τῆς
2424 4547 2723 4621 ὑπομονῆς,
2774 4548 2808 4617 ἡ
2848 4544 2905 4597 δὲ
2938 4541 3183 4613 ὑπομονὴ
3218 4542 3282 4593 ὲκ
3326 4537 3427 4608 τῆς
3474 4535 3786 4607 θλίψεως,ὴ

512 4672 637 4724 "bus.
677 4666 880 4721 Harum
924 4673 1104 4719 autem
1147 4676 1309 4717 causa
1351 4668 1435 4716 est
1465 4660 1627 4715 timor
1661 4654 1782 4721 Dei,
1811 4652 1906 4725 qui
1933 4661 2093 4709 recta:

521 4760 646 4815 ﬁdei
683 4758 1046 4829 coniungitur.
1114 4757 1273 4811 Fides
1325 4768 1454 4811 vero
1500 4758 1584 4807 est
1610 4750 1678 4806 de
1706 4746 1772 4804 iis
1815 4759 1936 4815 quae
1988 4759 2091 4798 non

520 4851 1049 4924 comprehenduntur
1084 4847 1347 4903 assensio.

587 5029 757 5084 Vitas.
781 5028 833 5085 8.
858 5026 927 5082 Et
950 5028 1060 5098 ipse
1087 5024 1305 5081 redimet
1330 5004 1503 5095 Israel
1530 5035 1594 5075 ex
1631 5016 1871 5073 omnibus
1903 5015 2095 5085 iniqui-

519 5122 715 5178 tatibus
739 5122 881 5193 ejus,
903 5130 1013 5179 etc.
1044 5119 1195 5177 Tunc
1224 5128 1378 5171 mens
1407 5113 1477 5169 ab
1502 5110 1569 5168 iis
1593 5124 1714 5181 quae
1747 5115 1927 5163 mente
1959 5105 2095 5161 ﬁunt

521 5215 762 5285 peccatis
798 5214 886 5270 vel
939 5210 1323 5284 iniquitatibus
1350 5202 1636 5268 liberatur,
1669 5217 1794 5259 cum
1825 5197 2091 5266 cognitio-

521 5306 606 5363 nis
647 5306 878 5379 gratiam
909 5305 1153 5375 recepit:
1187 5315 1312 5357 nam
1347 5312 1439 5355 ars
1481 5296 1658 5351 activa
1688 5306 1798 5348 non
1831 5287 1971 5344 tollit
1997 5303 2090 5345 co-

629 5447 673 5480 “
695 5444 873 5502 Exoo.
900 5458 991 5506 tu,
1018 5441 1072 5493 3.
1147 5440 1189 5471 ¹⁹
1214 5436 1371 5492 Prov.
1407 5450 1500 5499 xx,
1523 5433 1578 5488 9.
1653 5432 1699 5465 ²⁰
1716 5428 1844 5486 Job.
1878 5440 1990 5493 χεν,
2016 5404 2074 5480 ’4.

590 5564 673 5629 (5)
710 5561 776 5635 Ἡ
806 5554 1314 5635 διδροςκωλίιξκοιο.
1342 5540 1856 5635 pateananorderii.

594 5617 675 5764 (λ)
708 5632 830 5685 οὐκ
857 5626 927 5691 ἐξ
958 5621 1275 5711 ἐπιπολῆς,
1305 5630 1412 5676 etc.
1451 5617 1714 5697 Eadem.”

596 5702 671 5787 is.
714 5694 1096 5787 eadem
1127 5688 1504 5787 ειεμξειιεειπ
1526 5685 1742 5745 erat)".

599 5761 674 5841 (6)
718 5769 797 5825 Τὰ
827 5761 971 5829 ὦτα,
1004 5761 1093 5819 etc
1140 5761 1378 5817 Eadem.

599 5838 676 5899 (Ἰ)
722 5836 865 5890 Ἐὰν
890 5838 949 5888 al
974 5831 1143 5892 κατά.
1165 5838 1275 5887 etc.
1300 5826 1535 5884 Eaedem.

2199 4646 2256 4700 δὲ
2297 4643 2473 4713 θλίψις
2515 4643 2578 4694 ὲκ
2618 4641 2717 4711 τῆς
2762 4635 3087 4708 ἐγκρατείας
3142 4632 3232 4685 καὶ
3280 4629 3388 4683 τῶν
3440 4627 3785 4699 πειρασμῶν.

2201 4738 2417 4793 Τούτων
2455 4736 2511 4789 δὲ
2558 4733 2727 4795 αἴτιος
2768 4733 2795 4784 ὁ
2845 4728 3006 4798 φόϐος
3047 4725 3140 4779 τοῦ
3186 4720 3342 4785 Θεοῦ,
3372 4721 3521 4781 ὅστις
3554 4720 3623 4788 τῇ
3649 4716 3786 4788 ὀρθῇ

2202 4831 2381 4884 πίστει
2426 4826 2795 4891 συνέζευκται.
2842 4822 3031 4882 Πίστις
3063 4818 3120 4871 δέ
3152 4817 3297 4868 ἐστιν
3343 4813 3377 4883 ἠ
3417 4810 3555 4883 πρὸς
3594 4809 3665 4863 τὰ
3711 4812 3794 4881 μὴ

2202 4919 2613 4991 κατειλημμένα
2644 4914 3059 4985 συγκατάθεσις.

2267 5013 2373 5067 Καὶ
2415 4988 2597 5075 αὑτὸς
2637 5004 3003 5075 λυτρώσεται
3043 5000 3150 5055 τὸν
3193 4994 3432 5064 Ἰσραὴλ
3463 4993 3533 5046 ἐκ
3570 4988 3797 5043 πασῶν

2196 5103 2317 5157 τῶν
2352 5100 2613 5169 ἀνομιῶν
2659 5097 2865 5159 αὑτοῦ,
2912 5111 2965 5148 κ.
3014 5110 3066 5147 τ.
3115 5093 3161 5144 ὲ.
3196 5084 3576 5157 Τοτηνικαῦτα
3615 5082 3730 5153 (Η)
3764 5086 3794 5135 ὁ

2197 5197 2322 5260 νοῦς
2351 5194 2763 5249 ἀπαλλάσσεται
2814 5188 2921 5242 τῶν
2966 5185 3106 5239 κατά
3153 5168 3391 5236 διάνοιαν
3425 5173 3712 5247 ἁμαρτιῶν
3752 5170 3789 5239 ἢ

2195 5288 2453 5360 ἀνομιῶν,
2504 5284 2739 5356 ὁπηνίκα
2783 5282 2850 5336 ἂν
2894 5279 3147 5349 γνώσεως
3199 5268 3549 5340 καταξιωθῇο
3596 5267 3630 5337 ἡ
3678 5264 3797 5333 γὰρ

2178 5429 2219 5459 ¹¹
2252 5428 2448 5484 lJoan.
2478 5442 2536 5493 tt,
2568 5426 2624 5480 ἃ.

2282 5547 2361 5617 (8)
2398 5543 2464 5617 fg
2495 5540 2653 5617 παρὰ
2682 5538 3007 5617 ζῷᾼΚιζρίῳ,
3052 5543 3158 5617 σιξ.
3197 5533 3405 5617 ροιοηιι
3441 5524 3719 5584 Corderii.

2280 5602 2360 5685 (9)
2404 5602 2589 5685 Ἡδιᾶ
2618 5602 2927 5685 τρῦήθεοπῖθ
2960 5616 3064 5685 εισι
3099 5602 3323 5685 Eadem:

2283 5669 2394 5751 itit)
2440 5684 2502 5735 Ἡ
2527 5680 2857 5751 ἐλπίςηειρ.
2884 5675 3108 5751 δοιιοᾳερ
3143 5669 3354 5751 _Grabii.

2283 5742 2394 5823 (Η)
2432 5742 2855 5819 Tomi-tutiora,
2888 5755 2993 5803 etc.
3035 5742 3271 5798 Eaedem.
