4106 6388
346 360 480 413 ιιῖιει

1348 361 1660 419 SELECTA
1700 362 1771 418 IN
1806 362 2146 423 PSALMOS.
2184 393 2255 408 -—
2295 364 2483 421 PSAL.
2519 366 2757 423 CXXXI.

3467 371 3609 426 1ϋὲἱο

338 478 617 550 πρακτικὴ
642 481 701 532 οὖ
726 480 796 536 τὰ
828 479 1076 552 νοήματα
1106 482 1204 552 τῆς
1230 482 1455 552 καρδίας
1480 499 1546 534 πε
1556 486 1772 554 ριαιρεῖ,
1797 482 1925 559 ἀλλά

2036 482 2327 553 gitationes
2373 485 2573 547 cordis,
2609 487 2703 541 sed
2733 486 3097 556 cogitationes
3123 484 3409 542 all'ectibus
3429 487 3600 542 obuo-

335 568 405 621 τὰ
432 569 653 639 ἐμπαθῆ
681 576 950 645 νοήματα.

901 744 1192 799 ΨΑΛΜΟΣ
1232 746 1358 799 PA'.

406 833 602 899 Κύριε,
629 834 740 902 οὐχ
775 834 984 903 ὑψώθη
1027 837 1062 904 ἡ
1098 836 1311 904 καρδία
1332 856 1472 907 μου,
1508 839 1651 893 οὐδὲ
1680 841 1922 910 ἐμετεω-

324 922 636 990 ρίσθησαν
667 924 721 977 οἱ
754 925 1049 995 ὀφθαλμοί
1089 946 1231 996 μου,
1286 946 1339 980 κ.
1388 945 1440 981 τ.
1484 930 1531 982 ὲ.
1584 923 1759 985 Αὗται
1807 950 1922 1001 φω-

335 1014 425 1065 ναὶ
455 1012 564 1085 (12)
592 1013 804 1068 δικαίου
846 1018 905 1069 ὲν
949 1018 1249 1092 χαρίσμασι
1291 1020 1545 1091 μεγάλοις
1584 1024 1677 1075 καὶ
1709 1023 1923 1093 θαυμα-

334 1101 468 1163 σίοις
517 1102 592 1171 μὴ
638 1104 1051 1175 τετυφωμένου,
1099 1107 1232 1178 μηδὲ
1278 1108 1730 1179 ύπεραιρομένου,
1789 1112 1923 1182 μηδὲ

334 1194 720 1264 φυσιουμένου,
764 1195 902 1251 ἀλλά
942 1200 1035 1252 καὶ
1083 1201 1141 1252 ἐν
1185 1199 1396 1265 τούτοις
1444 1204 1929 1275 ιιταιπεεινοιῖ)ρονοῦν-⁵

330 1300 449 1342 τος.

395 1304 476 1431 (Et
499 1375 585 1446 μὴ
629 1381 1193 1448 ἐταπεινοερρόνουν,
1227 1383 1390 1437 ἀλλὰ
1416 1383 1636 1452 ὕψωσα
1666 1384 1780 1453 τὴν
1810 1389 1925 1454 ψυ-

2035 575 2174 631 xins.

2532 747 2853 806 PSALMUS
2891 748 3106 805 CXXX.

2108 845 2272 901 Vens.
2308 845 2353 899 I.
2392 844 2635 908 Domine,
2680 863 2782 899 non
2819 856 2894 899 est
2948 847 3236 901 exaltatum
3285 864 3376 902 cor
3407 865 3604 912 meum,

2033 953 2195 1007 neque
2234 935 2355 990 elati
2399 946 2519 990 sunt
2548 935 2686 989 oculi
2714 937 2832 1001 mei,
2867 947 2971 991 ctc.
3005 937 3096 991 lim
3126 948 3254 993 sunt
3281 954 3444 994 voces
3468 938 3599 1007 justi

2034 1029 2089 1084 in
2116 1027 2325 1096 magnis
2356 1037 2409 1080 et
2444 1027 2771 1082 admirandis
2796 1030 2985 1099 gratiis
3021 1029 3244 1084 minime
3277 1030 3602 1100 superbien-

2036 1120 2127 1183 tis,
2161 1133 2335 1186 neque
2372 1133 2493 1174 sese
2539 1119 2839 1186 elferentis,
2877 1137 3052 1191 neque
3101 1124 3478 1190 tumescentia,
3510 1135 3605 1178 vc-

2030 1218 2148 1257 rqu
2184 1205 2346 1259 etiam
2375 1205 2426 1258 iu
2460 1204 2547 1260 his
2578 1206 2853 1261 humiliter
2884 1224 2940 1264 se
2964 1213 3226 1281 gerentis.

2106 1406 2263 1461 Vsus.
2300 1406 2351 1459 2.
2390 1406 2451 1461 Si
2490 1422 2591 1460 non
2628 1406 2900 1461 humiliter
2926 1409 3232 1476 sentiebam,
3255 1412 3345 1464 sed
3373 1410 3603 1465 exaltavi

332 1467 453 1536 χήν
494 1487 637 1538 μου.
686 1470 779 1537 Ὠς
824 1471 891 1524 τὸ
948 1471 1621 1543 ἀπογεγαλακτισμένον
1671 1475 1771 1528 ἐπὶ
1809 1476 1925 1545 τὴν

2029 1499 2260 1551 animam
2298 1514 2488 1551 meam.
2535 1495 3027 1553 Sicut'ablactatus
3070 1516 3227 1569 super
3262 1509 3430 1555 matre
3480 1517 3600 1566 sua,

326 1558 555 1628 μητέρα
590 1561 800 1625 αὑτοῦ,
839 1563 920 1628 ὡς
948 1563 1391 1631 ἀνταποδώσεις
1417 1564 1516 1619 ἐπὶ
1561 1565 1676 1635 τὴν
1712 1566 1924 1635 ψυχήν

327 1671 467 1721 μου,
500 1671 555 1707 κ.
587 1672 636 1708 τ.
664 1656 712 1708 ἑ.
751 1655 836 1718 Ὠς
859 1658 888 1709 6
929 1657 1112 1710 Ἰσαάκ
1136 1658 1243 1728 (15)
1275 1660 1367 1712 καὶ
1387 1660 1416 1711 6
1441 1659 1693 1730 Σαμουὴλ
1719 1661 1926 1728 ἀπεγα-

2028 1590 2104 1642 sic
2130 1590 2383 1643 retribues
2412 1591 2465 1643 in
2497 1592 2733 1644 animant
2775 1606 2962 1654 meam,
2991 1599 3096 1645 etc.
3139 1592 3598 1657 Quemadmodum

2032 1682 2183 1736 Isaac
2211 1690 2264 1735 et
2308 1681 2528 1735 Samuel
2560 1681 2815 1735 ahlactati
2848 1680 3092 1745 fuerunt,
3120 1680 3289 1752 830
3318 1682 3397 1737 sic
3435 1684 3599 1738 etiam

331 1742 721 1819 λακτίσθησαν,
769 1747 943 1812 οὕτως
1002 1750 1094 1802 καὶ
1150 1744 1306 1814 οὗτος
1367 1752 1608 1815 ἐκείνους
1656 1753 1751 1805 καὶ
1801 1754 1925 1817 τοὺς

2031 1774 2118 1829 hic
2150 1773 2240 1842 qui
2275 1773 2393 1827 illus
2425 1772 2636 1843 illisque
2666 1773 2869 1830 similes
2898 1773 3140 1828 imitatus
3174 1784 3275 1828 est.
3308 1772 3424 1828 Non
3455 1774 3604 1828 cnl-

329 1838 551 1907 ὁμοίους
580 1841 762 1904 αὐτοῖς
799 1842 1199 1913 μιμησάμενος.
1226 1844 1337 1914 Ούχ
1368 1844 1597 1913 ὑψοῦται
1627 1845 1685 1897 δὲ
1723 1847 1749 1915 ἡ
1778 1845 1925 1917 ψυχὴ

330 1931 427 1984 τοῦ
464 1934 1038 2001 ἀπογαλακτισθέντος
1075 1936 1220 2000 τινὸς
1277 1937 1539 2007 ὑψοῦντος
1587 1937 1773 2009 αὐτὴν,
1809 1939 1925 1992 ἀλλ’

333 2022 562 2093 ὑψοῦται
616 2027 709 2079 ἐπὶ
740 2026 839 2097 τὴν
882 2027 1074 2081 ἑαυτοῦ
1125 2029 1357 2100 μητέρα,
1400 2030 1529 2101 περ).
1560 2026 1628 2099 ἧς
1669 2030 1923 2101 εἴρηταιο

337 2134 357 2167 s
402 2116 466 2169 'H
503 2117 560 2169 δὲ
604 2118 716 2171 ἀνω
755 2118 1110 2191 Ἰερουσαλὴμ
1143 2122 1401 2193 ἐλευθέρα
1434 2124 1602 2190 ἐστὶν,
1645 2123 1767 2192 ἥτις
1811 2124 1925 2176 ἐστὶ

335 2208 521 2278 μήτηρ
552 2208 735 2279 ἡμῶν,
772 2228 790 2261 ι
829 2212 923 2265 καὶ
951 2212 1021 2265 τά
1047 2213 1196 2283 ἑξῆς.

408 2300 519 2353 Τοῦ
548 2301 759 2355 αὐτοῦ.
798 2300 874 2373 Τῇ
909 2303 1003 2357 τοῦ
1037 2304 1149 2375 (14)
1183 2306 1798 2379 ἀπογεγαλακτισμένου
1824 2308 1925 2378 ψυ-

332 2394 402 2464 χῇ
449 2393 772 2449 ἀποδίδωσιν
818 2398 846 2451 6
895 2396 1099 2468 Κύριος
1152 2401 1341 2469 μισθὸν
1380 2401 1479 2473 τῆς
1529 2403 1622 2455 ἐπὶ
1672 2403 1926 2457 τοσοῦτον

335 2483 676 2549 ἀναϐάσεως.

418 2577 755 2631 Ἐλπισὰτω
794 2579 1034 2647 Ἰσραὴλ
1085 2580 1185 2633 ἐπὶ
1240 2581 1348 2635 τὸν
1394 2582 1614 2650 Κύριον
1647 2582 1767 2637 ἀπὸ
1816 2582 1926 2637 τοῦ

329 2670 451 2724 νῦν
482 2671 582 2725 καὶ
623 2672 734 2738 ἕως
763 2671 868 2727 τοῦ
906 2671 1141 2738 αιῶνος,
1182 2690 1237 2727 κ.
1272 2690 1324 2726 τ.
1371 2674 1418 2726 ὲ.
1451 2674 1540 2726 Ἐν
1572 2675 1674 2745 μὲν
1697 2667 1766 2745 τῇ
1812 2673 1926 2745 (15)

332 2763 440 2833 πρὸ
468 2762 670 2834 ταύτης
703 2763 813 2835 ᾠδῇ
861 2762 1140 2818 λέλεκται’
1182 2784 1200 2816 ι
1240 2765 1373 2819 Ἀπὸ
1419 2766 1668 2837 φυλακῆς
1714 2765 1927 2839 πρωῖας

331 2855 613 2911 ἐλπισάτω
657 2857 874 2927 Ἰσραὴλ
908 2858 999 2909 ἐπὶ
1042 2858 1136 2911 τὸν
1186 2856 1424 2927 Κύριον·
1469 2876 1487 2909 ι
1546 2855 1607 2906 ὲν
1649 2856 1707 2910 δὲ
1751 2854 1924 2928 ταύτῃ

333 2949 429 3001 καὶ
456 2948 560 3011 ἕως
607 2949 771 3013 πότε;
806 2966 824 2999 ι
857 2948 956 3000 Διά
983 2948 1044 3001 τὸ
1095 2947 1205 3001 ἀπὸ
1252 2947 1348 3001 τοῦ
1400 2947 1496 3001 νῦν
1538 2949 1632 3002 καὶ
1680 2948 1785 3012 ἓως
1828 2946 1925 3002 τοῦ

331 3039 554 3101 αἰῶνος.
602 3058 620 3090 ι
655 3040 789 3093 Μετ’
822 3040 1027 3093 ἐκεῖνον
1055 3040 1164 3111 γάρ
1191 3056 1276 3102 τις
1308 3038 1568 3093 ἀπολαύει
1600 3038 1671 3093 τά
1709 3039 1924 3105 ἐλπιζό-

335 3147 495 3200 μενα.

885 3314 1181 3368 ΨΑΛΜΟΣ
1213 3316 1384 3367 PAA'.

401 3404 740 3472 Μνήσθητι,
794 3405 991 3475 Κύριε,
1040 3404 1145 3459 τοῦ
1188 3405 1389 3469 Δαυῒδ,
1424 3406 1523 3459 καὶ
1566 3406 1769 3474 πάσης
1811 3404 1923 3475 τῆς

331 3500 668 3566 πραότητος
694 3498 902 3562 αὑτοῦ,
934 3516 990 3552 κ.
1020 3516 1071 3552 τ.
1106 3498 1155 3551 ὲ.
1185 3498 1424 3551 Ἑκείνου
1452 3498 1779 3568 μνημονεύει
1811 3496 1922 3569 (16)

331 3592 363 3649 6
387 3588 591 3661 Κύριος
616 3589 716 3648 τοῦ
758 3592 817 3643 ὲν
856 3583 901 3658 ᾧ
933 3589 1165 3659 γίνεται,
1200 3588 1451 3642 κάκείνου
1485 3590 1545 3643 ού
1598 3590 1925 3661 μνημονεύει

332 3680 427 3735 τοῦ
462 3683 520 3739 ὲν
550 3674 597 3750 ᾧ
630 3682 691 3735 ού
718 3682 944 3750 γίνεται.
981 3682 1045 3734 El
1084 3682 1141 3735 δὲ
1192 3683 1499 3754 πραότητος
1538 3681 1863 3751 μνημονεύει
1897 3684 1927 3736 6

333 3772 561 3844 Κύριος,
592 3772 791 3843 πολλῆς
818 3772 1118 3843 ἀοργησίας
1145 3773 1325 3843 χρεία,
1358 3773 1446 3825 ἵνα
1476 3789 1557 3835 τις
1592 3771 1809 3842 δέξηται
1836 3772 1926 3825 τὸν

334 3866 559 3937 Κύριον.
602 3865 853 3935 Πραότης
902 3864 1011 3935 γάρ
1055 3865 1203 3917 ἐστιν
1254 3864 1524 3933 ἀταραξία
1573 3862 1746 3933 θυμοῦ
1785 3863 1929 3918 κατά

336 3958 595 4029 στέρησιν
626 3954 829 4027 ἡδονῶν
864 3954 1268 4027 προσγινομένη
1304 3953 1582 4025 φθαρτῶν.

414 4136 525 4192 Τοῦ
583 4136 791 4191 αὐτοῦ.
836 4135 981 4189 Ἀντὶ
1037 4154 1056 4186 ι
1114 4134 1420 4205 πραότητος
1462 4137 1577 4209 (17)
1612 4158 1631 4193 ι
1699 4132 1926 4197 Ἀκύλας

340 4247 363 4281 s
403 4229 701 4299 κακουχίαν
738 4248 756 4281 ι
786 4228 1048 4292 ἐξέδωκεν
1065 4243 1077 4257 ·
1099 4229 1128 4281 6
1149 4226 1207 4278 δὲ
1235 4225 1533 4297 Σύμμαχος
1561 4243 1579 4277 ι
1607 4224 1871 4290 κάκωσιν,
1901 4242 1920 4277 ι

336 4323 373 4391 ἡ
399 4322 457 4376 δὲ
486 4322 715 4393 πέμπτη
757 4340 775 4371 ι
811 4319 1160 4373 ταπείνωσιν.
1202 4337 1222 4370 ι

413 4415 567 4479 Ἕως
603 4408 676 4469 οὗ
708 4412 859 4480 εὕρω
890 4412 1077 4464 τόπον
1111 4408 1191 4474 τῷ
1232 4410 1447 4478 Κυρίῳ,
1506 4427 1562 4463 κ.
1616 4426 1668 4464 τ.
1719 4410 1766 4465 ὲ.
1828 4407 1930 4461 T6-

338 4523 441 4569 πος
474 4505 586 4576 (18)
620 4505 827 4575 Κυρίου
860 4506 888 4557 6
920 4502 1043 4566 νοῦς
1075 4501 1330 4574 καθαρός.

408 4598 681 4666 Εὗρομεν
729 4595 924 4665 αὐτὴν
966 4596 1037 4649 ἐν
1081 4593 1205 4661 τοῖς
1248 4593 1475 4658 πεδίοις
1522 4592 1629 4646 τοῦ
1674 4591 1926 4663 δρυμοῦ,

1951 3325 1997 3381 C

2033 1875 2175 1919 tatur
2222 1875 2400 1917 autem
2448 1864 2625 1918 anima
2661 1864 2916 1919 ablactati
2956 1864 3208 1934 quopiam
3252 1864 3399 1919 illam
3428 1865 3603 1919 extol-

2028 1956 2192 2018 lente,
2242 1956 2336 2009 sed
2372 1954 2643 2009 exaltatur
2677 1970 2843 2023 super
2886 1965 3115 2012 matrem
3158 1969 3335 2020 suam,
3377 1956 3443 2010 de
3493 1971 3602 2025 qua

2027 2047 2230 2101 dictum
2256 2052 2339 2098 est
2371 2062 2385 2101 :
2426 2062 2442 2096 ι
2474 2044 2565 2098 illa
2597 2054 2776 2098 autem
2808 2058 2927 2113 qua:
2950 2060 3167 2101 sursum
3193 2053 3275 2100 est
3299 2042 3602 2100 Jerusalem

2026 2138 2197 2193 libera
2231 2147 2336 2202 est,
2364 2150 2483 2206 qua:
2512 2145 2596 2191 est
2625 2148 2798 2192 mater
2825 2136 3257 2199 nostra",tetc.

2098 2312 2377 2383 Ejusdem.
2427 2312 2698 2368 Ahiactati
2772 2313 2968 2369 anima:
3028 2313 3278 2371 retribuit
3345 2314 3607 2371 Dominus

2026 2411 2333 2464 mercedem
2370 2413 2527 2461 tanta:
2549 2407 2911 2462 ascensionis.

2104 2588 2267 2643 Vsus.
2307 2590 2363 2644 5.
2400 2588 2587 2658 Speret
2616 2586 2789 2642 Israel
2810 2586 2863 2641 in
2913 2586 3139 2641 Domino
3180 2602 3245 2641 ea:
3272 2588 3370 2641 hoc
3398 2593 3609 2642 nunc“

2027 2699 2188 2753 usque
2220 2684 2275 2736 in
2323 2681 2599 2749 swculum,
2625 2692 2732 2737 etc.
2766 2683 2825 2739 In
2858 2680 3184 2754 prmcedenti
3217 2680 3434 2750 quidem
3479 2693 3610 2732 can-

2028 2774 2137 2828 tico
2192 2772 2394 2828 dictum
2461 2781 2546 2827 est
2592 2786 2607 2824 :
2655 2774 2740 2827 (Α
2808 2774 3052 2829 custodia
3113 2771 3373 2827 matutina
3426 2776 3611 2837 speret

2026 2865 2190 2921 Israel
2219 2865 2271 2919 in
2305 2865 2562 2933 Domino;
2590 2883 2608 2916 ι
2643 2865 2697 2919 in
2730 2865 2831 2921 hoc
2862 2879 2992 2921 vero
3020 2860 3337 2933 quousque?
3359 2877 3377 2911 ι
3402 2859 3480 2914 Ex
3502 2859 3609 2913 hoc

2026 2971 2199 3023 nunc,
2244 2954 2451 3024 inquit,
2508 2965 2562 3010 et
2610 2968 2787 3025 usque
2827 2958 2882 3008 in
2931 2951 3211 3010 maculam.
3240 2967 3259 3003 ι
3316 2948 3446 3004 Post
3499 2946 3607 3004 hoc

2027 3045 2173 3101 enim
2198 3046 2456 3102 saculum
2483 3044 2680 3099 fruitur
2699 3044 2824 3115 quis
2852 3045 2919 3100 iis
2942 3059 3063 3116 quae
3084 3048 3428 3114 speraverat.

2515 3312 2839 3371 PSALMUS
2875 3313 3113 3371 CXXXI.

2100 3407 2263 3465 Vens.
2286 3408 2337 3461 1.
2357 3405 2644 3471 Memento,
2675 3406 2919 3476 Domine,
2948 3405 3146 3472 David,
3176 3414 3225 3460 et
3252 3406 3423 3459 omnis
3449 3419 3610 3460 man-

2026 3500 2322 3555 suetudinis
2363 3499 2498 3570 ejus,
2522 3507 2629 3554 etc.
2667 3497 2811 3553 Illius
2844 3498 3089 3553 meminit
3136 3496 3394 3553 Dominus
3419 3496 3472 3551 in
3499 3510 3609 3566 quo

2026 3602 2145 3658 est;
2207 3592 2353 3647 illius
2391 3606 2521 3645 vero
2576 3605 2681 3645 non
2730 3589 2981 3645 meminit
3035 3590 3087 3645 in
3130 3604 3240 3659 quo
3272 3604 3376 3644 non
3404 3598 3509 3645 est.
3545 3589 3606 3645 Si

2029 3694 2210 3740 autem
2252 3683 2684 3738 mansuetudinis
2730 3681 2977 3736 meminit
3026 3681 3307 3747 Dominus,
3336 3681 3501 3735 multa
3532 3680 3609 3735 ie-

2033 3775 2203 3829 nitate
2246 3788 2382 3844 Opus
2427 3782 2533 3839 est,
2561 3781 2619 3826 ut
2658 3772 2783 3841 quis
2817 3771 3077 3841 suscipiat
3109 3770 3422 3826 Dominum.
3459 3770 3612 3825 Man-

2028 3866 2261 3921 suetudo
2298 3864 2443 3918 enim
2504 3871 2591 3917 cst
2640 3861 2807 3915 animi
2865 3870 3041 3917 status
3087 3861 3512 3931 imperturbatus
3556 3870 3612 3916 et

2027 3955 2212 4010 omnis
2235 3953 2438 4008 furoris
2459 3966 2676 4020 expers,
2701 3966 2863 4020 quem
2895 3951 3331 4021 corruptibilium
3361 3950 3609 4022 volupta-

2031 4056 2143 4101 tum
2176 4046 2409 4117 privatio
2441 4051 2719 4112 procurat.

2100 4138 2377 4208 Ejusdem.
2420 4135 2527 4191 Pro
2574 4137 3076 4192 «mansuetudine»
3126 4135 3324 4206 Aquila
3375 4134 3613 4192 reddidit

2035 4250 2054 4284 ι
2082 4245 2359 4294 :erumna;
2392 4249 2410 4282 ›
2466 4227 2826 4299 Symmachus
2896 4248 2914 4281 ι
2938 4226 3369 4295 θωίοιίοηθωμ
3416 4227 3610 4299 quinta

2030 4320 2201 4377 editio
2237 4338 2256 4372 ι
2286 4318 2744 4375 Itutnilialionem.
2771 4338 2790 4371 ι

2107 4412 2267 4468 Vens.
2306 4413 2359 4469 5.
2401 4412 2578 4469 Donec
2637 4414 2899 4467 inveniam
2949 4412 3122 4467 locum
3190 4410 3439 4478 Domino,
3494 4420 3604 4467 etc.

2034 4503 2208 4560 Locus
2239 4506 2452 4561 Domini
2493 4521 2649 4561 mens
2680 4521 2841 4576 pura.

2109 4597 2275 4654 Vens.
2308 4598 2359 4652 6.
2401 4598 2702 4654 Invenimus
2754 4617 2872 4657 eam
2923 4602 2980 4654 in
3036 4597 3237 4663 campis
3296 4598 3462 4663 silva,
3496 4606 3609 4652 etc.

339 4708 394 4745 κ.
427 4663 578 4744 rei.
624 4689 762 4760 Περὶ
810 4663 911 4758 τῆς
942 4687 1067 4759 ’(19)
1114 4687 1306 4758 σοφίας
1356 4684 1504 4753 λέγει
1549 4684 1924 4756 προφητικῶς,

2036 4689 2358 4762 Propheticc
2389 4692 2629 4762 loquitur
2648 4692 2716 4748 de
2746 4692 3019 4763 sapientia
3046 4705 3168 4761 quae
3200 4697 3285 4745 est
3303 4688 3576 4744 Christus.

339 4783 462 4855 ἥτις
499 4781 645 4836 ἐστὶν
674 4783 703 4834 6
728 4780 982 4851 Χριστός.

414 4877 479 4929 οι
509 4872 684 4941 ιερεῖς
710 4886 828 4927 σου
869 4871 1224 4926 ὲνδύσονται
1263 4868 1676 4935 δικαιοσύνην,
1728 4867 1824 4920 καὶ
1873 4869 1928 4920 οὶ

339 4968 499 5023 ὅσιοι
542 4983 659 5022 σου
704 4963 1196 5035 ἀγαλλιάσονται,
1237 4981 1291 5016 κ.
1335 4980 1387 5015 τ.
1428 4963 1475 5014 ἐ.
1503 4962 1710 5030 Ὥσπερ
1744 4958 1926 5012 ἐνδύε-

338 5060 432 5115 ταί
468 5060 580 5131 (20)
608 5076 693 5122 τις
724 5055 1088 5127 δικαιοσύνην,
1120 5055 1264 5108 οὕτω
1309 5054 1402 5107 καὶ
1439 5052 1791 5125 σωφροσύνην
1834 5052 1929 5105 καὶ

343 5150 596 5221 ἀνδρείαν
628 5150 721 5202 καὶ
749 5148 972 5219 ἀγάπην
1004 5147 1096 5200 καὶ
1131 5144 1533 5217 μακροθυμίαν,
1568 5146 1663 5198 καὶ
1692 5143 1790 5209 τὰς
1814 5143 1927 5197 λοι-

345 5241 454 5305 πὰς
486 5241 706 5314 ἀρετάς.

415 5378 461 5410 ⁹¹
498 5375 679 5432 Galat.
722 5390 795 5442 tv,
819 5374 910 5429 26.

420 5537 536 5605 (l9)
577 5532 765 5593 Αὖται
788 5537 1001 5607 φωναί,
1028 5537 1372 5607 θιαμυειιειιο
1413 5537 1687 5596 Corderii.

418 5608 531 5680 (Ιᾷ)
568 5608 662 5680 Ὠς
691 5610 724 5660 ό
766 5604 983 5680 Ἰσαάκ,
1001 5617 1114 5680 etc.
1143 5604 1365 5663 Eadem.

417 5676 534 5745 (ιιι)
569 5676 648 5745 Τῇ
696 5678 825 5739 τοῦ,
853 5686 958 5733 etc.
1001 5676 1224 5731 Eadem.

452 5749 537 5816 I5)
584 5750 687 5801 Ἐν
711 5747 829 5814 μὲν
860 5746 954 5814 τῇ,
982 5759 1088 5801 etc.
1128 5745 1355 5801 Eadem.

449 5818 534 5893 16)
578 5818 846 5876 Ἐκείνιυ
869 5817 1252 5889 μνημονεύει,
1287 5827 1395 5875 etc.
1429 5818 1655 5878 Schedae
1688 5817 1905 5877 Grabli.

2106 4868 2272 4927 Vsns.
2292 4872 2345 4929 9.
2367 4870 2679 4928 Sacerdotes
2708 4874 2786 4927 tui
2810 4872 3099 4928 inducentur
3104 4871 3397 4941 justitiam,
3419 4880 3467 4925 et
3488 4885 3616 4924 san.-

2035 4961 2107 5015 cti
2125 4962 2204 5015 tui
2227 4961 2586 5031 exsultabant,
2606 4974 2710 5020 etc.
2728 4964 3197 5032 Quemadmodum
3225 4962 3475 5017 induitur.
3491 4960 3615 5030 quis

2032 5050 2343 5121 justitiam,
2398 5055 2470 5110 ita
2532 5065 2589 5111 et
2651 5055 2991 5127 prudentiam
3039 5062 3093 5111 et
3142 5044 3516 5111 fortitudinem
3556 5061 3614 5107 ct

2033 5143 2352 5201 charitatem
2378 5157 2433 5201 et
2455 5146 2925 5218 longanimitatem
2944 5156 2998 5203 et
3019 5146 3260 5217 reliquas
3285 5146 3533 5208 virtutes.

2113 5538 2228 5676 $17;
2274 5542 2424 5595 Ἀντί
2453 5541 2802 5625 πραότητος,
2827 5550 2937 5597 etc.
2967 5541 3201 5597 Ezcdem.

2134 5609 2206 5665 -18
2266 5611 2473 5676 Τόπος,
2504 5622 2610 5666 etc.
2636 5612 2875 5665 tardem.

2054 5659 2059 5663 .
2115 5609 2228 5676 (-18)
2266 5611 2473 5676 Τόπος,
2504 5622 2610 5666 etc.
2636 5609 2875 5665 Ezedem.

2141 5678 2229 5749 19)
2266 5680 2407 5749 Περὶ
2434 5680 2563 5749 τῆς,
2599 5690 2704 5735 etc.
2740 5678 2973 5737 Eaedem.

2135 5747 2230 5823 20)
2263 5747 2807 5819 Ὥσπερένδύεται,
2833 5760 2938 5808 etc.
2970 5747 3203 5804 Eaedem.

2209 5538 2229 5751 ξ
