4106 6456
434 371 570 429 1653

1359 376 1666 433 SELECTA
1706 378 1774 433 lN
1808 379 2150 435 PSALMOS.
2192 411 2260 425 --
2297 378 2488 435 PSAL.
2530 378 2787 434 CXXXV.

3554 378 3573 432 1
3584 379 3701 434 654‘

429 494 503 557 ὡς
550 494 609 546 ἐν
660 492 737 564 τῷ
780 493 1049 566 Ἐὁραῖκῷ
1072 512 1084 524 ⁸
1122 493 1217 547 νῦν
1261 494 1317 547 δὲ
1370 495 1507 564 μετὰ
1534 494 1649 562 τοῦ,
1679 516 1696 547 ι
1730 497 1788 549 ὲν
1822 496 1995 561 αὐλαῖς

2117 500 2169 551 in
2197 498 2359 551 domo
2398 496 2630 558 Domini,
2657 514 2675 548 ι
2714 505 2766 549 ut
2812 497 2913 551 fert
2969 506 3145 553 textus
3177 497 3507 562 Hebraicus;
3541 514 3685 555 nunc

428 587 576 638 οἴκου
606 586 739 639 Θεοῦ
768 588 945 659 ήμῶν.
991 606 1008 639 ι

500 677 619 729 ’Ότι
672 677 787 747 ἐγὼ
838 677 1089 747 ἔγνωκα,
1137 680 1225 734 ὅτι
1266 679 1455 750 μέγας
1488 683 1521 734 ὀ
1568 682 1803 749 Κύριος,
1840 680 1939 734 καὶ
1972 685 2006 737 ὁ

422 768 638 835 Κύριος
672 770 843 838 ἡμῶν
871 772 1029 839 παρὰ
1068 772 1298 838 πάντας
1350 774 1491 839 τοὺς
1533 773 1727 840 θεοὺς,
1768 790 1823 828 κ.
1871 791 1923 826 τ.
1954 775 2001 828 ὲ.

430 860 493 913 Ὀ
528 859 626 930 μὲν
668 861 850 933 Ἰοθώρ
902 881 1035 935 φησι
1060 863 1208 935 (28)·
1250 883 1267 914 ι
1304 864 1419 917 Νὖν
1472 864 1665 933 ἔγνων,
1699 866 1780 919 ὅτι
1833 866 2005 936 μέγας

423 951 626 1023 Κύριος
656 953 806 1025 παρὰ
835 956 1041 1019 πάντας
1081 956 1209 1019 τοὺς
1241 955 1427 1017 θεούς·
1479 974 1495 1008 ι
1525 958 1554 1009 ὁ
1585 956 1641 1008 δὲ
1680 958 2000 1029 Προφήτηςο

424 1061 445 1093 ι
486 1044 607 1096 Ὅτι
635 1044 745 1113 ἐγὼ
769 1045 939 1114 ἔγνων
971 1067 988 1098 ι
1025 1048 1260 1119 πρῶτον,
1290 1067 1308 1099 ι
1335 1050 1418 1101 ὃ;ι
1453 1047 1629 1117 μέγας
1660 1050 1689 1101 ὁ
1723 1048 1946 1119 Κύριος,
1978 1067 1997 1100 ι

416 1128 556 1195 εἶτα,
588 1154 606 1186 ι
640 1136 733 1188 καὶ
753 1139 780 1189 ὁ
798 1137 995 1209 Κύριος
1019 1138 1175 1209 ἡμῶν
1204 1137 1355 1210 παρὰ
1379 1139 1585 1201 πάντας
1614 1139 1738 1201 τοὺς
1763 1138 1937 1203 θεούς.
1976 1158 1995 1191 ι

487 1225 692 1280 Πάντα
724 1227 840 1282 ὅσα
865 1230 1168 1297 ἠθέλησεν
1192 1233 1224 1285 ό
1250 1232 1483 1298 Κύριος,
1513 1231 1801 1299 ἐποίησεν
1825 1231 1894 1285 ἐν
1922 1232 2002 1298 τῷ

414 1318 651 1385 οὐρανῷ
683 1320 781 1373 καὶ
808 1321 878 1374 ἐν
906 1320 979 1389 τῇ
1008 1321 1103 1391 γῆ,
1140 1322 1209 1375 ἐν
1242 1322 1373 1389 ταῖς
1415 1320 1774 1389 θαλάσσαις,
1808 1323 1905 1377 καὶ
1931 1324 2002 1378 ἐν

415 1410 639 1477 πάσαις
679 1412 807 1478 ταῖς
838 1414 1152 1480 ἁϐὑσσοις,
1187 1432 1242 1467 κ.
1272 1431 1324 1467 τ.
1358 1415 1405 1468 ὲ.
1433 1415 1573 1467 Ὅσα
1606 1415 1859 1485 ἐποίησεν
1887 1415 1999 1486 (29)

413 1504 442 1555 ὁ
481 1504 683 1574 Κύριος
704 1505 761 1555 ὲν
790 1504 868 1575 τῷ
890 1504 1123 1576 οὐρανῷ,
1160 1508 1254 1559 καὶ
1282 1508 1338 1560 ὲν
1369 1509 1435 1577 τῇ
1463 1508 1631 1579 γῇ,ὲν
1661 1511 1780 1571 ταῖς
1810 1508 2002 1564 θαλάσ-

416 1612 538 1658 σαις
569 1598 662 1649 καὶ
692 1598 749 1649 ὲν
787 1602 903 1662 ταῖς
936 1595 1192 1662 ἀϐύσσοις
1221 1599 1361 1653 καλά
1393 1601 1559 1664 ἐστιν,
1596 1600 1692 1654 ᾶτε
1736 1600 1999 1672 θελήματι

416 1684 685 1755 γενόμενα
733 1686 889 1741 θεοῦ.
928 1689 989 1740 Εἰ
1021 1688 1080 1743 δέ
1124 1688 1208 1753 τίς
1246 1690 1393 1742 ἐστιν
1442 1691 1499 1743 ὲν
1536 1691 1771 1762 οὐρανῷ,
1807 1692 1883 1756 ὡς
1933 1692 2000 1746 τὰ

411 1776 757 1846 πνευματικὰ
789 1778 886 1848 τῆς
918 1779 1199 1850 πονηρίας,
1233 1780 1267 1850 ἢ
1299 1782 1357 1833 ὲν
1386 1783 1452 1851 τῇ
1494 1784 1588 1853 γῇ,
1618 1782 1694 1845 ὡς
1729 1784 1778 1835 οἰ
1822 1784 2002 1856 ἁμαρ-

2113 597 2292 641 autem
2328 586 2568 655 adjnngi,
2609 604 2627 637 ι
2652 587 2706 640 in
2742 587 2898 640 atriis
2930 588 3122 642 domus
3161 589 3251 643 Dei
3289 590 3489 643 nostri.
3520 606 3541 641 ι

2182 677 2346 748 832
2375 678 2539 732 Vens.
2583 677 2637 732 5.
2672 676 2810 742 Quia
2838 695 2930 747 ego
2953 681 3171 749 cognovi
3197 682 3337 751 quod
3362 698 3582 751 magnus
3611 692 3688 737 est

2115 768 2398 836 Dominus,
2428 781 2475 824 et
2511 770 2767 825 Dominus
2799 782 2975 825 noster
2999 788 3109 840 pra:
3143 775 3388 829 omnibus
3425 775 3552 840 diis,
3580 786 3689 831 etc.

2110 860 2299 917 Jethro
2324 863 2543 932 quidem
2569 864 2711 917 ait“
2744 880 2758 916 :
2800 882 2817 914 ‹
2842 863 2995 917 Nunc
3028 865 3254 935 cognovi
3295 868 3419 935 quia
3462 882 3689 938 magnus

2112 953 2369 1009 Dominus
2420 964 2618 1021 pra-ter
2665 969 2855 1010 omnes
2918 955 3140 1022 deos;i
3205 955 3475 1027 PrOphcta
3522 974 3686 1026 vero,

2114 1047 2282 1113 «Quia
2309 1060 2408 1117 ego
2438 1046 2665 1117 cognovi
2706 1048 2941 1115 primum
2970 1049 3096 1118 quia
3144 1063 3375 1119 magnus
3398 1060 3483 1105 est
3505 1049 3688 1105 Domi-

2109 1154 2263 1201 nus,»
2287 1138 2503 1203 deinde,
2541 1154 2559 1187 ι
2584 1149 2635 1192 ct
2656 1138 2914 1193 Dominus
2932 1148 3112 1195 noster
3129 1155 3238 1209 pra:
3254 1140 3506 1196 omnibus
3524 1140 3647 1196 aliis.
3662 1159 3680 1192 ι

2184 1230 2347 1285 Vnus.
2381 1228 2433 1282 6.
2472 1229 2666 1284 Omnia
2697 1246 3023 1301 quaecunque
3054 1232 3219 1285 voluit
3248 1231 3532 1298 Dominus,
3562 1232 3681 1301 fecit

2108 1324 2163 1377 in
2198 1322 2326 1377 caelo
2355 1332 2403 1377 et
2440 1322 2497 1375 in
2541 1332 2704 1387 terra,
2749 1325 2802 1377 in
2843 1323 2979 1376 muri
3012 1334 3059 1377 et
3099 1324 3153 1378 in
3185 1325 3426 1378 omnibus
3451 1325 3683 1395 abyssis,

2107 1425 2215 1471 etc.
2254 1415 2602 1484 Quaecunque
2638 1414 2769 1471 fecit
2805 1416 3066 1472 Dominus
3091 1416 3144 1470 in
3172 1416 3312 1472 caelo
3349 1425 3400 1470 et
3433 1417 3486 1470 in
3514 1426 3681 1480 terra,

2108 1508 2160 1562 in
2196 1506 2439 1562 maribus
2464 1514 2517 1562 et
2553 1508 2607 1561 in
2643 1507 2880 1577 abyssis,
2907 1506 3046 1563 bona
3076 1515 3228 1570 sunt,
3268 1514 3458 1576 utpote
3488 1506 3683 1561 volun-

2109 1608 2220 1653 tate
2262 1598 2354 1651 Dei
2384 1596 2546 1653 facta.
2574 1596 2633 1653 Si
2669 1600 2792 1667 quis
2834 1608 3015 1653 autem
3037 1597 3201 1654 estin
3235 1597 3393 1664 caelo,
3426 1599 3683 1668 quemad—

2110 1689 2324 1743 modum
2358 1688 2621 1758 spiritalia
2657 1689 2950 1758 nequitim;
2983 1687 3067 1742 vel
3124 1687 3177 1742 in
3214 1698 3383 1752 terra,
3408 1696 3477 1759 (ut
3508 1687 3685 1743 homi-

2111 1798 2205 1838 nes
2253 1792 2598 1853 peccatores;
2641 1779 2727 1834 vel
2769 1780 2821 1834 in
2865 1778 3134 1845 maribus,
3168 1789 3225 1834 ut
3254 1780 3460 1835 malitia
3494 1781 3686 1836 draco-

408 1869 570 1922 τωλθὶ
604 1860 900 1942 ἄνθρωποι,
932 1870 1045 1942 ἢέν
1077 1874 1196 1935 ταῖς
1229 1871 1545 1938 θαλάσσαις,
1577 1874 1653 1937 ὠς
1686 1877 1719 1947 η
1753 1874 1848 1927 τοῦ
1869 1876 1995 1947 δρά-

2104 1876 2217 1940 nis;
2243 1877 2327 1930 vel
2372 1876 2425 1929 in
2472 1875 2709 1945 abyssis,
2738 1883 2796 1929 ut
2834 1872 3162 1943 perversitas
3207 1888 3397 1929 eorum
3427 1874 3519 1944 qui
3553 1874 3683 1929 illuc

409 1980 597 2026 κοντος
621 1965 809 2029 κακία,
840 1964 873 2037 ἢ
903 1967 960 2018 ὲν
984 1969 1104 2029 ταῖς
1127 1966 1405 2030 ἀϐύσσοις,
1442 1968 1517 2030 ὡς
1556 1969 1589 2039 ἠ
1631 1968 1867 2039 πονηρία
1888 1970 1997 2023 τῶν

409 2056 896 2127 προστασσομένων
928 2059 1043 2110 ἐκεῖ
1084 2056 1362 2112 ἀπελθεῖν·
1414 2060 1582 2112 κακὸν
1621 2059 1779 2113 τοῦτο
1824 2061 1922 2131 οὐχ
1966 2064 1997 2114 ὁ

405 2146 538 2209 Θεὸς
574 2147 793 2219 ἐποίησε
817 2148 896 2218 τῷ
925 2148 1187 2220 θελήματι
1220 2150 1419 2203 αὑτοῦ·
1451 2166 1470 2202 ι
1512 2152 1607 2204 Ἐκ
1637 2151 1747 2224 γὰρ
1790 2153 1993 2223 στόμα-

404 2256 495 2302 τος
520 2240 771 2308 Ὑψίστου
798 2241 897 2293 οὐκ
916 2241 1253 2307 ἐξελεύσεται
1273 2242 1341 2295 τὰ
1364 2241 1510 2296 κακὰ
1526 2244 1620 2296 καὶ
1646 2242 1706 2295 τὸ
1724 2243 1944 2311 ἀγαθόν.
1971 2262 1989 2294 ι

482 2331 591 2385 Τοῦ
624 2333 831 2387 αὑτοῦ.
861 2334 1071 2406 Ὥσπερ
1124 2336 1153 2388 ὁ
1201 2335 1429 2407 οὐρανὸς
1474 2336 1584 2407 ('50)
1622 2336 1792 2405 ἁγίων
1833 2335 1994 2388 δυνά-

407 2422 551 2492 μεών
583 2425 732 2478 ἐστιν
774 2427 1108 2499 οἰκητήριον,
1137 2426 1279 2481 οὕτω
1317 2430 1409 2481 καὶ
1448 2428 1481 2499 ὴ
1522 2429 1592 2499 γῆ
1636 2427 1744 2481 τῶν
1786 2427 1995 2499 ἀνθρώ-

402 2531 543 2566 πων.
578 2533 597 2566 ι
633 2516 688 2568 Ὀ
730 2516 957 2588 οὐρανὸς
1039 2516 1168 2588 γὰρ,
1224 2519 1377 2587 φησὶ,
1485 2518 1579 2571 τοῦ
1631 2518 1863 2591 οὐρανοῦ
1917 2519 1994 2591 τῷ

406 2604 617 2675 Κυρίῳ,
649 2605 746 2675 τὴν
776 2606 833 2659 δὲ
853 2607 956 2677 γῆν
977 2606 1145 2660 ἔδωκε
1172 2610 1285 2670 τοῖς
1312 2609 1446 2670 υἱοῖς
1475 2607 1584 2660 τῶν
1607 2605 1929 2678 ἀνθρώπων.
1969 2626 1988 2659 ι

406 2698 515 2750 Καὶ
545 2698 733 2771 ὥσπερ
766 2701 824 2752 ὲν
855 2703 975 2765 ταῖς
1004 2700 1281 2773 τροπικῶς
1322 2700 1647 2772 λεγομέναις
1692 2700 1993 2765 θαλάσσαις

396 2789 641 2849 οἰκοῦειν
676 2792 722 2844 οί
751 2793 1115 2864 ἀντικείμενοι
1139 2795 1272 2865 ἡμῖν
1301 2793 1574 2864 δαίμονες,
1616 2794 1673 2847 ὲν
1712 2788 1802 2857 αἷς
1839 2792 1934 2847 καὶ
1965 2794 1994 2846 ὀ

399 2889 615 2959 δράκων
651 2885 894 2955 ἐπλάσθη
936 2885 1030 2938 τοῦ
1075 2887 1364 2955 ἐμπαίζειν
1406 2884 1588 2955 αὐτῷ·
1628 2884 1772 2939 οὓτω
1801 2884 1897 2938 καὶ
1934 2886 1992 2939 ὲν

394 2981 520 3042 ταῖς
552 2976 929 3050 ἀλληγορικῶς
968 2977 1289 3047 λεγομέναις
1333 2976 1591 3040 ἀϐύσσοις
1626 2976 1677 3029 οἰ
1718 2974 1989 3045 καταχθό-

401 3089 509 3127 νιοι
546 3072 818 3142 δαίμονες.

484 3164 736 3232 Ἀναγωγ-
762 3162 1023 3231 νεφέλας
1049 3159 1119 3224 ἐξ
1156 3158 1421 3228 ἐσχάτου
1450 3158 1560 3227 τῆς
1584 3158 1700 3228 γῆς
1718 3176 1731 3189 ·
1763 3160 1987 3227 ἀστρα-

2099 1968 2249 2021 abire
2276 1967 2414 2037 jussi
2446 1977 2595 2033 sunt,
2627 1967 2830 2023 malum
2863 1967 2969 2022 hoc
3003 1981 3345 2037 nequaquam
3383 1966 3512 2021 fecit
3540 1965 3683 2021 Deus

2102 2059 2380 2114 voluntate
2417 2075 2538 2117 sua.
2575 2058 2751 2113 «Nam
2792 2074 2859 2113 ex
2915 2074 3011 2115 ore
3057 2059 3324 2115 Altissimi
3368 2075 3477 2113 non
3517 2074 3671 2128 egre-

2099 2151 2315 2205 dientur
2343 2150 2481 2205 mala
2507 2159 2563 2205 et
2596 2149 2884 2208 bonum".
2912 2170 2930 2202 ι

2170 2328 2452 2399 Ejusdem.
2484 2328 2955 2398 Quemadmodum
2996 2328 3196 2383 ccelum
3226 2340 3538 2384 sanctarum
3566 2333 3681 2385 vir-

2101 2426 2295 2483 tutum,
2343 2418 2424 2473 sic
2481 2428 2533 2474 et
2601 2428 2745 2475 terra
2797 2418 3077 2474 hominum
3137 2427 3222 2472 est
3282 2419 3677 2477 habitaculum.

2103 2526 2120 2559 ι
2151 2508 2360 2564 leum
2394 2509 2563 2577 enim,
2592 2508 2768 2579 inquit
2791 2510 2858 2575 ",
2888 2511 3013 2566 caeli
3067 2510 3317 2573 Domino,
3348 2520 3547 2565 terram
3590 2526 3682 2564 au-

2100 2608 2206 2651 tem
2239 2600 2392 2654 dedit
2446 2599 2572 2655 (iliis
2611 2600 2914 2656 hominum.
2942 2618 2960 2652 ι
3011 2601 3075 2654 Ει
3121 2601 3576 2671 quemadmodum
3627 2607 3679 2656 iu

2098 2690 2307 2759 tropice
2353 2688 2516 2745 dictis
2564 2690 2806 2747 maribus
2841 2692 3143 2746 adversarii
3200 2692 3358 2749 nobis
3407 2693 3682 2748 daemones

2097 2783 2367 2849 habitant,
2394 2783 2617 2857 illicquc
2644 2788 2811 2841 etiam
2851 2787 3017 2842 draco
3044 2785 3205 2843 ﬁctus
3227 2796 3309 2844 est
3338 2797 3395 2841 ut
3424 2787 3681 2844 illuderet

2093 2876 2167 2939 ei,
2201 2875 2281 2931 sic
2307 2884 2362 2931 et
2394 2878 2446 2931 in
2476 2878 2763 2949 allegorice
2801 2881 3013 2937 vocatis
3052 2881 3271 2953 abyssis
3303 2881 3555 2937 habitant
3595 2881 3682 2937 ir.-

2093 2966 2233 3023 ferni
2263 2969 2563 3025 damones.

2166 3144 2328 3203 Vsus.
2371 3146 2424 3201 7.
2462 3147 2709 3202 Educens
2751 3149 2911 3204 nubes
2936 3150 3003 3203 ab
3030 3160 3264 3206 extremo
3291 3160 3471 3217 terra,
3497 3152 3678 3222 fulgu-

399 3254 519 3320 πεις
550 3226 637 3319 εεξ
667 3226 847 3307 ὑετόὲ
876 3226 1188 3321 ἐποίησεν,
1228 3226 1282 3304 ἐξ.
1312 3267 1364 3302 τ.
1402 3251 1449 3304 ἐ.
1490 3226 1705 3322 Νεφέλη
1732 3251 1849 3305 ἐστὶ
1876 3251 1987 3322 (3i)

2098 3252 2155 3290 ra
2194 3238 2248 3290 in
2282 3237 2518 3306 pluviam
2554 3240 2703 3309 fecit,
2735 3248 2842 3295 etc.
2892 3239 3075 3296 Nubes
3103 3251 3186 3297 est
3224 3251 3419 3297 natura
3463 3243 3676 3299 ratione

400 3347 562 3414 φύσις
587 3345 797 3416 λογικὴ,
828 3347 951 3409 τοὺς
982 3346 1111 3415 περὶ
1154 3342 1419 3417 Προνοίας
1463 3342 1657 3411 λόγους
1690 3359 1988 3397 πεπιστευ-

402 3435 539 3507 μένη
560 3451 573 3466 ο
610 3435 862 3506 ἀστραπὴ
898 3434 956 3486 δέ
996 3436 1112 3487 ἐστι
1150 3431 1468 3487 διδασκαλία
1503 3434 1869 3507 πνευματικὴ,
1898 3433 1983 3487 λο-

398 3522 563 3593 γικὰς
600 3522 778 3593 ψυχὰς
808 3523 915 3576 ἀπὸ
941 3524 1141 3586 κακίας
1166 3525 1252 3576 ἐπ’
1285 3521 1486 3595 ἀρετὴν
1510 3523 1879 3592 ὲπανάγουσα.

470 3614 581 3671 Kal
613 3614 796 3668 ἔδωκε
821 3615 935 3685 τὴν
956 3616 1074 3687 γῆν
1095 3615 1301 3671 αὐτῶν
1326 3615 1752 3685 κληρονομίαν,
1780 3633 1834 3671 κ.
1858 3634 1909 3670 τ.
1940 3617 1987 3671 ι.

401 3705 464 3757 Εἰ
493 3707 526 3775 ἡ
560 3705 894 3777 κληρονομία
923 3708 1032 3777 (52)
1062 3708 1220 3780 ήμῶν
1246 3708 1446 3777 γνῶσίς
1471 3708 1621 3761 ἐστιν
1643 3709 1677 3779 ἠ
1709 3707 1803 3762 τοῦ
1828 3706 1989 3773 Θεοῦ,

400 3795 519 3860 πῶς
543 3796 791 3865 λέγονται
833 3799 1082 3869 κατέχειν
1112 3800 1315 3870 ταύτην
1352 3801 1401 3853 οἰ
1450 3801 1848 3871 ἅντικείμενοις
1882 3800 1992 3854 Καὶ

399 3886 657 3959 ζητήσεις
704 3889 913 3960 μήποτε
967 3888 1217 3959 λέγονται
1262 3891 1535 3961 κατέχειν,
1563 3891 1662 3962 οὐχ
1702 3892 1779 3954 ὡς
1822 3890 1987 3959 γινώ-

401 3995 641 4044 σκοντες,
673 3979 785 4033 ἀλλ’
814 3980 889 4043 ὡς
917 3980 1219 4045 κωλύοντες
1252 3984 1401 4052 ἡμᾶς
1430 3981 1605 4035 ἐλθεῖν
1638 3981 1775 4053 πρὸς
1795 3983 1983 4053 αὑτήν.

469 4074 813 4143 Εὐλογητὸς
841 4075 1058 4142 Κύριος
1083 4074 1153 4128 ἐκ
1193 4074 1347 4130 Σιὼν
1376 4078 1409 4129 ό
1450 4072 1741 4129 κατοικῶν
1780 4074 1986 4141 Ἰερου-

396 4165 628 4235 σαλὴμ,
670 4184 725 4220 κ.
769 4184 821 4225 τ,
857 4167 905 4220 ἑ.
956 4167 1015 4220 Ὀ
1049 4167 1109 4219 ἐν
1152 4167 1372 4240 καθαρᾷ
1406 4167 1518 4239 (5'5)
1560 4167 1760 4239 καρδίᾳ
1807 4180 1988 4219 κατοι-

398 4257 513 4311 κῶν
535 4262 778 4311 κατοικεῖ
818 4260 875 4312 ὲν
915 4257 1291 4330 Ἰερουσαλήμ.
1336 4260 1625 4314 Κατοικεῖν
1656 4258 1714 4312 δὲ
1740 4257 1900 4312 αὐτὸν
1929 4258 1986 4310 ὲν

408 4350 762 4423 Ἰερουσαλὴμ
788 4351 913 4423 ἔφη,
954 4353 1015 4405 οὐ
1048 4352 1145 4423 τὴν
1187 4352 1339 4406 θείαν
1373 4352 1537 4421 φύσιν
1561 4353 1679 4405 ἐκεῖ
1722 4349 1987 4423 περίγρὼ

396 4460 535 4510 φων,
564 4442 679 4496 ἀλλ’
702 4444 818 4497 ἐκεῖ
849 4444 1148 4513 τηνικαῦτα
1171 4442 1270 4515 τὴν
1303 4441 1453 4495 θείαν
1480 4442 1802 4513 ἐπιφάνειαν
1830 4438 1987 4503 εἰδὼς

396 4536 455 4591 ὲν
478 4535 556 4607 τῷ
581 4535 695 4607 ναῷ
718 4536 821 4607 τῆς
855 4537 1160 4609 Ἰερουσαλή
1169 4554 1227 4607 μ.

923 4716 1216 4769 ΨΑΛΜΟΣ
1268 4712 1437 4768 ΡΛΕ’.

477 4802 957 4875 Ἐξομολογεῑσθε
998 4806 1079 4873 τῷ
1106 4806 1331 4875 Κυρίῳ,
1361 4806 1451 4860 ὅτι
1486 4806 1707 4875 ἀγαθὸς
1729 4846 1745 4871 ,
1776 4806 1863 4861 ὅτι
1894 4811 1981 4875 εἰς

394 4894 501 4947 τὸν
536 4892 724 4948 αἰῶνα
764 4896 831 4948 τὸ
879 4898 1052 4963 ἕλεος
1094 4897 1281 4952 αὑτοῦ
1303 4937 1318 4962 ,
1347 4915 1400 4951 κ.
1437 4914 1489 4950 τ.
1521 4897 1568 4951 ὲ.
1604 4898 1666 4950 Oi
1704 4897 1979 4957 ταλαιπω-

398 4986 616 5056 ροῦντες
645 4986 754 5058 (54)
784 4989 842 5041 ὲν
880 4988 956 5060 τῷ
989 4989 1144 5044 αἰῶνι
1183 4992 1407 5054 εἰκότως
1434 4988 1693 5061 χρῄζουσι
1733 4991 1828 5044 καὶ
1862 4990 1977 5045 ὲλέρ

392 5095 486 5143 ους
515 5080 572 5132 ὲν
602 5078 680 5151 τῷ
714 5080 889 5135 αἰῶνι.

476 5171 963 5243 Ἐξομολογεῖσθε
998 5172 1079 5238 τῷ
1114 5174 1236 5239 Θεῷ
1270 5173 1387 5228 τῶν
1414 5172 1595 5237 θεῶν,
1629 5173 1717 5227 ὅτι
1750 5176 1837 5240 εἰς
1868 5175 1975 5227 τὸν

392 5264 579 5318 αἰῶνα
628 5263 698 5318 τὸ
738 5265 908 5333 ἔλεος
949 5264 1136 5319 αὐτοῦ
1161 5305 1175 5329 ,
1217 5283 1271 5319 κ.
1321 5284 1373 5319 τ.
1422 5267 1468 5320 ἑ.
1528 5267 1594 5319 Ἦ
1636 5263 1973 5337 ἐξομολόγη-

393 5372 479 5419 σις
509 5355 619 5428 (33)
664 5355 763 5429 τὴν
792 5355 1141 5427 εὐχαριστίαν
1184 5357 1277 5410 καὶ
1322 5356 1626 5425 δοξολογίαν
1676 5356 1929 5427 σημαίνει
1956 5373 1969 5387 ’

2000 4652 2068 4661 -ο

2092 3329 2336 3398 praedita,
2384 3331 2471 3386 cui
2517 3333 2724 3387 credita
2762 3341 2890 3387 sunt
2922 3333 3137 3404 eloquia
3182 3334 3250 3390 de
3286 3334 3672 3401 Providentia;

2095 3420 2274 3488 fulgur
2323 3432 2507 3479 autem
2552 3434 2640 3479 cst
2675 3424 2926 3480 doctrina
2969 3425 3233 3495 spiritalis
3288 3442 3411 3498 quae
3462 3427 3674 3482 animus

2098 3515 2306 3570 ratione
2333 3517 2590 3585 praeditas
2612 3534 2644 3572 a
2668 3517 2873 3574 malitia
2901 3521 2968 3574 ad
2994 3522 3246 3577 virtutem
3279 3531 3522 3575 revocat.

2165 3602 2328 3659 Vens.
2358 3606 2445 3660 l2.
2467 3605 2533 3661 Et
2555 3607 2921 3673 deditvterram
2950 3626 3128 3664 eorum
3159 3611 3539 3677 hwreditatem,
3561 3619 3669 3668 etc.

2093 3695 2149 3751 Si
2182 3698 2475 3753 haereditas
2519 3710 2702 3757 nostra
2734 3703 2971 3772 cognitio
3010 3702 3099 3758 Dei
3151 3713 3257 3769 est,
3284 3705 3555 3774 quomodo
3584 3704 3668 3758 di-

2091 3802 2288 3844 cuntur
2316 3805 2437 3847 eam
2465 3792 2713 3848 obtinere
2740 3794 3074 3851 adversarii?
3103 3794 3172 3850 Et
3199 3811 3410 3866 quaeres
3437 3811 3505 3850 ne
3533 3798 3672 3853 forte

2090 3880 2344 3937 dicantur
2400 3883 2687 3948 obtinere,
2755 3900 2862 3940 non
2936 3898 3192 3957 tanquam
3256 3901 3670 3960 cognoscentes,

2094 3971 2188 4027 sed
2220 3980 2475 4041 tanquam
2506 3975 2860 4042 prohibentes
2886 3989 2953 4029 ne
2985 3976 3052 4029 ad
3086 3989 3207 4030 eam
3240 3978 3590 4034 accedamus.

2163 4063 2327 4119 Vsus.
2353 4064 2445 4119 9.1.
2472 4065 2790 4121 Benedictus
2836 4065 3093 4123 Dominus
3120 4085 3185 4123 es:
3211 4069 3363 4136 Sion,
3396 4072 3487 4140 qui
3516 4072 3670 4125 Itabi»

2088 4164 2164 4207 tat
2189 4156 2243 4209 in
2272 4153 2596 4223 Jerusalem,
2624 4167 2728 4212 etc.
2762 4157 2862 4224 Qui
2900 4159 2953 4212 in
2990 4160 3152 4214 corde
3183 4175 3316 4229 puro
3349 4161 3576 4228 habitat,
3613 4164 3667 4217 in

2085 4244 2388 4301 Jerusalem
2430 4248 2665 4303 habitat.
2722 4250 2904 4320 Ipsum
2938 4259 3116 4304 autem
3146 4252 3397 4307 habitare
3428 4252 3480 4306 in
3511 4251 3669 4309 Iern.

2087 4337 2253 4393 salem
2291 4340 2447 4406 dixit,
2481 4356 2587 4396 non
2627 4343 2770 4411 quod
2802 4342 3041 4396 divinam
3092 4343 3201 4397 illic
3252 4352 3503 4398 naturam
3551 4343 3667 4397 cir-

2087 4433 2449 4499 cumscribat,
2482 4434 2576 4489 sed
2608 4433 2751 4503 quod
2792 4433 2903 4490 illic
2938 4434 3106 4489 Demn
3137 4435 3190 4489 in
3218 4435 3420 4506 templo
3444 4436 3669 4493 Jerusae

2093 4526 2197 4580 lem
2231 4524 2568 4581 utauifestari
2597 4527 2784 4583 sciret.

2454 4709 2618 4781 333
2666 4706 2988 4764 PSALMUS
3025 4708 3286 4769 cxxxv.

2162 4805 2323 4859 Vens.
2374 4803 2425 4858 l.
2476 4802 2805 4870 Con/itemiui
2868 4800 3096 4858 Domino
3145 4806 3393 4875 quoniam
3451 4805 3667 4871 bonus,

2086 4897 2336 4966 quoniam
2362 4896 2417 4949 in
2439 4895 2690 4949 sa'culum
2713 4895 3072 4951 misericordia
3102 4897 3242 4961 eius,
3277 4906 3385 4953 etc.
3416 4897 3664 4954 Infelices

2085 4988 2139 5041 in
2196 4988 2394 5044 saeculo
2442 4988 2702 5059 indigent,
2756 4996 2813 5043 ut
2851 4989 3045 5044 rationi
3086 5001 3512 5047 consentaneum
3554 5002 3657 5056 est,

2083 5081 2249 5133 etiam
2284 5078 2659 5134 misericordia
2689 5079 2742 5133 in
2775 5078 2992 5134 sarculo.

2159 5169 2322 5224 Vsus.
2369 5169 2427 5223 2.
2477 5169 2814 5240 Cou/itemini
2860 5169 2969 5224 Deo
3028 5171 3265 5238 deorum,
3312 5174 3560 5241 quoniam
3608 5174 3663 5226 in

2081 5264 2334 5317 steculum
2372 5263 2740 5319 misericordia
2768 5264 2907 5332 eius,
2958 5273 3065 5320 etc.
3098 5263 3511 5334 Exomologesis
3539 5280 3661 5333 gra-

2083 5357 2278 5410 tiarum
2304 5355 2574 5410 actionem
2608 5367 2661 5411 et
2692 5356 3141 5428 gloriﬁcat'tonem
3168 5355 3460 5426 signiticet.
3498 5355 3662 5414 Usuro

464 5477 510 5514 ³³
536 5477 705 5534 Exod.
733 5493 888 5544 xvm,
914 5480 934 5532 1
956 5480 998 5532 Ι.
1076 5478 1121 5511 ³⁵
1150 5479 1438 5545 Thren.m,
1464 5480 1550 5535 58.
1628 5480 1673 5512 ’⁸
1705 5480 1847 5537 Psal.
1887 5494 2047 5546 cxtlt,
2069 5479 2151 5534 16.

465 5593 577 5663 (28)
619 5594 682 5646 '0
712 5592 829 5663 μὲν
862 5592 1048 5662 Ἰοθώρ
1068 5609 1239 5663 φησι,
1271 5606 1377 5649 etc.
1408 5596 1612 5651 Catena
1648 5595 1913 5652 Corderii.

466 5665 579 5731 (2’9)
619 5665 774 5717 Ὅσα
802 5665 1112 5733 ἐποίησεν,
1151 5674 1259 5719 etc.
1289 5664 1510 5719 Eadem.

467 5733 829 5803 (51))Ὥσπερ
870 5738 902 5789 ό
939 5734 1216 5802 οὐρανός,
1251 5745 1358 5790 etc.
1395 5736 1621 5793 Schedzc
1659 5736 1867 5794 Grabii.

467 5804 579 5875 (3!)
614 5806 850 5875 Νεφέλη
884 5806 1079 5874 ἐστίν,
1110 5814 1216 5863 etc.
1250 5806 1482 5861 Etcdcm.

2152 5597 2264 5664 (δὲ)
2294 5599 2362 5649 Εἰ
2389 5597 2428 5664 ἡ
2454 5597 2841 5663 κληρονομία,
2875 5608 2980 5651 ctc.
3016 5597 3251 5653 Eadem.

2153 5667 2263 5733 (53)
2305 5667 2367 5718 '0
2395 5667 2465 5719 ἐν
2488 5664 2737 5733 καθαρᾷ,
2768 5676 2873 5720 etc.
2912 5668 3146 5724 Eaedem.

2149 5738 2260 5804 (54)
2289 5739 2351 5803 Ol
2389 5734 2923 5802 ταλαιπωροῦντες,
2956 5746 3063 5791 etc.
3094 5738 3333 5794 Ezedctn.

2164 5808 2276 5870 (33)
2298 5810 2303 5814 ”
2326 5808 2387 5864 Ἡ
2409 5806 2866 5871 ἐξομολόγησις,
2902 5816 3008 5862 etc.
3042 5808 3278 5864 Eat-dem.
