4106 6440
447 383 586 444 1635

1829 385 1921 440 EX
1952 384 2112 441 ORIG
2121 383 2255 439 ENE

3557 382 3580 432 ι
3594 377 3697 434 οδε

442 514 600 571 patur
638 512 819 559 autem
874 501 1035 557 etiam
1091 518 1191 571 pro
1256 502 1599 558 confessione
1650 514 2014 572 peccatorum,

2121 505 2298 556 κεῖται
2332 501 2388 554 δὲ
2418 501 2510 553 καὶ
2545 500 2636 553 ἐπὶ
2664 500 2761 570 τῆς
2791 498 3229 570 ὲξομολογήσεως
3256 482 3362 551 τῶν
3391 497 3701 568 ἁμαρτιῶν,

443 593 588 646 sicut
611 595 711 648 hoc
741 593 881 647 loco.

516 682 789 755 Ejusdem.
823 684 964 739 Deus
983 685 1210 739 deorum
1235 693 1316 738 est
1336 682 1548 737 illorum
1577 685 1649 739 ad
1673 699 1809 753 quos
1835 699 2014 739 sermo

445 774 535 828 Dei
568 775 747 829 factus
782 785 865 828 est
903 774 1198 829 secundum
1233 773 1570 841 Scripturam
1619 791 1737 844 qua:
1771 775 1900 830 dicit
1946 776 2011 843 “,

446 885 464 916 s
495 864 603 935 Ego
632 865 873 931 dixi,Dii
897 870 1048 920 estis.
1075 881 1097 920 ι
1126 865 1189 919 Et
1222 865 1288 930 ’⁷,
1325 883 1343 917 ι
1364 864 1478 935 Ego
1516 881 1633 919 sum
1666 866 1807 920 Deus
1842 867 2015 921 Abra-

441 954 587 1019 ham,
613 967 667 1010 et
701 956 841 1010 Deus
864 954 1033 1020 Isaac,
1059 966 1113 1010 et
1134 955 1275 1010 Deus
1298 954 1518 1022 Iacob,»
1546 956 1795 1012 videlicet
1820 972 2013 1013 secun-

440 1047 569 1098 dum
606 1060 861 1116 magnam
890 1062 1017 1117 erga
1050 1047 1172 1101 illos
1207 1045 1552 1102 dilectionem
1582 1058 1636 1102 et
1674 1048 2014 1103 famtliarita»

442 1146 569 1189 tem.
610 1137 919 1191 Daunonum
953 1153 1080 1192 vero
1129 1139 1269 1194 Deus
1318 1148 1403 1195 est
1445 1140 1740 1195 secundum
1782 1142 2016 1197 creatio-

441 1244 583 1285 nem.
632 1230 920 1298 Apostolus
966 1230 1129 1285 etiam
1164 1232 1242 1285 ait
1284 1232 1353 1297 ³³,
1397 1230 1503 1287 Etsi
1560 1243 1686 1289 sunt
1732 1234 1807 1289 dii
1862 1236 2012 1289 tnulti

437 1330 493 1376 et
541 1322 743 1376 domini
800 1323 952 1376 inulti
995 1323 1048 1377 in
1082 1324 1223 1379 coelo
1271 1335 1327 1380 et
1377 1326 1431 1379 in
1482 1334 1647 1390 terra,
1697 1341 1794 1381 eos
1832 1337 2012 1383 tamen

437 1416 571 1469 deos
593 1415 689 1483 qui
717 1424 840 1485 post
881 1415 1206 1472 Il‘rinitatem
1233 1418 1313 1472 sic
1343 1419 1702 1488 appellantur,
1737 1418 1870 1474 tales
1894 1434 2015 1475 esse

437 1524 534 1575 per
588 1507 891 1562 divinitatis
949 1508 1449 1579 participationem.
1524 1509 1773 1565 Salvator
1834 1521 2013 1565 autem

441 1615 546 1650 non
578 1613 679 1666 per
707 1599 1205 1668 participationem,
1246 1601 1340 1655 sed
1389 1601 1687 1656 secundum
1719 1600 2013 1655 essentiam

439 1691 581 1744 Deus
605 1700 708 1745 est.
746 1690 916 1744 Porro
940 1690 1089 1759 iHud,
1126 1709 1144 1743 ι
1168 1690 1434 1757 Quoniam
1470 1691 1523 1745 in
1557 1691 1816 1747 saeculum
1849 1693 2016 1748 mise-

438 1781 669 1835 ricordia
719 1782 857 1850 ejus,
885 1799 904 1833 ι
957 1796 1052 1849 per
1101 1784 1317 1837 modum
1363 1783 1695 1838 laudationis
1742 1784 2010 1853 adjicitur.

2116 595 2191 657 ὡς
2217 594 2467 648 ἐνταῦθα.

2192 686 2301 740 Τοῦ
2320 686 2527 739 αὐτοῦ.
2545 684 2677 747 Θεὸς
2711 682 2847 737 θεῶν
2864 682 2977 753 (56)
3003 683 3155 736 ἐστιν
3177 682 3403 734 ἐκείνων
3428 681 3538 734 τῶν
3563 680 3701 751 πρὸς

2116 777 2209 841 οὒς
2231 778 2260 830 ὁ
2285 775 2439 843 λόγος
2474 774 2568 828 τοῦ
2602 773 2738 827 Θεοῦ
2778 773 3026 841 ἐγένετο,
3060 772 3203 826 κατά
3229 771 3328 843 τὴν
3352 771 3576 843 Γραφὴν
3600 772 3702 840 τὴν

2116 870 2405 937 λέγουσαν·
2448 888 2467 919 ι
2510 867 2651 934 Ἐγὼ
2686 863 2815 921 εἶπα
2834 886 2849 899 ·
2883 868 3015 922 Θεοί-
3043 870 3165 921 ἐπε
3185 885 3205 905 ·-
3233 869 3326 922 καὶ
3345 907 3361 932 ,
3402 867 3543 936 Ἐγὼ
3565 866 3703 929 Θεὸς

2129 960 2399 1031 Ἀϐραὰμ,
2431 960 2525 1013 καὶ
2548 960 2679 1024 Θεὸς
2713 959 2919 1023 Ἰσαάκ,
2942 960 3034 1012 καὶ
3058 959 3189 1023 Θεὸς
3204 958 3460 1012 Ἰακώϐοδ
3496 958 3700 1029 δηλαδὴ

2118 1047 2258 1101 κατά
2280 1046 2379 1118 τὴν
2403 1047 2601 1118 πολλὴν
2631 1047 2765 1119 πρὸς
2799 1048 2995 1111 αὐτοὺς
3026 1049 3248 1117 ἀγάπην
3275 1049 3368 1100 καὶ
3398 1048 3697 1101 οἱκείωσιν.

2117 1138 2239 1191 Τῶν
2254 1138 2309 1191 δὲ
2333 1138 2602 1209 δαιμόνων
2615 1140 2746 1203 Θεὸς
2766 1142 2791 1191 ὲ
2801 1157 2883 1193 στι
2900 1140 3045 1194 κατά
3054 1141 3151 1212 τὴν
3164 1141 3227 1211 δη
3238 1154 3361 1210 μιου
3369 1140 3546 1212 ργίαν.
3562 1141 3703 1211 Φησὶ

2115 1229 2171 1283 δὲ
2188 1232 2281 1283 καὶ
2299 1233 2330 1283 ό
2364 1231 2683 1295 Ἀπόστολος
2701 1248 2715 1262 ο
2742 1232 2914 1302 Εἴπερ
2942 1232 3048 1284 εἰσὶ
3077 1231 3188 1285 θεοὶ
3203 1232 3388 1285 πολλοὶ
3405 1233 3499 1285 καὶ
3521 1232 3703 1299 κύριοι

2118 1320 2303 1374 πολλοὶ
2326 1324 2384 1375 ὲν
2415 1320 2494 1392 τῷ
2511 1321 2726 1393 οὐρανῷ
2752 1324 2845 1376 καὶ
2865 1324 2957 1376 ἐπὶ
2981 1325 3078 1395 τῆς
3104 1324 3226 1395 γῆς·
3246 1324 3381 1378 ἀλλά
3396 1324 3524 1387 τοὺς
3547 1323 3705 1392 λεγο-

2120 1413 2315 1483 μένους
2348 1411 2482 1482 μετά
2507 1413 2605 1482 τὴν
2638 1413 2843 1483 Τριάδα
2872 1413 3027 1477 θεοὺς
3052 1416 3319 1486 μετουσία
3340 1415 3594 1487 θεότητος
3624 1410 3704 1467 εξ-

2116 1520 2204 1557 ναι
2233 1503 2507 1568 τοιούτους
2529 1521 2543 1535 ο
2578 1507 2606 1558 ὁ
2630 1504 2689 1558 δὲ
2714 1504 2906 1575 Σωτὴρ
2934 1506 2995 1557 οὐ
3034 1506 3176 1559 κατὰ
3208 1506 3500 1576 μετουσίαν
3524 1546 3537 1570 ,
3565 1506 3703 1560 ἀλλά

2117 1600 2238 1650 κατ’
2271 1598 2459 1651 οὐσίαν
2488 1598 2604 1650 ἐστὶ
2642 1597 2793 1661 Θεός.
2830 1597 2904 1650 Τὸ
2935 1597 3024 1661 δὲ,
3065 1618 3083 1648 ι
3127 1598 3250 1651 Ὅτι
3294 1600 3373 1661 εἰς
3411 1600 3502 1651 τὸν
3530 1598 3705 1652 αἰῶνα

2115 1688 2177 1741 τὸ
2213 1688 2361 1752 ἔλεος
2385 1688 2570 1752 αὐτοῦ,
2604 1707 2622 1740 ι
2656 1688 2924 1759 ὲφυμνέας
2954 1690 3141 1760 τρόπῳ
3167 1689 3498 1756 ὲπιλέγεται.
3549 1690 3707 1742 Ἐπεὶ

2116 1780 2225 1852 γὰρ
2248 1781 2334 1834 ἀεὶ
2357 1781 2516 1846 ὲλεεῖ,
2546 1781 2768 1843 εἰκότως
2790 1784 2837 1833 οἱ
2866 1781 3229 1851 ὲφυμνοῦντες
3244 1780 3512 1850 λέγουσιν,
3537 1802 3556 1833 ι
3581 1784 3710 1847 Ὅτι,

435 1872 568 1925 Cum
601 1873 745 1927 enim
787 1886 1001 1940 semper
1031 1871 1382 1936 misereatur,
1425 1873 1622 1928 merito
1644 1873 2013 1929 collaudantes

2120 1874 2195 1936 είς
2216 1872 2308 1925 τὸν
2335 1872 2527 1938 αἰῶνα,
2544 1893 2559 1921 ι
2598 1874 2691 1925 καὶ
2720 1872 2784 1925 τά
2810 1872 2957 1942 ἑξῆς.

434 1963 613 2025 aiunt,
653 1981 671 2014 ι
694 1962 960 2029 Quoniam
987 1963 1038 2017 in
1070 1963 1354 2025 szeeulum,
1386 1983 1404 2017 ι
1435 1972 1541 2018 etc.

510 2053 671 2109 Vens.
716 2054 772 2110 4.
810 2054 917 2120 Qui
977 2054 1096 2123 fecit
1140 2054 1407 2107 mirabilia
1445 2071 1637 2122 magna
1684 2054 1847 2119 solus,
1902 2063 2010 2109 ete.

433 2145 687 2201 Ostendit
732 2145 906 2213 ipsum
952 2153 1214 2215 perpetuo
1272 2144 1595 2201 benefacere
1639 2158 1694 2199 et
1746 2145 2013 2201 mirabilia

434 2236 672 2304 operari.
717 2235 783 2289 Et
816 2234 931 2294 hzec
980 2235 1112 2299 duo,
1160 2235 1263 2289 tria
1296 2245 1349 2290 et
1380 2246 1613 2304 quatuor
1657 2235 1753 2303 ipsi
1799 2237 2014 2305 prOpria

433 2327 608 2395 ponit,
642 2328 784 2396 quod
816 2326 1009 2391 faciat,
1042 2329 1193 2396 quod
1215 2328 1487 2383 mirabilia
1516 2369 1531 2392 ,
1563 2327 1712 2397 quod
1744 2327 2011 2383 tnirabilia

436 2434 654 2487 magna,
686 2428 741 2472 et
776 2419 921 2487 quod
954 2419 1105 2473 solus
1138 2417 1322 2474 faciat.
1359 2418 1485 2474 Haec
1521 2428 1700 2473 autem
1728 2419 1863 2472 dixit
1907 2434 2013 2474 non

436 2522 493 2563 nt
535 2510 704 2565 [ilium
731 2509 1105 2578 vilipenderet,
1138 2512 1233 2563 sed
1279 2520 1333 2566 ut
1378 2510 1671 2566 discrimen
1720 2512 1860 2565 inter
1889 2526 2013 2565 eum

432 2611 487 2655 et
510 2604 783 2658 dat-mones
806 2603 1120 2658 collocaret.
1165 2601 1234 2655 Et
1263 2616 1510 2671 quaenam
1548 2613 1673 2657 sunt
1699 2602 1814 2657 lucc
1851 2603 2017 2656 mira-

432 2692 554 2747 cula
589 2708 711 2761 quae
737 2695 885 2748 solus
914 2693 1045 2748 facit
1064 2694 1095 2747 ἓ
1120 2694 1281 2749 Certe
1307 2694 1359 2747 in
1389 2693 1657 2763 principio
1693 2692 1884 2763 psalmi
1911 2707 2015 2747 non

436 2788 503 2841 de
539 2788 778 2857 potentia
810 2785 1147 2856 loquebatur,
1189 2785 1286 2841 sed
1322 2785 1387 2840 de
1433 2785 1696 2842 bonitate.
1733 2785 2017 2853 Quomodo

437 2894 567 2949 ergo
599 2877 797 2933 accidit
831 2889 891 2932 ut
920 2878 1025 2945 iam
1054 2879 1309 2948 deinceps
1351 2878 1610 2947 loquatur
1641 2877 1708 2931 de
1733 2877 2019 2947 potentia?

441 2972 578 3039 Quia
609 2971 866 3025 nimirum
892 2972 1008 3026 hac
1038 2970 1297 3026 miracula
1328 2987 1433 3024 non
1461 2969 1633 3024 solum
1671 2980 1799 3025 sunt
1828 2979 2016 3040 poten-

439 3064 547 3128 tia-,
581 3063 675 3119 sed
714 3063 878 3118 etiam
918 3063 1177 3119 bonitatis
1203 3072 1255 3116 et
1289 3061 1658 3132 benignitatis.

2124 2050 2127 2051 ⁷
2192 2052 2277 2118 Τῷ
2302 2052 2621 2119 ποιήσαντι
2646 2052 2947 2120 θαυμάσια
2985 2053 3218 2122 μεγάλα
3260 2055 3453 2122 μόνῳ,
3481 2071 3532 2106 κ.
3565 2072 3615 2106 τ.
3651 2056 3703 2109 ὲ.

2117 2147 2396 2199 Δείκνυσιν
2417 2144 2580 2200 αὐτὸν
2607 2145 2721 2213 (57)
2749 2144 3014 2214 διηνεκῶς
3040 2145 3429 2215 εὐεργετοῦντα
3455 2147 3549 2198 καὶ
3572 2146 3703 2203 θαυ-

2119 2237 2535 2310 ματοποιοῦντα.
2570 2238 2679 2290 Καὶ
2705 2236 2799 2290 δύο
2838 2236 3012 2290 ταῦτα
3033 2237 3198 2290 αὐτοῦ
3229 2236 3407 2308 τίθησι
3448 2239 3541 2290 καὶ
3574 2240 3704 2309 τρῗα

2115 2331 2211 2384 καὶ
2250 2331 2523 2400 τέσσαραο
2550 2328 2633 2381 ὅτι
2662 2344 2719 2380 τε
2750 2331 2924 2393 ποιεῖ,
2959 2329 3054 2382 καὶ
3081 2329 3164 2381 ὅτι
3190 2328 3462 2399 θαύματα,
3496 2330 3588 2381 καὶ
3618 2330 3705 2383 ὃτι

2121 2423 2329 2494 μεγάλα
2366 2421 2654 2491 θαύματα,
2691 2419 2785 2472 καὶ
2812 2422 2892 2473 ὅτι
2925 2421 3090 2490 μόνος-
3128 2423 3288 2473 ποιεῖ.
3337 2420 3520 2473 Ταῦτα
3553 2421 3609 2472 δὲ
3640 2421 3705 2478 οὐ

2117 2514 2254 2585 προς
2285 2513 2544 2584 ἀθέτησιν
2572 2511 2667 2565 τοῦ
2703 2512 2887 2575 παιδὸς
2907 2551 2920 2575 ,
2952 2512 3089 2567 ἀλλά
3129 2512 3266 2583 πρὸς
3297 2512 3707 2583 ἀντιδιαστολὴν

2117 2608 2331 2678 εἴρηται
2361 2605 2471 2658 τῶν
2504 2606 2791 2676 δαιμόνων.
2822 2606 2933 2660 Καὶ
2956 2606 3077 2660 τίνα
3121 2605 3296 2659 ταῦτά
3331 2607 3449 2659 ἐστι
3478 2606 3548 2661 τά
3568 2605 3706 2660 θαύ-

2120 2709 2265 2763 ματα
2290 2693 2327 2748 ἃ.
2356 2693 2516 2763 μόνος
2569 2696 2715 2746 ποιεῖ
2750 2709 2764 2758 ;
2797 2694 3059 2761 Καίτοιγε
3097 2694 3399 2766 ἀρχόμενος
3434 2696 3529 2749 τοῦ
3568 2697 3707 2765 ψαλ-

2120 2782 2221 2853 μοῦ
2256 2784 2317 2835 ού
2355 2783 2485 2853 περὶ
2516 2783 2799 2853 δυνάμεως
2835 2782 3020 2851 ἔλεγεν
3047 2827 3061 2850 ,
3099 2785 3234 2841 ἀλλὰ
3268 2787 3396 2856 περὶ
3432 2785 3708 2856 ἀγαθότη-ιτ

2117 2890 2223 2936 τος.
2258 2875 2385 2939 Πῶς
2427 2871 2521 2929 οὖν
2572 2876 2667 2930 νῦν
2709 2878 2789 2940 εις
2820 2876 2912 2929 τὸν
2954 2878 3083 2948 περὶ
3115 2879 3399 2949 δυνάμεως
3441 2880 3708 2950 ἐμπίπτει

2117 2966 2274 3035 λόγον
2309 2966 2544 3022 ἐνταῦθα
2582 2966 2769 3022 λοιπόν
2803 2984 2819 3033 ;
2854 2970 2975 3022 Ὅτι
3015 2970 3137 3039 ούχὶ
3184 2970 3465 3041 δυνάμεως
3514 2970 3707 3039 μόνον,

2118 3058 2256 3113 ἀλλά
2294 3060 2389 3114 καὶ
2424 3059 2759 3132 ἀγαθότητος
2793 3060 2888 3114 καὶ
2928 3061 3337 3133 φιλανθρωπίας
3370 3060 3547 3119 ταῦτά
3587 3063 3712 3115 ἐστι

2118 3151 2188 3204 τὰ
2226 3151 2502 3223 θαύματα.

512 3238 673 3291 Vt-zns.
717 3238 773 3292 6.
840 3238 944 3305 Qui
985 3240 1216 3307 ﬁrmavit
1258 3249 1454 3293 terram
1498 3255 1655 3310 super
1684 3256 1872 3310 aquas,
1906 3248 2012 3294 etc.

2198 3242 2280 3307 Τῷ
2306 3218 2708 3310 ατερεώσαντι
2747 3241 2861 3309 τὴν
2907 3241 3025 3311 γῆν
3064 3242 3163 3295 ἐπὶ
3204 3240 3322 3295 τῶν
3350 3240 3605 3305 ὑδάτων,
3650 3258 3709 3297 κ.

438 3329 495 3381 Si
562 3344 715 3395 aqua:
773 3329 1144 3385 fulcimentum
1201 3336 1286 3385 est
1339 3341 1515 3396 terra,
1552 3328 1823 3399 quomodo
1870 3339 2016 3383 terra

439 3436 602 3488 super
635 3435 806 3490 aquas
830 3423 1038 3476 firmata
1069 3432 1153 3477 est
1169 3424 1199 3475 ?~
1228 3420 1509 3489 Quomodo
1531 3422 1693 3476 etiam
1710 3420 1811 3475 Job
1832 3436 2018 3475 verum

438 3513 590 3575 dicit,
623 3528 744 3566 eum
778 3513 850 3566 ait
891 3531 904 3567 :
951 3531 970 3563 ι
1003 3512 1105 3580 Qui
1137 3515 1393 3584 appendit
1427 3524 1631 3567 terram
1668 3527 1830 3583 super
1873 3512 2021 3566 nihi-

441 3606 551 3658 lum
585 3605 672 3657 “?
704 3622 720 3655 ι
749 3602 854 3659 Sed
888 3609 1011 3661 vide
1061 3622 1130 3661 ne
1182 3608 1324 3663 forte
1379 3617 1525 3661 terra
1576 3622 1697 3675 quae
1747 3615 1834 3660 est
1880 3603 2020 3659 infra

441 3695 697 3766 abyssum
725 3735 740 3759 ,
780 3710 1019 3765 appensa
1078 3696 1151 3750 sit
1196 3710 1358 3764 super
1412 3696 1684 3760 nihilum;
1725 3709 1787 3748 ea
1841 3703 2021 3748 autem

440 3802 563 3855 qua:
593 3796 678 3840 est
709 3800 871 3854 supra
909 3786 1165 3857 abyssum
1210 3799 1352 3841 terra
1394 3796 1449 3840 et
1481 3787 1534 3840 in
1581 3800 1690 3855 qua
1726 3786 1890 3839 etiam
1928 3799 2025 3840 nos

443 3877 792 3943 habitamus,
844 3894 1008 3949 super
1055 3880 1320 3950 abyssum
1389 3880 1602 3934 fmnata
1674 3880 1749 3934 sit
1782 3895 1796 3931 :
1828 3879 1899 3934 ita
1964 3889 2023 3933 ut

444 3971 673 4040 abyssus
717 3970 769 4024 in
822 3972 1004 4026 medio
1063 3981 1221 4026 terra:
1265 3973 1611 4027 continuentur
1655 3981 1913 4041 tanquam
1967 3972 2020 4026 in

444 4075 594 4115 vase.
628 4061 694 4115 Et
738 4063 852 4117 haec
877 4064 1096 4132 quidem
1123 4067 1173 4118 si
1196 4064 1319 4134 quis
1355 4081 1478 4118 cum
1517 4064 1744 4119 historia
1771 4063 2023 4120 conferre

443 4153 713 4208 voluerit:
742 4155 809 4208 ad
842 4156 1141 4223 spiritalern
1176 4166 1353 4211 autent
1384 4171 1604 4215 sensum
1630 4156 1776 4224 quod
1806 4156 2019 4222 attinet,

440 4246 771 4314 Glorilicate,
796 4248 989 4318 inquit,
1016 4264 1139 4304 eum
1174 4250 1267 4320 qui
1309 4249 1519 4304 ratione
1552 4250 1835 4317 praeditam
1864 4259 2023 4303 natu-

446 4353 559 4391 ram
604 4352 769 4406 super
808 4353 994 4392 veram
1029 4339 1403 4408 cognitionem
1444 4338 1702 4395 ﬁrmavit.
1750 4336 1806 4391 lu
1855 4335 2025 4407 83‘,

446 4429 756 4495 Evangeliis
800 4445 928 4485 vero
978 4441 1135 4485 terra:
1164 4432 1385 4485 nomine
1431 4431 1782 4485 rationabiles
1811 4430 2023 4483 animas

443 4517 703 4587 appellari
751 4529 805 4573 et
863 4535 1057 4589 aquam
1114 4536 1145 4574 a
1199 4522 1427 4574 Domino
1472 4520 1755 4574 scientiam
1804 4517 1935 4582 dici,
1992 4533 2023 4571 e

445 4612 657 4667 semine
697 4613 837 4680 quod
870 4613 924 4681 in
955 4624 1155 4679 terram
1188 4613 1386 4670 bonam
1418 4612 1634 4677 cecidit,
1679 4611 1891 4666 discere
1917 4620 2020 4673 est,

443 4716 498 4757 et
521 4720 584 4758 ex
612 4705 833 4759 ﬂumine
855 4721 1009 4773 aqua:
1038 4708 1169 4759 vivae
1193 4708 1258 4758 de
1289 4715 1478 4759 ventre
1508 4704 1781 4759 credentis
1802 4704 2020 4757 llueme.

446 4797 671 4867 Reliqua
708 4797 873 4851 etiam
914 4797 1071 4862 hujus
1102 4796 1295 4864 psalmi
1342 4795 1469 4849 huic
1514 4792 1769 4847 secunda:
1799 4793 2021 4860 exposi-

445 4888 574 4942 tioni
624 4888 975 4942 conueniunt.
1020 4888 1173 4943 Luna
1224 4896 1278 4940 et
1318 4884 1488 4939 stelire
1529 4884 1843 4938 illuminant
1883 4884 2022 4939 hanc

444 4990 645 5034 terram
677 4994 798 5048 quae
845 4980 899 5033 in
935 4978 1240 5049 ignorantia
1266 4979 1451 5031 adhuc
1476 4984 1655 5031 manet
1692 4986 1751 5030 et
1784 4976 2018 5029 nondum

444 5079 619 5137 potest
649 5087 677 5123 a
707 5071 820 5125 sole
841 5070 1065 5139 institue
1094 5070 1387 5125 illuminari
1411 5085 1426 5133 ;
1459 5078 1513 5120 et
1542 5082 1733 5123 rursus
1758 5066 2024 5138 Egyptus

445 5160 770 5231 intelligitur
798 5160 1103 5229 symbolum
1132 5174 1253 5215 esse
1300 5158 1518 5213 malitia:
1557 5158 1883 5229 spiritalium
1911 5158 2021 5228 pri-

445 5252 843 5318 tlltlgOllilOI'um
887 5252 980 5322 qui
1012 5252 1286 5306 interfecti
1322 5259 1449 5305 sunt
1476 5289 1492 5314 ,
1526 5259 1581 5304 et
1613 5249 1880 5321 supplicio
1907 5248 2023 5303 ιιθί-

440 5343 584 5396 citnr
614 5342 827 5397 Pharao
876 5343 1219 5413 spiritalibus
1272 5343 1427 5412 aquis
1479 5340 1802 5405 suffocatus,
1858 5350 2023 5411 atque

448 5431 610 5486 Israel
640 5434 911 5501 esuriens,
944 5434 1139 5491 sitiens
1163 5446 1217 5489 et
1246 5444 1508 5496 tentatus,
1535 5434 1586 5486 in
1618 5448 1683 5486 eo
1706 5434 1850 5501 quod
1882 5432 2019 5486 aeti-

446 5537 521 5574 rw
556 5524 675 5578 vita:
703 5536 862 5593 typus
895 5536 1002 5590 est,
1054 5528 1272 5583 deserto
1317 5524 1577 5583 ambulat,
1634 5522 1901 5579 festinans
1952 5524 2020 5578 ad

2117 3351 2171 3386 τ.
2204 3334 2251 3385 ὲ.
2284 3334 2346 3387 Ei
2374 3334 2468 3387 τοῦ
2499 3333 2690 3395 ὕδατός
2713 3331 2825 3401 (58)
2855 3333 2971 3384 ἐστι
3012 3331 3169 3402 βάσις
3209 3334 3242 3403 ἡ
3272 3332 3343 3402 γῆ
3364 3370 3378 3394 ,
3411 3330 3528 3395 πῶς
3568 3332 3602 3401 ἡ
3632 3331 3711 3400 γῆ

2119 3422 2214 3474 ἐπὶ
2270 3419 2379 3475 τῶν
2438 3421 2644 3475 ὑδάτων
2696 3420 3063 3491 ὲστερέωταις
3101 3419 3226 3484 Πῶς
3269 3420 3327 3473 δὲ
3374 3418 3470 3474 καὶ
3514 3421 3543 3472 ὁ
3588 3419 3712 3472 Ἰὼϐ

2120 3514 2373 3585 ἀληθεύει
2410 3513 2587 3582 λέγων
2610 3556 2624 3580 ,
2670 3532 2687 3563 ι
2711 3513 2768 3567 '0
2820 3512 3106 3583 κρεμάσας
3142 3512 3242 3584 τὴν
3285 3513 3392 3583 γῆν
3428 3515 3515 3565 ὲπ*
3549 3514 3716 3567 οὐδε·-

2121 3606 2250 3671 νός;
2291 3623 2309 3656 s
2353 3605 2463 3657 Καὶ
2503 3605 2715 3675 μήποτε
2751 3606 2784 3673 ἡ
2824 3604 2922 3673 μὲν
2959 3601 3216 3655 ὑποκάτω
3240 3603 3311 3673 γῆ
3337 3604 3436 3674 τῆς
3468 3601 3713 3657 ἀϐύσσου

2123 3695 2394 3767 κρέμαται
2432 3695 2520 3747 ἐπ’
2547 3694 2788 3759 οὐδενὸς,
2829 3697 2862 3765 ἡ
2903 3694 2959 3747 δὲ
2995 3696 3179 3750 ἐπάνω
3216 3693 3289 3764 γῆ
3325 3693 3428 3763 τῆς
3464 3694 3712 3747 ἀϐύσσου

2123 3790 2208 3858 ἐφ’
2236 3784 2303 3861 ἧς
2329 3790 2421 3842 καὶ
2448 3790 2607 3859 ἡμεῖς
2640 3786 3002 3858 κατοικοῦμεν
3031 3788 3128 3842 ἐπὶ
3152 3789 3252 3859 τῆς
3283 3787 3523 3841 ἀϐύσσου
3552 3791 3714 3841 ἐστε-

2125 3879 2301 3951 ρεώθη
2328 3902 2338 3911 ·
2365 3880 2442 3945 ὡς
2463 3875 2603 3937 εἶναι
2630 3878 2727 3949 τὴν
2753 3877 2987 3933 ἄϐυσσον
3015 3878 3074 3931 ὲν
3106 3879 3260 3949 μέσῳ
3281 3878 3382 3949 τῆς
3400 3877 3504 3946 γῆς
3526 3894 3717 3948 περιε-

2123 3972 2362 4042 χομένην
2393 3971 2469 4036 ὡς
2506 3972 2567 4023 ὲν
2591 3970 2816 4040 ἀγγείῳ.
2846 3972 2956 4024 Καὶ
2974 3969 3148 4023 ταῦτα
3179 3970 3277 4041 μὲν
3300 3969 3354 4022 εἴ
3370 3986 3455 4035 τις
3470 3968 3718 4040 βούλοιτο

2121 4068 2188 4137 τῇ
2222 4066 2435 4139 ἱστορία
2468 4062 2929 4135 συναγωνίζεσθαι
2949 4081 2967 4103 ·»
2994 4064 3131 4135 πρὸς
3175 4063 3232 4117 δὲ
3260 4063 3523 4126 διάνοιαν,
3556 4062 3718 4127 Aego-

2124 4157 2411 4228 λογήσατε,
2448 4158 2602 4227 φησι,
2636 4155 2729 4210 τὸν
2772 4155 3148 4227 περεὼσαντα
3180 4154 3278 4227 τὴν
3312 4156 3475 4224 φύσιν
3500 4155 3599 4226 τὴν
3625 4156 3717 4207 λου

2124 4249 2285 4321 γικὴν
2314 4251 2406 4303 επὶ
2432 4251 2531 4321 τῆς
2556 4246 2791 4319 ἀληθοῦς
2818 4246 3093 4315 γνώσεως.
3130 4250 3249 4301 ’Ότι
3281 4248 3337 4300 δὲ
3369 4250 3429 4301 ἑν
3458 4250 3569 4310 τοῖς
3605 4247 3715 4300 EO-

2123 4343 2394 4412 αγγελίοις
2427 4344 2456 4396 ὁ
2479 4345 2685 4416 Κύριος
2707 4345 2813 4415 γῆν
2837 4344 2985 4412 λέγει
3011 4343 3113 4407 τὰς
3143 4342 3367 4412 λογικὰς
3389 4344 3589 4415 ψυχὰς,
3615 4346 3718 4398 καὶ

2126 4436 2268 4508 ὓδωρ
2299 4435 2396 4507 τὴν
2417 4435 2641 4504 γνῶσιν,
2672 4438 2735 4488 ὲκ
2761 4435 2854 4488 τοῦ
2878 4436 3080 4506 σπόρου
3103 4436 3197 4489 τοῦ
3225 4436 3481 4499 πεσόντος
3504 4438 3583 4497 εἰς
3612 4436 3720 4507 τὴν

2057 4570 2099 4622 n
2126 4529 2228 4599 γῆν
2251 4527 2349 4599 τὴν
2375 4525 2547 4596 καλὴν
2577 4525 2688 4581 ἔστι
2722 4528 3061 4599 καταμαθεῖν
3080 4569 3095 4592 ,
3132 4529 3224 4582 καὶ
3253 4531 3319 4582 ὲκ
3361 4529 3456 4582 τοῦ
3498 4530 3721 4599 ῥέοντος

2133 4618 2376 4689 ποταμοῦ
2410 4619 2511 4687 τῆς
2543 4618 2748 4682 κοιλίας
2778 4618 2872 4672 τοῦ
2900 4621 3324 4683 πεπιστευκότος
3357 4620 3547 4683 ὓδατος
3576 4618 3721 4683 ζῶν-

2130 4728 2239 4773 τος.
2266 4712 2374 4765 Καὶ
2400 4711 2469 4765 τὰ
2494 4711 2622 4781 ἑξῆς
2652 4711 2707 4765 δὲ
2739 4710 2834 4765 τοῦ
2858 4711 3075 4782 ψαλμοῦ
3099 4712 3381 4765 ἀκολουθεί
3400 4715 3463 4782 τῇ
3486 4711 3725 4781 δευτέρᾳ.

2131 4810 2407 4881 ἐξηγήσει.
2453 4812 2517 4865 Ἦ
2557 4813 2754 4884 σελήνη
2793 4814 2885 4867 καὶ
2925 4813 3151 4883 ἀστέρες
3192 4812 3483 4881 φωτίζουσι
3508 4811 3723 4883 ταύτην

2128 4912 2229 4992 τὴν
2256 4909 2360 4995 γῆν
2391 4911 2448 4963 ἐν
2479 4912 2672 4989 ἀγνοίᾳ
2713 4912 2851 4976 τέως
2883 4912 3173 4981 διάγουσαν
3219 4912 3313 4985 καὶ
3351 4913 3515 4985 μήπω
3554 4913 3721 4966 δυνα-

2133 5010 2301 5081 μένην
2340 5013 2674 5083 φωτισθῆναι
2710 5014 2815 5067 ὑπὸ
2863 5012 2957 5066 τοῦ
3005 5014 3103 5082 τῆς
3154 5013 3499 5084 δικαιοσύνης
3536 5012 3719 5085 ﬁlios!

2258 5115 2419 5185 πάλιν
2457 5117 2731 5186 Αἴγυπτος
2772 5119 3252 5191 καταλαμϐάνεται
3289 5117 3555 5189 σύμϐολον
3580 5113 3723 5171 οὖσα.

2130 5222 2326 5286 κακίας
2358 5222 2465 5276 τῶν
2510 5223 2651 5294 κατὰ
2699 5222 2935 5295 διάνοιαν
2971 5221 3339 5292 πρωτοτόκων
3374 5219 3721 5291 φθαρέντων,

2128 5323 2221 5391 καὶ
2253 5322 2539 5391 κολάζεται
2570 5323 2768 5395 Φαραὼ
2794 5326 2906 5388 τοῖς
2938 5324 3327 5394 πνευματικοῖς
3360 5323 3724 5395 ὲνιαποπνιγότ

2132 5440 2291 5493 μενος
2345 5422 2497 5495 ὕδασι
2522 5466 2536 5489 ,
2572 5427 2665 5480 καὶ
2708 5428 2736 5478 ὁ
2774 5426 2986 5497 Ἰσραὴλ
3016 5425 3189 5477 ὁδεύει
3222 5424 3322 5501 τὴν
3350 5424 3556 5496 ἔρημον
3595 5442 3721 5476 πει-

2129 5527 2233 5591 νῶν
2259 5529 2352 5581 καὶ¹
2379 5528 2579 5599 διψῶν,
2615 5531 2706 5584 καὶ
2744 5527 3129 5600 πειραζόμενος
3150 5569 3165 5593 ,
3200 5528 3323 5599 ἣτις
3363 5528 3481 5581 ἐστὶ
3516 5528 3727 5597 σύμϐω

516 5618 561 5647 ³⁵
588 5616 731 5671 Psal.
766 5635 952 5681 tum,
982 5619 1033 5672 6.
1113 5621 1155 5651 ³⁷
1177 5620 1350 5673 Exod.
1387 5635 1469 5683 ιιι,
1495 5617 1552 5673 G.
1628 5619 1670 5650 ³⁸
1703 5619 1718 5672 l
1746 5618 1871 5673 Cur.
1908 5634 2017 5684 rm,

2165 5622 2207 5651 ’θ
2235 5620 2351 5675 Job.
2380 5624 2594 5684 xxt‘t,7.

514 5735 628 5801 (λεὶ)
664 5738 805 5802 Θεὸς
832 5737 1001 5801 θεῶν,
1036 5748 1142 5793 etc.
1174 5740 1375 5794 Catena
1407 5739 1676 5795 Corderii.

515 5806 628 5875 (37)
665 5810 981 5863 Δεκελειέων
1011 5810 1216 5876 αὐτόν,
1254 5822 1357 5865 etc.
1400 5810 1619 5865 Eadem.

2196 5742 2304 5811 (38)
2339 5747 2405 5797 Εἰ
2444 5744 2545 5797 τοῦ
2576 5744 2807 5811 ὓδατος,
2834 5752 2938 5799 etc.
2974 5742 3199 5796 St'ltedtt:
3230 5738 3437 5795 Grnbii.
