  <div class='ocr_page' id='page_1' title='image "/cluster/home/n/w/nwhite01/storage/ocr_20150623/12:no.2/coo.31924054873074/843.png"; bbox 0 0 2053 3216; ppageno 0'>
   <div class='ocr_carea' id='block_1_1' title="bbox 206 193 275 220">
    <p class='ocr_par' dir='ltr' id='par_1_1' title="bbox 206 193 275 220">
     <span class='ocr_line' id='line_1_1' title="bbox 206 193 275 220; baseline 0 0"><span class='ocrx_word' id='word_1_1' title='bbox 206 193 275 220; x_wconf 72' lang='lat' dir='ltr'><strong>I650</strong></span> 
     </span>
    </p>
   </div>
   <div class='ocr_carea' id='block_1_2' title="bbox 242 252 1034 287">
    <p class='ocr_par' dir='ltr' id='par_1_2' title="bbox 242 252 1034 287">
     <span class='ocr_line' id='line_1_2' title="bbox 242 252 1034 287; baseline -0.001 -8"><span class='ocrx_word' id='word_1_2' title='bbox 242 252 323 280; x_wconf 73' lang='lat' dir='ltr'><strong>Vens.</strong></span> <span class='ocrx_word' id='word_1_3' title='bbox 356 252 385 279; x_wconf 89' lang='lat'><strong>9.</strong></span> <span class='ocrx_word' id='word_1_4' title='bbox 410 252 508 279; x_wconf 76' lang='lat' dir='ltr'><strong>Beatus</strong></span> <span class='ocrx_word' id='word_1_5' title='bbox 528 252 574 287; x_wconf 85' lang='lat' dir='ltr'><strong>qui</strong></span> <span class='ocrx_word' id='word_1_6' title='bbox 594 253 688 280; x_wconf 79' lang='lat' dir='ltr'><strong>tenebit</strong></span> <span class='ocrx_word' id='word_1_7' title='bbox 708 257 732 280; x_wconf 60' lang='lat' dir='ltr'><strong>et</strong></span> <span class='ocrx_word' id='word_1_8' title='bbox 754 252 848 280; x_wconf 73' lang='lat' dir='ltr'><strong>aliide!</strong></span> <span class='ocrx_word' id='word_1_9' title='bbox 874 252 998 287; x_wconf 79' lang='lat' dir='ltr'><strong>parvulos</strong></span> <span class='ocrx_word' id='word_1_10' title='bbox 1014 257 1034 284; x_wconf 78' lang='grc' dir='ltr'>Α</span> 
     </span>
    </p>
   </div>
   <div class='ocr_carea' id='block_1_3' title="bbox 205 298 999 333">
    <p class='ocr_par' dir='ltr' id='par_1_3' title="bbox 205 298 999 333">
     <span class='ocr_line' id='line_1_3' title="bbox 205 298 999 333; baseline 0 -9"><span class='ocrx_word' id='word_1_11' title='bbox 205 304 264 325; x_wconf 78' lang='lat' dir='ltr'><strong>(nos</strong></span> <span class='ocrx_word' id='word_1_12' title='bbox 284 300 317 324; x_wconf 82' lang='lat' dir='ltr'><strong>ad</strong></span> <span class='ocrx_word' id='word_1_13' title='bbox 338 303 454 331; x_wconf 77' lang='lat' dir='ltr'><strong>petram,</strong></span> <span class='ocrx_word' id='word_1_14' title='bbox 479 302 533 325; x_wconf 85' lang='lat' dir='ltr'><strong>etc.</strong></span> <span class='ocrx_word' id='word_1_15' title='bbox 558 298 719 333; x_wconf 82' lang='lat' dir='ltr'><strong>Quicunque</strong></span> <span class='ocrx_word' id='word_1_16' title='bbox 741 298 819 333; x_wconf 80' lang='lat' dir='ltr'><strong>juxta</strong></span> <span class='ocrx_word' id='word_1_17' title='bbox 848 298 999 325; x_wconf 76' lang='lat' dir='ltr'><strong>doctrinam</strong></span> 
     </span>
    </p>
   </div>
   <div class='ocr_carea' id='block_1_4' title="bbox 205 343 999 378">
    <p class='ocr_par' dir='ltr' id='par_1_4' title="bbox 205 343 999 378">
     <span class='ocr_line' id='line_1_4' title="bbox 205 343 999 378; baseline 0.001 -10"><span class='ocrx_word' id='word_1_18' title='bbox 205 343 307 370; x_wconf 70' lang='lat' dir='ltr'><strong>(Lhristi</strong></span> <span class='ocrx_word' id='word_1_19' title='bbox 338 344 424 370; x_wconf 83' lang='lat' dir='ltr'><strong>malas</strong></span> <span class='ocrx_word' id='word_1_20' title='bbox 445 345 543 371; x_wconf 77' lang='lat' dir='ltr'><strong>attinne</strong></span> <span class='ocrx_word' id='word_1_21' title='bbox 566 343 747 378; x_wconf 81' lang='lat' dir='ltr'><strong>cogitationes</strong></span> <span class='ocrx_word' id='word_1_22' title='bbox 770 343 957 376; x_wconf 78' lang='lat' dir='ltr'><strong>interﬁciunt,</strong></span> <span class='ocrx_word' id='word_1_23' title='bbox 982 343 999 369; x_wconf 92' lang='lat' dir='ltr'><strong>ii</strong></span> 
     </span>
    </p>
   </div>
   <div class='ocr_carea' id='block_1_5' title="bbox 207 390 799 426">
    <p class='ocr_par' dir='ltr' id='par_1_5' title="bbox 207 390 799 426">
     <span class='ocr_line' id='line_1_5' title="bbox 207 390 799 426; baseline 0.003 -11"><span class='ocrx_word' id='word_1_24' title='bbox 207 390 334 424; x_wconf 80' lang='lat' dir='ltr'><strong>parvulos</strong></span> <span class='ocrx_word' id='word_1_25' title='bbox 352 390 498 426; x_wconf 79' lang='lat' dir='ltr'><strong>Babylonis</strong></span> <span class='ocrx_word' id='word_1_26' title='bbox 510 390 626 418; x_wconf 88' lang='lat' dir='ltr'><strong>allidunt</strong></span> <span class='ocrx_word' id='word_1_27' title='bbox 637 391 670 418; x_wconf 85' lang='lat' dir='ltr'><strong>ad</strong></span> <span class='ocrx_word' id='word_1_28' title='bbox 682 396 799 425; x_wconf 88' lang='lat' dir='ltr'><strong>petram.</strong></span> 
     </span>
    </p>
   </div>
   <div class='ocr_carea' id='block_1_6' title="bbox 429 523 776 553">
    <p class='ocr_par' dir='ltr' id='par_1_6' title="bbox 429 523 776 553">
     <span class='ocr_line' id='line_1_6' title="bbox 429 523 776 553; baseline -0.006 0"><span class='ocrx_word' id='word_1_29' title='bbox 429 525 590 553; x_wconf 78' lang='lat' dir='ltr'><strong>I’SALMUS</strong></span> <span class='ocrx_word' id='word_1_30' title='bbox 608 523 776 553; x_wconf 76' lang='lat' dir='ltr'><strong>CXXXVIII.</strong></span> 
     </span>
    </p>
   </div>
   <div class='ocr_carea' id='block_1_7' title="bbox 241 569 992 605">
    <p class='ocr_par' dir='ltr' id='par_1_7' title="bbox 241 569 992 605">
     <span class='ocr_line' id='line_1_7' title="bbox 241 569 992 605; baseline 0.001 -10"><span class='ocrx_word' id='word_1_31' title='bbox 241 569 325 596; x_wconf 70' lang='lat' dir='ltr'><strong>Vens.</strong></span> <span class='ocrx_word' id='word_1_32' title='bbox 348 570 372 596; x_wconf 91' lang='lat' dir='ltr'><strong>I.</strong></span> <span class='ocrx_word' id='word_1_33' title='bbox 393 570 512 602; x_wconf 71' lang='lat' dir='ltr'><strong>Domine,</strong></span> <span class='ocrx_word' id='word_1_34' title='bbox 533 570 649 602; x_wconf 79' lang='lat' dir='ltr'><strong>probasti</strong></span> <span class='ocrx_word' id='word_1_35' title='bbox 668 578 707 596; x_wconf 71' lang='lat' dir='ltr'><strong>me</strong></span> <span class='ocrx_word' id='word_1_36' title='bbox 726 574 749 596; x_wconf 83' lang='lat' dir='ltr'><strong>et</strong></span> <span class='ocrx_word' id='word_1_37' title='bbox 774 569 918 605; x_wconf 71' lang='lat' dir='ltr'><strong>cognovisti</strong></span> <span class='ocrx_word' id='word_1_38' title='bbox 940 578 992 603; x_wconf 82' lang='lat' dir='ltr'><strong>me,</strong></span> 
     </span>
    </p>
   </div>
   <div class='ocr_carea' id='block_1_8' title="bbox 206 616 1001 651">
    <p class='ocr_par' dir='ltr' id='par_1_8' title="bbox 206 616 1001 651">
     <span class='ocr_line' id='line_1_8' title="bbox 206 616 1001 651; baseline 0.001 -9"><span class='ocrx_word' id='word_1_39' title='bbox 206 621 259 643; x_wconf 86' lang='lat' dir='ltr'><strong>etc.</strong></span> <span class='ocrx_word' id='word_1_40' title='bbox 275 616 302 643; x_wconf 87' lang='lat' dir='ltr'><strong>In</strong></span> <span class='ocrx_word' id='word_1_41' title='bbox 321 616 497 651; x_wconf 74' lang='lat' dir='ltr'><strong>sequentibus</strong></span> <span class='ocrx_word' id='word_1_42' title='bbox 518 617 600 643; x_wconf 83' lang='lat' dir='ltr'><strong>etiam</strong></span> <span class='ocrx_word' id='word_1_43' title='bbox 623 621 752 650; x_wconf 89' lang='lat' dir='ltr'><strong>lattquant</strong></span> <span class='ocrx_word' id='word_1_44' title='bbox 768 616 850 644; x_wconf 88' lang='lat' dir='ltr'><strong>corde</strong></span> <span class='ocrx_word' id='word_1_45' title='bbox 869 616 895 643; x_wconf 88' lang='lat' dir='ltr'><strong>itt</strong></span> <span class='ocrx_word' id='word_1_46' title='bbox 910 622 1001 643; x_wconf 79' lang='lat' dir='ltr'><strong>tenta-</strong></span> 
     </span>
    </p>
   </div>
   <div class='ocr_carea' id='block_1_9' title="bbox 207 660 999 697">
    <p class='ocr_par' dir='ltr' id='par_1_9' title="bbox 207 660 999 697">
     <span class='ocr_line' id='line_1_9' title="bbox 207 660 999 697; baseline -0.001 -8"><span class='ocrx_word' id='word_1_47' title='bbox 207 660 327 689; x_wconf 88' lang='lat' dir='ltr'><strong>lionibns</strong></span> <span class='ocrx_word' id='word_1_48' title='bbox 343 662 480 696; x_wconf 78' lang='lat' dir='ltr'><strong>patefacto</strong></span> <span class='ocrx_word' id='word_1_49' title='bbox 499 662 603 690; x_wconf 90' lang='lat' dir='ltr'><strong>dictum</strong></span> <span class='ocrx_word' id='word_1_50' title='bbox 627 667 670 689; x_wconf 81' lang='lat' dir='ltr'><strong>cst</strong></span> <span class='ocrx_word' id='word_1_51' title='bbox 691 661 787 697; x_wconf 70' lang='lat' dir='ltr'><strong>(Vens.</strong></span> <span class='ocrx_word' id='word_1_52' title='bbox 804 662 850 696; x_wconf 75' lang='lat'><strong>23)</strong></span> <span class='ocrx_word' id='word_1_53' title='bbox 867 671 896 690; x_wconf 73' lang='grc' dir='ltr'><strong>ε(</strong></span> <span class='ocrx_word' id='word_1_54' title='bbox 911 661 999 690; x_wconf 82' lang='lat' dir='ltr'><strong>Proba</strong></span> 
     </span>
    </p>
   </div>
   <div class='ocr_carea' id='block_1_10' title="bbox 208 708 1001 743">
    <p class='ocr_par' dir='ltr' id='par_1_10' title="bbox 208 708 1001 743">
     <span class='ocr_line' id='line_1_10' title="bbox 208 708 1001 743; baseline 0.001 -8"><span class='ocrx_word' id='word_1_55' title='bbox 208 717 262 738; x_wconf 88' lang='lat' dir='ltr'><strong>me.</strong></span> <span class='ocrx_word' id='word_1_56' title='bbox 283 708 371 741; x_wconf 84' lang='lat' dir='ltr'><strong>Deus,</strong></span> <span class='ocrx_word' id='word_1_57' title='bbox 390 712 419 735; x_wconf 92' lang='lat' dir='ltr'><strong>et</strong></span> <span class='ocrx_word' id='word_1_58' title='bbox 433 708 503 735; x_wconf 81' lang='lat' dir='ltr'><strong>scito</strong></span> <span class='ocrx_word' id='word_1_59' title='bbox 522 715 571 735; x_wconf 76' lang='lat' dir='ltr'><strong>cor</strong></span> <span class='ocrx_word' id='word_1_60' title='bbox 593 708 819 743; x_wconf 63' lang='lat' dir='ltr'><strong>tneumpquinla</strong></span> <span class='ocrx_word' id='word_1_61' title='bbox 840 715 905 736; x_wconf 82' lang='lat' dir='ltr'><strong>vero</strong></span> <span class='ocrx_word' id='word_1_62' title='bbox 917 709 1001 736; x_wconf 80' lang='lat' dir='ltr'><strong>editio</strong></span> 
     </span>
    </p>
   </div>
   <div class='ocr_carea' id='block_1_11' title="bbox 208 754 1001 788">
    <p class='ocr_par' dir='ltr' id='par_1_11' title="bbox 208 754 1001 788">
     <span class='ocr_line' id='line_1_11' title="bbox 208 754 1001 788; baseline 0.001 -8"><span class='ocrx_word' id='word_1_63' title='bbox 208 762 280 781; x_wconf 87' lang='lat' dir='ltr'><strong>nunc</strong></span> <span class='ocrx_word' id='word_1_64' title='bbox 297 754 408 788; x_wconf 86' lang='lat' dir='ltr'><strong>quidem</strong></span> <span class='ocrx_word' id='word_1_65' title='bbox 432 754 531 786; x_wconf 82' lang='lat' dir='ltr'><strong>habet,</strong></span> <span class='ocrx_word' id='word_1_66' title='bbox 555 764 563 780; x_wconf 80' lang='grc' dir='ltr'><strong>ι</strong></span> <span class='ocrx_word' id='word_1_67' title='bbox 579 758 717 781; x_wconf 73' lang='lat' dir='ltr'><strong>scrutatus</strong></span> <span class='ocrx_word' id='word_1_68' title='bbox 732 759 793 786; x_wconf 85' lang='lat' dir='ltr'><strong>est;</strong></span> <span class='ocrx_word' id='word_1_69' title='bbox 809 763 819 780; x_wconf 73' lang='grc' dir='ltr'><strong>ι</strong></span> <span class='ocrx_word' id='word_1_70' title='bbox 838 754 865 781; x_wconf 84' lang='grc' dir='ltr'><strong>ἰη</strong></span> <span class='ocrx_word' id='word_1_71' title='bbox 883 761 1001 788; x_wconf 90' lang='lat' dir='ltr'><strong>sequen—</strong></span> 
     </span>
    </p>
   </div>
   <div class='ocr_carea' id='block_1_12' title="bbox 209 799 1001 832">
    <p class='ocr_par' dir='ltr' id='par_1_12' title="bbox 209 799 1001 832">
     <span class='ocr_line' id='line_1_12' title="bbox 209 799 1001 832; baseline 0.005 -8"><span class='ocrx_word' id='word_1_72' title='bbox 209 799 281 827; x_wconf 80' lang='lat' dir='ltr'><strong>tibus</strong></span> <span class='ocrx_word' id='word_1_73' title='bbox 295 807 370 832; x_wconf 84' lang='lat' dir='ltr'><strong>vero,</strong></span> <span class='ocrx_word' id='word_1_74' title='bbox 388 809 396 825; x_wconf 79' lang='grc' dir='ltr'><strong>ι</strong></span> <span class='ocrx_word' id='word_1_75' title='bbox 412 805 546 828; x_wconf 79' lang='lat' dir='ltr'><strong>scrutare.</strong></span> <span class='ocrx_word' id='word_1_76' title='bbox 564 809 574 826; x_wconf 74' lang='grc' dir='ltr'><strong>ι</strong></span> <span class='ocrx_word' id='word_1_77' title='bbox 594 800 671 827; x_wconf 80' lang='lat' dir='ltr'><strong>Sicut</strong></span> <span class='ocrx_word' id='word_1_78' title='bbox 688 800 760 827; x_wconf 90' lang='lat' dir='ltr'><strong>enim</strong></span> <span class='ocrx_word' id='word_1_79' title='bbox 778 807 872 827; x_wconf 88' lang='lat' dir='ltr'><strong>aurutn</strong></span> <span class='ocrx_word' id='word_1_80' title='bbox 890 801 917 827; x_wconf 91' lang='lat' dir='ltr'><strong>in</strong></span> <span class='ocrx_word' id='word_1_81' title='bbox 933 808 1001 828; x_wconf 64' lang='lat' dir='ltr'><strong>con&lt;</strong></span> 
     </span>
    </p>
   </div>
   <div class='ocr_carea' id='block_1_13' title="bbox 209 835 1040 880">
    <p class='ocr_par' dir='ltr' id='par_1_13' title="bbox 209 835 1040 880">
     <span class='ocr_line' id='line_1_13' title="bbox 209 835 1040 880; baseline 0.004 -9"><span class='ocrx_word' id='word_1_82' title='bbox 209 846 314 873; x_wconf 85' lang='lat' dir='ltr'><strong>ﬂatorio</strong></span> <span class='ocrx_word' id='word_1_83' title='bbox 325 847 464 880; x_wconf 76' lang='lat' dir='ltr'><strong>probatur,</strong></span> <span class='ocrx_word' id='word_1_84' title='bbox 479 846 519 873; x_wconf 89' lang='lat' dir='ltr'><strong>sic</strong></span> <span class='ocrx_word' id='word_1_85' title='bbox 528 846 653 873; x_wconf 78' lang='lat' dir='ltr'><strong>homines</strong></span> <span class='ocrx_word' id='word_1_86' title='bbox 665 846 846 880; x_wconf 76' lang='lat' dir='ltr'><strong>acceptabiles</strong></span> <span class='ocrx_word' id='word_1_87' title='bbox 858 847 885 874; x_wconf 88' lang='lat' dir='ltr'><strong>in</strong></span> <span class='ocrx_word' id='word_1_88' title='bbox 895 847 1004 874; x_wconf 82' lang='lat' dir='ltr'><strong>camino</strong></span> <span class='ocrx_word' id='word_1_89' title='bbox 1018 835 1040 862; x_wconf 76' lang='grc' dir='ltr'><strong>Β</strong></span> 
     </span>
    </p>
   </div>
   <div class='ocr_carea' id='block_1_14' title="bbox 210 891 1002 927">
    <p class='ocr_par' dir='ltr' id='par_1_14' title="bbox 210 891 1002 927">
     <span class='ocr_line' id='line_1_14' title="bbox 210 891 1002 927; baseline 0 -9"><span class='ocrx_word' id='word_1_90' title='bbox 210 892 416 920; x_wconf 82' lang='lat' dir='ltr'><strong>htltniliationis.</strong></span> <span class='ocrx_word' id='word_1_91' title='bbox 433 892 503 925; x_wconf 87' lang='lat' dir='ltr'><strong>Quin</strong></span> <span class='ocrx_word' id='word_1_92' title='bbox 526 897 554 919; x_wconf 91' lang='lat' dir='ltr'><strong>et</strong></span> <span class='ocrx_word' id='word_1_93' title='bbox 574 892 601 919; x_wconf 93' lang='lat' dir='ltr'><strong>in</strong></span> <span class='ocrx_word' id='word_1_94' title='bbox 624 891 726 927; x_wconf 78' lang='lat' dir='ltr'><strong>psalmo</strong></span> <span class='ocrx_word' id='word_1_95' title='bbox 743 892 765 907; x_wconf 87' lang='grc'>³⁰</span> <span class='ocrx_word' id='word_1_96' title='bbox 784 892 918 927; x_wconf 84' lang='lat' dir='ltr'><strong>scriptum</strong></span> <span class='ocrx_word' id='word_1_97' title='bbox 935 898 978 920; x_wconf 88' lang='lat' dir='ltr'><strong>est</strong></span> <span class='ocrx_word' id='word_1_98' title='bbox 994 900 1002 918; x_wconf 91' lang='lat'><strong>:</strong></span> 
     </span>
    </p>
   </div>
   <div class='ocr_carea' id='block_1_15' title="bbox 210 936 1003 973">
    <p class='ocr_par' dir='ltr' id='par_1_15' title="bbox 210 936 1003 973">
     <span class='ocr_line' id='line_1_15' title="bbox 210 936 1003 973; baseline 0.003 -10"><span class='ocrx_word' id='word_1_99' title='bbox 210 945 221 963; x_wconf 75' lang='grc' dir='ltr'><strong>ι</strong></span> <span class='ocrx_word' id='word_1_100' title='bbox 234 936 357 965; x_wconf 69' lang='grc' dir='ltr'><strong>Ριοιιιείί</strong></span> <span class='ocrx_word' id='word_1_101' title='bbox 376 946 425 965; x_wconf 92' lang='lat' dir='ltr'><strong>nos</strong></span> <span class='ocrx_word' id='word_1_102' title='bbox 440 940 511 965; x_wconf 89' lang='lat' dir='ltr'><strong>sicut</strong></span> <span class='ocrx_word' id='word_1_103' title='bbox 532 938 636 973; x_wconf 81' lang='lat' dir='ltr'><strong>ignitur</strong></span> <span class='ocrx_word' id='word_1_104' title='bbox 658 944 813 973; x_wconf 83' lang='lat' dir='ltr'><strong>argentum.</strong></span> <span class='ocrx_word' id='word_1_105' title='bbox 834 948 844 964; x_wconf 77' lang='grc'><strong>1</strong></span> <span class='ocrx_word' id='word_1_106' title='bbox 867 938 935 966; x_wconf 90' lang='lat' dir='ltr'><strong>Cum</strong></span> <span class='ocrx_word' id='word_1_107' title='bbox 950 939 1003 965; x_wconf 87' lang='lat' dir='ltr'><strong>hoc</strong></span> 
     </span>
    </p>
   </div>
   <div class='ocr_carea' id='block_1_16' title="bbox 209 983 1003 1018">
    <p class='ocr_par' dir='ltr' id='par_1_16' title="bbox 209 983 1003 1018">
     <span class='ocr_line' id='line_1_16' title="bbox 209 983 1003 1018; baseline 0.003 -9"><span class='ocrx_word' id='word_1_108' title='bbox 209 983 388 1014; x_wconf 75' lang='lat' dir='ltr'><strong>intellexeris,</strong></span> <span class='ocrx_word' id='word_1_109' title='bbox 418 991 569 1018; x_wconf 83' lang='lat' dir='ltr'><strong>cognosces</strong></span> <span class='ocrx_word' id='word_1_110' title='bbox 591 985 680 1012; x_wconf 90' lang='lat' dir='ltr'><strong>solum</strong></span> <span class='ocrx_word' id='word_1_111' title='bbox 710 989 738 1012; x_wconf 88' lang='lat' dir='ltr'><strong>et</strong></span> <span class='ocrx_word' id='word_1_112' title='bbox 761 991 871 1011; x_wconf 90' lang='lat' dir='ltr'><strong>omnem</strong></span> <span class='ocrx_word' id='word_1_113' title='bbox 897 983 1003 1018; x_wconf 83' lang='lat' dir='ltr'><strong>justum</strong></span> 
     </span>
    </p>
   </div>
   <div class='ocr_carea' id='block_1_17' title="bbox 208 1029 1005 1066">
    <p class='ocr_par' dir='ltr' id='par_1_17' title="bbox 208 1029 1005 1066">
     <span class='ocr_line' id='line_1_17' title="bbox 208 1029 1005 1066; baseline 0.003 -11"><span class='ocrx_word' id='word_1_114' title='bbox 208 1030 352 1063; x_wconf 86' lang='lat' dir='ltr'><strong>probatum</strong></span> <span class='ocrx_word' id='word_1_115' title='bbox 373 1031 514 1066; x_wconf 81' lang='lat' dir='ltr'><strong>cognosci,</strong></span> <span class='ocrx_word' id='word_1_116' title='bbox 542 1034 637 1066; x_wconf 85' lang='lat' dir='ltr'><strong>utpote</strong></span> <span class='ocrx_word' id='word_1_117' title='bbox 659 1030 706 1065; x_wconf 86' lang='lat' dir='ltr'><strong>qui</strong></span> <span class='ocrx_word' id='word_1_118' title='bbox 733 1031 769 1058; x_wconf 87' lang='lat' dir='ltr'><strong>sit</strong></span> <span class='ocrx_word' id='word_1_119' title='bbox 789 1030 815 1057; x_wconf 92' lang='lat' dir='ltr'><strong>in</strong></span> <span class='ocrx_word' id='word_1_120' title='bbox 841 1029 952 1058; x_wconf 83' lang='lat' dir='ltr'><strong>Christo</strong></span> <span class='ocrx_word' id='word_1_121' title='bbox 970 1035 1005 1058; x_wconf 75' lang='lat' dir='ltr'><strong>ex</strong></span> 
     </span>
    </p>
   </div>
   <div class='ocr_carea' id='block_1_18' title="bbox 210 1075 1004 1111">
    <p class='ocr_par' dir='ltr' id='par_1_18' title="bbox 210 1075 1004 1111">
     <span class='ocr_line' id='line_1_18' title="bbox 210 1075 1004 1111; baseline 0.001 -9"><span class='ocrx_word' id='word_1_122' title='bbox 210 1075 275 1109; x_wconf 85' lang='lat' dir='ltr'><strong>Deo,</strong></span> <span class='ocrx_word' id='word_1_123' title='bbox 299 1075 337 1102; x_wconf 89' lang='lat' dir='ltr'><strong>uti</strong></span> <span class='ocrx_word' id='word_1_124' title='bbox 363 1075 449 1111; x_wconf 82' lang='lat' dir='ltr'><strong>liquet</strong></span> <span class='ocrx_word' id='word_1_125' title='bbox 470 1076 552 1103; x_wconf 88' lang='lat' dir='ltr'><strong>etiatn</strong></span> <span class='ocrx_word' id='word_1_126' title='bbox 576 1084 610 1104; x_wconf 83' lang='lat' dir='ltr'><strong>ex</strong></span> <span class='ocrx_word' id='word_1_127' title='bbox 627 1076 670 1103; x_wconf 84' lang='lat' dir='ltr'><strong>his</strong></span> <span class='ocrx_word' id='word_1_128' title='bbox 683 1076 796 1104; x_wconf 82' lang='lat' dir='ltr'><strong>verbis:</strong></span> <span class='ocrx_word' id='word_1_129' title='bbox 816 1085 825 1102; x_wconf 75' lang='grc' dir='ltr'><strong>ι</strong></span> <span class='ocrx_word' id='word_1_130' title='bbox 840 1075 928 1103; x_wconf 87' lang='lat' dir='ltr'><strong>Proba</strong></span> <span class='ocrx_word' id='word_1_131' title='bbox 950 1083 1004 1108; x_wconf 79' lang='lat' dir='ltr'><strong>me,</strong></span> 
     </span>
    </p>
   </div>
   <div class='ocr_carea' id='block_1_19' title="bbox 209 1122 665 1154">
    <p class='ocr_par' dir='ltr' id='par_1_19' title="bbox 209 1122 665 1154">
     <span class='ocr_line' id='line_1_19' title="bbox 209 1122 665 1154; baseline 0.002 -6"><span class='ocrx_word' id='word_1_132' title='bbox 209 1122 334 1154; x_wconf 84' lang='lat' dir='ltr'><strong>Domine,</strong></span> <span class='ocrx_word' id='word_1_133' title='bbox 352 1128 379 1151; x_wconf 80' lang='lat' dir='ltr'><strong>et</strong></span> <span class='ocrx_word' id='word_1_134' title='bbox 392 1123 461 1151; x_wconf 83' lang='lat' dir='ltr'><strong>scito</strong></span> <span class='ocrx_word' id='word_1_135' title='bbox 473 1131 522 1151; x_wconf 85' lang='lat' dir='ltr'><strong>cor</strong></span> <span class='ocrx_word' id='word_1_136' title='bbox 541 1131 641 1151; x_wconf 87' lang='lat' dir='ltr'><strong>meum.</strong></span> <span class='ocrx_word' id='word_1_137' title='bbox 655 1133 665 1149; x_wconf 76' lang='grc' dir='ltr'><strong>ι</strong></span> 
     </span>
    </p>
   </div>
   <div class='ocr_carea' id='block_1_20' title="bbox 245 1168 1005 1205">
    <p class='ocr_par' dir='ltr' id='par_1_20' title="bbox 245 1168 1005 1205">
     <span class='ocr_line' id='line_1_20' title="bbox 245 1168 1005 1205; baseline 0.004 -11"><span class='ocrx_word' id='word_1_138' title='bbox 245 1168 383 1203; x_wconf 73' lang='lat' dir='ltr'><strong>Ejusdem.</strong></span> <span class='ocrx_word' id='word_1_139' title='bbox 402 1170 453 1203; x_wconf 84' lang='lat' dir='ltr'><strong>Qui</strong></span> <span class='ocrx_word' id='word_1_140' title='bbox 466 1170 558 1197; x_wconf 85' lang='lat' dir='ltr'><strong>omnia</strong></span> <span class='ocrx_word' id='word_1_141' title='bbox 574 1170 706 1205; x_wconf 68' lang='lat' dir='ltr'><strong>promovit</strong></span> <span class='ocrx_word' id='word_1_142' title='bbox 723 1170 805 1203; x_wconf 83' lang='lat' dir='ltr'><strong>Deus,</strong></span> <span class='ocrx_word' id='word_1_143' title='bbox 823 1170 1005 1198; x_wconf 83' lang='lat' dir='ltr'><strong>nihilominus</strong></span> 
     </span>
    </p>
   </div>
   <div class='ocr_carea' id='block_1_21' title="bbox 210 1216 1006 1251">
    <p class='ocr_par' dir='ltr' id='par_1_21' title="bbox 210 1216 1006 1251">
     <span class='ocr_line' id='line_1_21' title="bbox 210 1216 1006 1251; baseline 0 -9"><span class='ocrx_word' id='word_1_144' title='bbox 210 1216 319 1249; x_wconf 83' lang='lat' dir='ltr'><strong>probat,</strong></span> <span class='ocrx_word' id='word_1_145' title='bbox 346 1224 399 1243; x_wconf 92' lang='lat' dir='ltr'><strong>non</strong></span> <span class='ocrx_word' id='word_1_146' title='bbox 427 1221 455 1243; x_wconf 93' lang='lat' dir='ltr'><strong>ut</strong></span> <span class='ocrx_word' id='word_1_147' title='bbox 480 1222 637 1251; x_wconf 78' lang='lat' dir='ltr'><strong>cognoscat,</strong></span> <span class='ocrx_word' id='word_1_148' title='bbox 663 1216 710 1244; x_wconf 86' lang='lat' dir='ltr'><strong>sed</strong></span> <span class='ocrx_word' id='word_1_149' title='bbox 736 1221 765 1244; x_wconf 89' lang='lat' dir='ltr'><strong>ut</strong></span> <span class='ocrx_word' id='word_1_150' title='bbox 790 1216 835 1251; x_wconf 85' lang='lat' dir='ltr'><strong>qui</strong></span> <span class='ocrx_word' id='word_1_151' title='bbox 866 1216 1006 1249; x_wconf 87' lang='lat' dir='ltr'><strong>patiuntur</strong></span> 
     </span>
    </p>
   </div>
   <div class='ocr_carea' id='block_1_22' title="bbox 211 1262 1006 1298">
    <p class='ocr_par' dir='ltr' id='par_1_22' title="bbox 211 1262 1006 1298">
     <span class='ocr_line' id='line_1_22' title="bbox 211 1262 1006 1298; baseline 0.001 -11"><span class='ocrx_word' id='word_1_152' title='bbox 211 1262 385 1295; x_wconf 85' lang='lat' dir='ltr'><strong>probatiores</strong></span> <span class='ocrx_word' id='word_1_153' title='bbox 401 1262 507 1290; x_wconf 77' lang='lat' dir='ltr'><strong>reddat.</strong></span> <span class='ocrx_word' id='word_1_154' title='bbox 537 1262 577 1290; x_wconf 88' lang='lat' dir='ltr'><strong>Ne</strong></span> <span class='ocrx_word' id='word_1_155' title='bbox 592 1263 654 1298; x_wconf 88' lang='lat' dir='ltr'><strong>quis</strong></span> <span class='ocrx_word' id='word_1_156' title='bbox 673 1269 740 1290; x_wconf 82' lang='lat' dir='ltr'><strong>vero</strong></span> <span class='ocrx_word' id='word_1_157' title='bbox 764 1262 918 1297; x_wconf 82' lang='lat' dir='ltr'><strong>suspicetur</strong></span> <span class='ocrx_word' id='word_1_158' title='bbox 943 1269 1006 1296; x_wconf 85' lang='lat' dir='ltr'><strong>pro-</strong></span> 
     </span>
    </p>
   </div>
   <div class='ocr_carea' id='block_1_23' title="bbox 210 1307 1005 1344">
    <p class='ocr_par' dir='ltr' id='par_1_23' title="bbox 210 1307 1005 1344">
     <span class='ocr_line' id='line_1_23' title="bbox 210 1307 1005 1344; baseline -0.001 -10"><span class='ocrx_word' id='word_1_159' title='bbox 210 1307 299 1335; x_wconf 88' lang='lat' dir='ltr'><strong>bando</strong></span> <span class='ocrx_word' id='word_1_160' title='bbox 312 1308 399 1343; x_wconf 87' lang='lat' dir='ltr'><strong>ipsum</strong></span> <span class='ocrx_word' id='word_1_161' title='bbox 413 1316 596 1344; x_wconf 80' lang='lat' dir='ltr'><strong>cognoscere,</strong></span> <span class='ocrx_word' id='word_1_162' title='bbox 614 1309 734 1337; x_wconf 88' lang='lat' dir='ltr'><strong>sermoni</strong></span> <span class='ocrx_word' id='word_1_163' title='bbox 750 1308 855 1335; x_wconf 83' lang='lat' dir='ltr'><strong>addidit</strong></span> <span class='ocrx_word' id='word_1_164' title='bbox 871 1317 878 1335; x_wconf 91' lang='lat'>:</span> <span class='ocrx_word' id='word_1_165' title='bbox 894 1316 903 1333; x_wconf 78' lang='grc' dir='ltr'><strong>ι</strong></span> <span class='ocrx_word' id='word_1_166' title='bbox 920 1307 1005 1335; x_wconf 89' lang='lat' dir='ltr'><strong>Intel-</strong></span> 
     </span>
    </p>
   </div>
   <div class='ocr_carea' id='block_1_24' title="bbox 211 1352 1008 1389">
    <p class='ocr_par' dir='ltr' id='par_1_24' title="bbox 211 1352 1008 1389">
     <span class='ocr_line' id='line_1_24' title="bbox 211 1352 1008 1389; baseline 0.004 -11"><span class='ocrx_word' id='word_1_167' title='bbox 211 1352 302 1380; x_wconf 80' lang='lat' dir='ltr'><strong>lexisti</strong></span> <span class='ocrx_word' id='word_1_168' title='bbox 313 1354 495 1387; x_wconf 83' lang='lat' dir='ltr'><strong>cogitationes</strong></span> <span class='ocrx_word' id='word_1_169' title='bbox 511 1362 588 1382; x_wconf 82' lang='lat' dir='ltr'><strong>meas</strong></span> <span class='ocrx_word' id='word_1_170' title='bbox 607 1355 640 1382; x_wconf 85' lang='lat' dir='ltr'><strong>de</strong></span> <span class='ocrx_word' id='word_1_171' title='bbox 652 1354 742 1389; x_wconf 73' lang='lat' dir='ltr'><strong>longe.</strong></span> <span class='ocrx_word' id='word_1_172' title='bbox 755 1363 765 1380; x_wconf 75' lang='grc' dir='ltr'><strong>ι</strong></span> <span class='ocrx_word' id='word_1_173' title='bbox 780 1354 832 1387; x_wconf 85' lang='lat' dir='ltr'><strong>Qui</strong></span> <span class='ocrx_word' id='word_1_174' title='bbox 844 1354 918 1381; x_wconf 81' lang='lat' dir='ltr'><strong>enim</strong></span> <span class='ocrx_word' id='word_1_175' title='bbox 933 1355 1008 1388; x_wconf 80' lang='lat' dir='ltr'><strong>cogi-</strong></span> 
     </span>
    </p>
   </div>
   <div class='ocr_carea' id='block_1_25' title="bbox 213 1399 1008 1436">
    <p class='ocr_par' dir='ltr' id='par_1_25' title="bbox 213 1399 1008 1436">
     <span class='ocr_line' id='line_1_25' title="bbox 213 1399 1008 1436; baseline 0.003 -11"><span class='ocrx_word' id='word_1_176' title='bbox 213 1399 328 1427; x_wconf 79' lang='lat' dir='ltr'><strong>tationes</strong></span> <span class='ocrx_word' id='word_1_177' title='bbox 353 1404 428 1432; x_wconf 81' lang='lat' dir='ltr'><strong>ante,</strong></span> <span class='ocrx_word' id='word_1_178' title='bbox 457 1400 511 1427; x_wconf 89' lang='lat' dir='ltr'><strong>imo</strong></span> <span class='ocrx_word' id='word_1_179' title='bbox 535 1406 562 1428; x_wconf 84' lang='lat' dir='ltr'><strong>et</strong></span> <span class='ocrx_word' id='word_1_180' title='bbox 582 1401 664 1436; x_wconf 87' lang='lat' dir='ltr'><strong>longe</strong></span> <span class='ocrx_word' id='word_1_181' title='bbox 686 1405 835 1435; x_wconf 79' lang='lat' dir='ltr'><strong>antequam</strong></span> <span class='ocrx_word' id='word_1_182' title='bbox 861 1400 889 1426; x_wconf 89' lang='lat' dir='ltr'><strong>in</strong></span> <span class='ocrx_word' id='word_1_183' title='bbox 917 1405 1008 1428; x_wconf 82' lang='lat' dir='ltr'><strong>mente</strong></span> 
     </span>
    </p>
   </div>
   <div class='ocr_carea' id='block_1_26' title="bbox 211 1445 1007 1482">
    <p class='ocr_par' dir='ltr' id='par_1_26' title="bbox 211 1445 1007 1482">
     <span class='ocr_line' id='line_1_26' title="bbox 211 1445 1007 1482; baseline 0.003 -11"><span class='ocrx_word' id='word_1_184' title='bbox 211 1445 381 1479; x_wconf 61' lang='lat' dir='ltr'><strong>excitentur,</strong></span> <span class='ocrx_word' id='word_1_185' title='bbox 396 1446 482 1478; x_wconf 84' lang='lat' dir='ltr'><strong>novit.</strong></span> <span class='ocrx_word' id='word_1_186' title='bbox 505 1446 644 1481; x_wconf 90' lang='lat' dir='ltr'><strong>quotnodo</strong></span> <span class='ocrx_word' id='word_1_187' title='bbox 660 1446 825 1482; x_wconf 86' lang='lat' dir='ltr'><strong>probatione</strong></span> <span class='ocrx_word' id='word_1_188' title='bbox 839 1446 963 1482; x_wconf 77' lang='lat' dir='ltr'><strong>indigeat</strong></span> <span class='ocrx_word' id='word_1_189' title='bbox 978 1450 1007 1473; x_wconf 88' lang='lat' dir='ltr'><strong>ut</strong></span> 
     </span>
    </p>
   </div>
   <div class='ocr_carea' id='block_1_27' title="bbox 212 1492 379 1527">
    <p class='ocr_par' dir='ltr' id='par_1_27' title="bbox 212 1492 379 1527">
     <span class='ocr_line' id='line_1_27' title="bbox 212 1492 379 1527; baseline 0 -8"><span class='ocrx_word' id='word_1_190' title='bbox 212 1497 360 1527; x_wconf 80' lang='lat' dir='ltr'><strong>cognoscat</strong></span> <span class='ocrx_word' id='word_1_191' title='bbox 367 1492 379 1519; x_wconf 83' lang='lat'><strong>?</strong></span> 
     </span>
    </p>
   </div>
   <div class='ocr_carea' id='block_1_28' title="bbox 248 1537 1009 1573">
    <p class='ocr_par' dir='ltr' id='par_1_28' title="bbox 248 1537 1009 1573">
     <span class='ocr_line' id='line_1_28' title="bbox 248 1537 1009 1573; baseline -0.001 -7"><span class='ocrx_word' id='word_1_192' title='bbox 248 1538 329 1566; x_wconf 79' lang='lat' dir='ltr'><strong>Vns.</strong></span> <span class='ocrx_word' id='word_1_193' title='bbox 342 1538 369 1566; x_wconf 74' lang='grc' dir='ltr'>ὅ.</span> <span class='ocrx_word' id='word_1_194' title='bbox 383 1537 509 1565; x_wconf 83' lang='lat' dir='ltr'><strong>Semilam</strong></span> <span class='ocrx_word' id='word_1_195' title='bbox 519 1547 601 1566; x_wconf 77' lang='lat' dir='ltr'><strong>nteant</strong></span> <span class='ocrx_word' id='word_1_196' title='bbox 613 1544 638 1565; x_wconf 82' lang='lat' dir='ltr'><strong>et</strong></span> <span class='ocrx_word' id='word_1_197' title='bbox 646 1538 795 1573; x_wconf 81' lang='lat' dir='ltr'><strong>funiculum</strong></span> <span class='ocrx_word' id='word_1_198' title='bbox 804 1547 889 1566; x_wconf 78' lang='lat' dir='ltr'><strong>meum</strong></span> <span class='ocrx_word' id='word_1_199' title='bbox 901 1539 1009 1566; x_wconf 70' lang='lat' dir='ltr'><strong>inm-ali-</strong></span> 
     </span>
    </p>
   </div>
   <div class='ocr_carea' id='block_1_29' title="bbox 214 1582 1007 1619">
    <p class='ocr_par' dir='ltr' id='par_1_29' title="bbox 214 1582 1007 1619">
     <span class='ocr_line' id='line_1_29' title="bbox 214 1582 1007 1619; baseline 0.003 -11"><span class='ocrx_word' id='word_1_200' title='bbox 214 1582 295 1616; x_wconf 77' lang='lat' dir='ltr'><strong>gusti,</strong></span> <span class='ocrx_word' id='word_1_201' title='bbox 314 1587 368 1609; x_wconf 79' lang='lat' dir='ltr'><strong>etc.</strong></span> <span class='ocrx_word' id='word_1_202' title='bbox 390 1582 537 1618; x_wconf 78' lang='lat' dir='ltr'><strong>lnvestigat</strong></span> <span class='ocrx_word' id='word_1_203' title='bbox 564 1583 638 1610; x_wconf 85' lang='lat' dir='ltr'><strong>Deus</strong></span> <span class='ocrx_word' id='word_1_204' title='bbox 665 1583 816 1611; x_wconf 83' lang='lat' dir='ltr'><strong>funiculum</strong></span> <span class='ocrx_word' id='word_1_205' title='bbox 840 1592 934 1611; x_wconf 88' lang='lat' dir='ltr'><strong>eorntn</strong></span> <span class='ocrx_word' id='word_1_206' title='bbox 962 1585 1007 1619; x_wconf 90' lang='lat' dir='ltr'><strong>qui</strong></span> 
     </span>
    </p>
   </div>
   <div class='ocr_carea' id='block_1_30' title="bbox 215 1629 1010 1663">
    <p class='ocr_par' dir='ltr' id='par_1_30' title="bbox 215 1629 1010 1663">
     <span class='ocr_line' id='line_1_30' title="bbox 215 1629 1010 1663; baseline 0.006 -9"><span class='ocrx_word' id='word_1_207' title='bbox 215 1629 328 1662; x_wconf 72' lang='lat' dir='ltr'><strong>pulchra</strong></span> <span class='ocrx_word' id='word_1_208' title='bbox 348 1629 445 1656; x_wconf 79' lang='lat' dir='ltr'><strong>semita</strong></span> <span class='ocrx_word' id='word_1_209' title='bbox 472 1635 598 1663; x_wconf 88' lang='lat' dir='ltr'><strong>utuntur,</strong></span> <span class='ocrx_word' id='word_1_210' title='bbox 625 1635 651 1658; x_wconf 89' lang='lat' dir='ltr'><strong>et</strong></span> <span class='ocrx_word' id='word_1_211' title='bbox 668 1637 764 1658; x_wconf 86' lang='lat' dir='ltr'><strong>omnes</strong></span> <span class='ocrx_word' id='word_1_212' title='bbox 791 1638 934 1659; x_wconf 87' lang='lat' dir='ltr'><strong>mensuras</strong></span> <span class='ocrx_word' id='word_1_213' title='bbox 960 1632 1010 1659; x_wconf 65' lang='lat' dir='ltr'><strong>viae</strong></span> 
     </span>
    </p>
   </div>
   <div class='ocr_carea' id='block_1_31' title="bbox 215 1673 606 1708">
    <p class='ocr_par' dir='ltr' id='par_1_31' title="bbox 215 1673 606 1708">
     <span class='ocr_line' id='line_1_31' title="bbox 215 1673 606 1708; baseline 0.008 -9"><span class='ocrx_word' id='word_1_214' title='bbox 215 1673 369 1701; x_wconf 65' lang='lat' dir='ltr'><strong>istiusmodi</strong></span> <span class='ocrx_word' id='word_1_215' title='bbox 385 1675 455 1701; x_wconf 85' lang='lat' dir='ltr'><strong>Deus</strong></span> <span class='ocrx_word' id='word_1_216' title='bbox 470 1675 606 1708; x_wconf 73' lang='lat' dir='ltr'><strong>praevidit.</strong></span> 
     </span>
    </p>
   </div>
   <div class='ocr_carea' id='block_1_32' title="bbox 248 1720 1009 1757">
    <p class='ocr_par' dir='ltr' id='par_1_32' title="bbox 248 1720 1009 1757">
     <span class='ocr_line' id='line_1_32' title="bbox 248 1720 1009 1757; baseline 0.005 -11"><span class='ocrx_word' id='word_1_217' title='bbox 248 1720 333 1755; x_wconf 75' lang='lat'><strong>836</strong></span> <span class='ocrx_word' id='word_1_218' title='bbox 349 1720 429 1748; x_wconf 72' lang='lat' dir='ltr'><strong>Vens.</strong></span> <span class='ocrx_word' id='word_1_219' title='bbox 442 1720 469 1748; x_wconf 75' lang='grc'><strong>4.</strong></span> <span class='ocrx_word' id='word_1_220' title='bbox 486 1720 555 1753; x_wconf 82' lang='lat' dir='ltr'><strong>Quia</strong></span> <span class='ocrx_word' id='word_1_221' title='bbox 574 1729 624 1748; x_wconf 85' lang='lat' dir='ltr'><strong>non</strong></span> <span class='ocrx_word' id='word_1_222' title='bbox 642 1726 678 1748; x_wconf 74' lang='lat' dir='ltr'><strong>est</strong></span> <span class='ocrx_word' id='word_1_223' title='bbox 699 1721 774 1748; x_wconf 78' lang='lat' dir='ltr'><strong>dolus</strong></span> <span class='ocrx_word' id='word_1_224' title='bbox 796 1722 823 1748; x_wconf 84' lang='lat' dir='ltr'><strong>in</strong></span> <span class='ocrx_word' id='word_1_225' title='bbox 839 1722 929 1757; x_wconf 84' lang='lat' dir='ltr'><strong>lingua</strong></span> <span class='ocrx_word' id='word_1_226' title='bbox 942 1730 1009 1756; x_wconf 79' lang='lat' dir='ltr'><strong>mea,</strong></span> 
     </span>
    </p>
   </div>
   <div class='ocr_carea' id='block_1_33' title="bbox 215 1765 1012 1801">
    <p class='ocr_par' dir='ltr' id='par_1_33' title="bbox 215 1765 1012 1801">
     <span class='ocr_line' id='line_1_33' title="bbox 215 1765 1012 1801; baseline 0.001 -8"><span class='ocrx_word' id='word_1_227' title='bbox 215 1770 269 1793; x_wconf 83' lang='lat' dir='ltr'><strong>etc.</strong></span> <span class='ocrx_word' id='word_1_228' title='bbox 296 1765 353 1793; x_wconf 79' lang='lat' dir='ltr'><strong>Non</strong></span> <span class='ocrx_word' id='word_1_229' title='bbox 380 1770 433 1799; x_wconf 83' lang='lat' dir='ltr'><strong>est,</strong></span> <span class='ocrx_word' id='word_1_230' title='bbox 455 1766 557 1801; x_wconf 86' lang='lat' dir='ltr'><strong>inquit,</strong></span> <span class='ocrx_word' id='word_1_231' title='bbox 584 1766 662 1794; x_wconf 87' lang='lat' dir='ltr'><strong>dolus</strong></span> <span class='ocrx_word' id='word_1_232' title='bbox 681 1767 707 1794; x_wconf 91' lang='lat' dir='ltr'><strong>in</strong></span> <span class='ocrx_word' id='word_1_233' title='bbox 724 1766 814 1801; x_wconf 82' lang='lat' dir='ltr'><strong>lingua</strong></span> <span class='ocrx_word' id='word_1_234' title='bbox 829 1774 901 1799; x_wconf 86' lang='lat' dir='ltr'><strong>mea,</strong></span> <span class='ocrx_word' id='word_1_235' title='bbox 926 1767 953 1795; x_wconf 88' lang='lat' dir='ltr'><strong>id</strong></span> <span class='ocrx_word' id='word_1_236' title='bbox 969 1771 1012 1794; x_wconf 82' lang='lat' dir='ltr'><strong>est</strong></span> 
     </span>
    </p>
   </div>
   <div class='ocr_carea' id='block_1_34' title="bbox 217 1812 1011 1846">
    <p class='ocr_par' dir='ltr' id='par_1_34' title="bbox 217 1812 1011 1846">
     <span class='ocr_line' id='line_1_34' title="bbox 217 1812 1011 1846; baseline 0.001 -8"><span class='ocrx_word' id='word_1_237' title='bbox 217 1820 270 1839; x_wconf 92' lang='lat' dir='ltr'><strong>non</strong></span> <span class='ocrx_word' id='word_1_238' title='bbox 285 1817 326 1839; x_wconf 88' lang='lat' dir='ltr'><strong>est</strong></span> <span class='ocrx_word' id='word_1_239' title='bbox 345 1812 410 1839; x_wconf 91' lang='lat' dir='ltr'><strong>mihi</strong></span> <span class='ocrx_word' id='word_1_240' title='bbox 432 1820 523 1840; x_wconf 85' lang='lat' dir='ltr'><strong>sermo</strong></span> <span class='ocrx_word' id='word_1_241' title='bbox 548 1812 636 1839; x_wconf 89' lang='lat' dir='ltr'><strong>solutn</strong></span> <span class='ocrx_word' id='word_1_242' title='bbox 666 1813 692 1839; x_wconf 94' lang='lat' dir='ltr'><strong>in</strong></span> <span class='ocrx_word' id='word_1_243' title='bbox 718 1812 877 1846; x_wconf 87' lang='lat' dir='ltr'><strong>superﬁcie,</strong></span> <span class='ocrx_word' id='word_1_244' title='bbox 914 1813 941 1841; x_wconf 89' lang='lat' dir='ltr'><strong>id</strong></span> <span class='ocrx_word' id='word_1_245' title='bbox 959 1817 1011 1845; x_wconf 84' lang='lat' dir='ltr'><strong>est,</strong></span> 
     </span>
    </p>
   </div>
   <div class='ocr_carea' id='block_1_35' title="bbox 217 1856 1012 1890">
    <p class='ocr_par' dir='ltr' id='par_1_35' title="bbox 217 1856 1012 1890">
     <span class='ocr_line' id='line_1_35' title="bbox 217 1856 1012 1890; baseline 0.003 -8"><span class='ocrx_word' id='word_1_246' title='bbox 217 1856 353 1890; x_wconf 76' lang='lat' dir='ltr'><strong>profundo</strong></span> <span class='ocrx_word' id='word_1_247' title='bbox 371 1861 398 1884; x_wconf 88' lang='lat' dir='ltr'><strong>et</strong></span> <span class='ocrx_word' id='word_1_248' title='bbox 414 1857 440 1883; x_wconf 92' lang='lat' dir='ltr'><strong>in</strong></span> <span class='ocrx_word' id='word_1_249' title='bbox 459 1857 553 1884; x_wconf 84' lang='lat' dir='ltr'><strong>corde.</strong></span> <span class='ocrx_word' id='word_1_250' title='bbox 578 1857 606 1883; x_wconf 89' lang='lat' dir='ltr'><strong>lu</strong></span> <span class='ocrx_word' id='word_1_251' title='bbox 628 1864 676 1883; x_wconf 83' lang='lat' dir='ltr'><strong>ore</strong></span> <span class='ocrx_word' id='word_1_252' title='bbox 694 1861 785 1883; x_wconf 84' lang='lat' dir='ltr'><strong>autem</strong></span> <span class='ocrx_word' id='word_1_253' title='bbox 806 1856 950 1884; x_wconf 81' lang='lat' dir='ltr'><strong>stultorum</strong></span> <span class='ocrx_word' id='word_1_254' title='bbox 965 1865 1012 1884; x_wconf 89' lang='lat' dir='ltr'><strong>cor</strong></span> 
     </span>
    </p>
   </div>
   <div class='ocr_carea' id='block_1_36' title="bbox 216 1907 376 1930">
    <p class='ocr_par' dir='ltr' id='par_1_36' title="bbox 216 1907 376 1930">
     <span class='ocr_line' id='line_1_36' title="bbox 216 1907 376 1930; baseline -0.006 0"><span class='ocrx_word' id='word_1_255' title='bbox 216 1910 311 1930; x_wconf 79' lang='lat' dir='ltr'><strong>eorum</strong></span> <span class='ocrx_word' id='word_1_256' title='bbox 325 1907 376 1929; x_wconf 87' lang='lat' dir='ltr'><strong>est.</strong></span> 
     </span>
    </p>
   </div>
   <div class='ocr_carea' id='block_1_37' title="bbox 254 1947 908 1985">
    <p class='ocr_par' dir='ltr' id='par_1_37' title="bbox 254 1947 908 1985">
     <span class='ocr_line' id='line_1_37' title="bbox 254 1947 908 1985; baseline 0.003 -10"><span class='ocrx_word' id='word_1_257' title='bbox 254 1947 393 1983; x_wconf 76' lang='lat' dir='ltr'><strong>Ejusdem.</strong></span> <span class='ocrx_word' id='word_1_258' title='bbox 407 1949 541 1984; x_wconf 85' lang='lat' dir='ltr'><strong>Linguam</strong></span> <span class='ocrx_word' id='word_1_259' title='bbox 560 1949 677 1985; x_wconf 82' lang='lat' dir='ltr'><strong>ﬁgurate</strong></span> <span class='ocrx_word' id='word_1_260' title='bbox 690 1957 738 1978; x_wconf 88' lang='lat' dir='ltr'><strong>cor</strong></span> <span class='ocrx_word' id='word_1_261' title='bbox 753 1950 908 1985; x_wconf 80' lang='lat' dir='ltr'><strong>appellavit.</strong></span> 
     </span>
    </p>
   </div>
   <div class='ocr_carea' id='block_1_38' title="bbox 1020 1504 1043 1534">
    <p class='ocr_par' dir='ltr' id='par_1_38' title="bbox 1020 1504 1043 1534">
     <span class='ocr_line' id='line_1_38' title="bbox 1020 1504 1043 1534; baseline 0 0"><span class='ocrx_word' id='word_1_262' title='bbox 1020 1504 1043 1534; x_wconf 75' lang='grc' dir='ltr'><em>ε</em></span> 
     </span>
    </p>
   </div>
   <div class='ocr_carea' id='block_1_39' title="bbox 254 2038 1014 2074">
    <p class='ocr_par' dir='ltr' id='par_1_39' title="bbox 254 2038 1014 2074">
     <span class='ocr_line' id='line_1_39' title="bbox 254 2038 1014 2074; baseline 0.003 -9"><span class='ocrx_word' id='word_1_263' title='bbox 254 2038 335 2066; x_wconf 68' lang='lat' dir='ltr'><strong>Vens.</strong></span> <span class='ocrx_word' id='word_1_264' title='bbox 354 2039 380 2066; x_wconf 83' lang='grc'><strong>5.</strong></span> <span class='ocrx_word' id='word_1_265' title='bbox 400 2039 478 2072; x_wconf 73' lang='lat' dir='ltr'><strong>Ecce,</strong></span> <span class='ocrx_word' id='word_1_266' title='bbox 491 2039 611 2072; x_wconf 79' lang='lat' dir='ltr'><strong>Domine,</strong></span> <span class='ocrx_word' id='word_1_267' title='bbox 624 2046 652 2066; x_wconf 84' lang='lat' dir='ltr'><strong>tu</strong></span> <span class='ocrx_word' id='word_1_268' title='bbox 669 2040 812 2074; x_wconf 69' lang='lat' dir='ltr'><strong>cognovisti</strong></span> <span class='ocrx_word' id='word_1_269' title='bbox 824 2040 911 2067; x_wconf 86' lang='lat' dir='ltr'><strong>omnia</strong></span> <span class='ocrx_word' id='word_1_270' title='bbox 927 2041 1014 2067; x_wconf 77' lang='lat' dir='ltr'><strong>novis-</strong></span> 
     </span>
    </p>
   </div>
   <div class='ocr_carea' id='block_1_40' title="bbox 217 2086 1012 2121">
    <p class='ocr_par' dir='ltr' id='par_1_40' title="bbox 217 2086 1012 2121">
     <span class='ocr_line' id='line_1_40' title="bbox 217 2086 1012 2121; baseline 0.003 -10"><span class='ocrx_word' id='word_1_271' title='bbox 217 2086 284 2112; x_wconf 82' lang='lat' dir='ltr'><strong>sima</strong></span> <span class='ocrx_word' id='word_1_272' title='bbox 295 2090 319 2112; x_wconf 82' lang='lat' dir='ltr'><strong>et</strong></span> <span class='ocrx_word' id='word_1_273' title='bbox 336 2086 457 2121; x_wconf 80' lang='lat' dir='ltr'><strong>antiqua,</strong></span> <span class='ocrx_word' id='word_1_274' title='bbox 472 2091 527 2113; x_wconf 85' lang='lat' dir='ltr'><strong>etc.</strong></span> <span class='ocrx_word' id='word_1_275' title='bbox 541 2086 689 2113; x_wconf 72' lang='lat' dir='ltr'><strong>Considera</strong></span> <span class='ocrx_word' id='word_1_276' title='bbox 711 2093 761 2113; x_wconf 88' lang='lat' dir='ltr'><strong>cur</strong></span> <span class='ocrx_word' id='word_1_277' title='bbox 785 2087 871 2112; x_wconf 83' lang='lat' dir='ltr'><strong>Inedia</strong></span> <span class='ocrx_word' id='word_1_278' title='bbox 889 2087 1012 2119; x_wconf 74' lang='lat' dir='ltr'><strong>siluurit;</strong></span> 
     </span>
    </p>
   </div>
   <div class='ocr_carea' id='block_1_41' title="bbox 217 2131 1012 2166">
    <p class='ocr_par' dir='ltr' id='par_1_41' title="bbox 217 2131 1012 2166">
     <span class='ocr_line' id='line_1_41' title="bbox 217 2131 1012 2166; baseline 0.001 -8"><span class='ocrx_word' id='word_1_279' title='bbox 217 2132 279 2165; x_wconf 83' lang='lat' dir='ltr'><strong>quia</strong></span> <span class='ocrx_word' id='word_1_280' title='bbox 295 2131 423 2159; x_wconf 86' lang='lat' dir='ltr'><strong>nimirum</strong></span> <span class='ocrx_word' id='word_1_281' title='bbox 439 2132 542 2158; x_wconf 86' lang='lat' dir='ltr'><strong>malitia</strong></span> <span class='ocrx_word' id='word_1_282' title='bbox 557 2137 598 2159; x_wconf 88' lang='lat' dir='ltr'><strong>cst</strong></span> <span class='ocrx_word' id='word_1_283' title='bbox 613 2132 774 2159; x_wconf 85' lang='lat' dir='ltr'><strong>intortnedia</strong></span> <span class='ocrx_word' id='word_1_284' title='bbox 789 2152 796 2164; x_wconf 90' lang='lat'><strong>,</strong></span> <span class='ocrx_word' id='word_1_285' title='bbox 820 2140 907 2166; x_wconf 87' lang='lat' dir='ltr'><strong>neque</strong></span> <span class='ocrx_word' id='word_1_286' title='bbox 923 2137 963 2160; x_wconf 90' lang='lat' dir='ltr'><strong>est</strong></span> <span class='ocrx_word' id='word_1_287' title='bbox 986 2133 1012 2159; x_wconf 90' lang='lat' dir='ltr'><strong>in</strong></span> 
     </span>
    </p>
   </div>
   <div class='ocr_carea' id='block_1_42' title="bbox 218 2178 555 2212">
    <p class='ocr_par' dir='ltr' id='par_1_42' title="bbox 218 2178 555 2212">
     <span class='ocr_line' id='line_1_42' title="bbox 218 2178 555 2212; baseline 0.006 -8"><span class='ocrx_word' id='word_1_288' title='bbox 218 2178 283 2210; x_wconf 78' lang='lat' dir='ltr'><strong>line,</strong></span> <span class='ocrx_word' id='word_1_289' title='bbox 299 2185 348 2204; x_wconf 82' lang='lat' dir='ltr'><strong>nec</strong></span> <span class='ocrx_word' id='word_1_290' title='bbox 366 2178 392 2204; x_wconf 89' lang='lat' dir='ltr'><strong>itt</strong></span> <span class='ocrx_word' id='word_1_291' title='bbox 410 2178 555 2212; x_wconf 84' lang='lat' dir='ltr'><strong>principio.</strong></span> 
     </span>
    </p>
   </div>
   <div class='ocr_carea' id='block_1_43' title="bbox 255 2265 1012 2300">
    <p class='ocr_par' dir='ltr' id='par_1_43' title="bbox 255 2265 1012 2300">
     <span class='ocr_line' id='line_1_43' title="bbox 255 2265 1012 2300; baseline 0 -8"><span class='ocrx_word' id='word_1_292' title='bbox 255 2265 336 2293; x_wconf 74' lang='lat' dir='ltr'><strong>Vens.</strong></span> <span class='ocrx_word' id='word_1_293' title='bbox 363 2266 390 2293; x_wconf 82' lang='grc'><strong>6.</strong></span> <span class='ocrx_word' id='word_1_294' title='bbox 422 2266 555 2294; x_wconf 72' lang='grc' dir='ltr'><strong>Μὶναὸὶίίι</strong></span> <span class='ocrx_word' id='word_1_295' title='bbox 582 2267 654 2300; x_wconf 77' lang='lat' dir='ltr'><strong>facta</strong></span> <span class='ocrx_word' id='word_1_296' title='bbox 671 2272 710 2294; x_wconf 71' lang='lat' dir='ltr'><strong>est</strong></span> <span class='ocrx_word' id='word_1_297' title='bbox 727 2267 837 2295; x_wconf 73' lang='lat' dir='ltr'><strong>scientia</strong></span> <span class='ocrx_word' id='word_1_298' title='bbox 855 2272 900 2294; x_wconf 80' lang='lat' dir='ltr'><strong>tua</strong></span> <span class='ocrx_word' id='word_1_299' title='bbox 914 2275 947 2294; x_wconf 63' lang='lat' dir='ltr'><strong>ea</strong></span> <span class='ocrx_word' id='word_1_300' title='bbox 963 2272 1012 2299; x_wconf 76' lang='lat' dir='ltr'><strong>me,</strong></span> 
     </span>
    </p>
   </div>
   <div class='ocr_carea' id='block_1_44' title="bbox 219 2313 1016 2348">
    <p class='ocr_par' dir='ltr' id='par_1_44' title="bbox 219 2313 1016 2348">
     <span class='ocr_line' id='line_1_44' title="bbox 219 2313 1016 2348; baseline 0.001 -9"><span class='ocrx_word' id='word_1_301' title='bbox 219 2313 371 2347; x_wconf 75' lang='lat' dir='ltr'><strong>ronfortatu</strong></span> <span class='ocrx_word' id='word_1_302' title='bbox 385 2317 434 2345; x_wconf 77' lang='lat' dir='ltr'><strong>est,</strong></span> <span class='ocrx_word' id='word_1_303' title='bbox 458 2318 482 2340; x_wconf 71' lang='lat' dir='ltr'><strong>et</strong></span> <span class='ocrx_word' id='word_1_304' title='bbox 506 2320 557 2340; x_wconf 79' lang='lat' dir='ltr'><strong>non</strong></span> <span class='ocrx_word' id='word_1_305' title='bbox 576 2319 667 2348; x_wconf 81' lang='lat' dir='ltr'><strong>potero</strong></span> <span class='ocrx_word' id='word_1_306' title='bbox 683 2314 718 2340; x_wconf 79' lang='lat' dir='ltr'><strong>ad</strong></span> <span class='ocrx_word' id='word_1_307' title='bbox 742 2322 810 2344; x_wconf 85' lang='lat' dir='ltr'><strong>eam,</strong></span> <span class='ocrx_word' id='word_1_308' title='bbox 828 2318 882 2341; x_wconf 88' lang='lat' dir='ltr'><strong>etc.</strong></span> <span class='ocrx_word' id='word_1_309' title='bbox 898 2313 955 2340; x_wconf 79' lang='lat' dir='ltr'><strong>Vox</strong></span> <span class='ocrx_word' id='word_1_310' title='bbox 973 2317 1016 2340; x_wconf 88' lang='lat' dir='ltr'><strong>est</strong></span> 
     </span>
    </p>
   </div>
   <div class='ocr_carea' id='block_1_45' title="bbox 219 2359 1014 2396">
    <p class='ocr_par' dir='ltr' id='par_1_45' title="bbox 219 2359 1014 2396">
     <span class='ocr_line' id='line_1_45' title="bbox 219 2359 1014 2396; baseline 0.003 -11"><span class='ocrx_word' id='word_1_311' title='bbox 219 2359 352 2393; x_wconf 81' lang='lat' dir='ltr'><strong>sapientis</strong></span> <span class='ocrx_word' id='word_1_312' title='bbox 367 2360 544 2394; x_wconf 71' lang='lat' dir='ltr'><strong>prmceptoris</strong></span> <span class='ocrx_word' id='word_1_313' title='bbox 559 2362 604 2395; x_wconf 88' lang='lat' dir='ltr'><strong>qui</strong></span> <span class='ocrx_word' id='word_1_314' title='bbox 627 2361 720 2389; x_wconf 88' lang='lat' dir='ltr'><strong>multis</strong></span> <span class='ocrx_word' id='word_1_315' title='bbox 741 2361 859 2396; x_wconf 81' lang='lat' dir='ltr'><strong>profuit,</strong></span> <span class='ocrx_word' id='word_1_316' title='bbox 880 2365 908 2388; x_wconf 87' lang='lat' dir='ltr'><strong>et</strong></span> <span class='ocrx_word' id='word_1_317' title='bbox 927 2360 1014 2387; x_wconf 85' lang='lat' dir='ltr'><strong>admi-</strong></span> 
     </span>
    </p>
   </div>
   <div class='ocr_carea' id='block_1_46' title="bbox 220 2405 786 2442">
    <p class='ocr_par' dir='ltr' id='par_1_46' title="bbox 220 2405 786 2442">
     <span class='ocr_line' id='line_1_46' title="bbox 220 2405 786 2442; baseline 0.002 -9"><span class='ocrx_word' id='word_1_318' title='bbox 220 2405 306 2434; x_wconf 80' lang='lat' dir='ltr'><strong>randa</strong></span> <span class='ocrx_word' id='word_1_319' title='bbox 320 2406 442 2434; x_wconf 75' lang='lat' dir='ltr'><strong>scientia:</strong></span> <span class='ocrx_word' id='word_1_320' title='bbox 462 2408 591 2442; x_wconf 84' lang='lat' dir='ltr'><strong>mysteria</strong></span> <span class='ocrx_word' id='word_1_321' title='bbox 608 2407 786 2442; x_wconf 74' lang='lat' dir='ltr'><strong>dispensavit.</strong></span> 
     </span>
    </p>
   </div>
   <div class='ocr_carea' id='block_1_47' title="bbox 257 2452 1014 2485">
    <p class='ocr_par' dir='ltr' id='par_1_47' title="bbox 257 2452 1014 2485">
     <span class='ocr_line' id='line_1_47' title="bbox 257 2452 1014 2485; baseline 0.001 -7"><span class='ocrx_word' id='word_1_322' title='bbox 257 2452 337 2479; x_wconf 71' lang='lat' dir='ltr'><strong>Vens.</strong></span> <span class='ocrx_word' id='word_1_323' title='bbox 366 2452 393 2479; x_wconf 87' lang='lat'><strong>8.</strong></span> <span class='ocrx_word' id='word_1_324' title='bbox 411 2452 441 2479; x_wconf 79' lang='lat' dir='ltr'><strong>Si</strong></span> <span class='ocrx_word' id='word_1_325' title='bbox 455 2454 597 2480; x_wconf 71' lang='lat' dir='ltr'><strong>ascendere</strong></span> <span class='ocrx_word' id='word_1_326' title='bbox 621 2453 649 2480; x_wconf 82' lang='lat' dir='ltr'><strong>in</strong></span> <span class='ocrx_word' id='word_1_327' title='bbox 672 2453 785 2484; x_wconf 75' lang='lat' dir='ltr'><strong>uelum,</strong></span> <span class='ocrx_word' id='word_1_328' title='bbox 802 2458 830 2479; x_wconf 83' lang='lat' dir='ltr'><strong>lu</strong></span> <span class='ocrx_word' id='word_1_329' title='bbox 848 2452 904 2479; x_wconf 80' lang='lat' dir='ltr'><strong>illic</strong></span> <span class='ocrx_word' id='word_1_330' title='bbox 924 2461 970 2485; x_wconf 73' lang='lat' dir='ltr'><strong>ea;</strong></span> <span class='ocrx_word' id='word_1_331' title='bbox 993 2452 1014 2479; x_wconf 75' lang='lat' dir='ltr'><strong>si</strong></span> 
     </span>
    </p>
   </div>
   <div class='ocr_carea' id='block_1_48' title="bbox 220 2499 1014 2534">
    <p class='ocr_par' dir='ltr' id='par_1_48' title="bbox 220 2499 1014 2534">
     <span class='ocr_line' id='line_1_48' title="bbox 220 2499 1014 2534; baseline 0.003 -10"><span class='ocrx_word' id='word_1_332' title='bbox 220 2499 376 2526; x_wconf 71' lang='lat' dir='ltr'><strong>descendere</strong></span> <span class='ocrx_word' id='word_1_333' title='bbox 388 2499 413 2526; x_wconf 83' lang='lat' dir='ltr'><strong>in</strong></span> <span class='ocrx_word' id='word_1_334' title='bbox 425 2499 570 2534; x_wconf 79' lang='lat' dir='ltr'><strong>infernum,</strong></span> <span class='ocrx_word' id='word_1_335' title='bbox 587 2499 650 2526; x_wconf 81' lang='lat' dir='ltr'><strong>ades</strong></span> <span class='ocrx_word' id='word_1_336' title='bbox 665 2520 672 2531; x_wconf 83' lang='lat'><strong>,</strong></span> <span class='ocrx_word' id='word_1_337' title='bbox 687 2504 742 2526; x_wconf 88' lang='lat' dir='ltr'><strong>etc.</strong></span> <span class='ocrx_word' id='word_1_338' title='bbox 762 2499 825 2526; x_wconf 56' lang='lat' dir='ltr'><strong>Haec</strong></span> <span class='ocrx_word' id='word_1_339' title='bbox 842 2499 906 2526; x_wconf 81' lang='lat' dir='ltr'><strong>dicit</strong></span> <span class='ocrx_word' id='word_1_340' title='bbox 919 2519 926 2531; x_wconf 87' lang='lat'><strong>,</strong></span> <span class='ocrx_word' id='word_1_341' title='bbox 946 2506 978 2526; x_wconf 83' lang='lat' dir='ltr'><strong>ac</strong></span> <span class='ocrx_word' id='word_1_342' title='bbox 992 2499 1014 2526; x_wconf 87' lang='lat' dir='ltr'><strong>si</strong></span> 
     </span>
    </p>
   </div>
   <div class='ocr_carea' id='block_1_49' title="bbox 220 2544 1012 2580">
    <p class='ocr_par' dir='ltr' id='par_1_49' title="bbox 220 2544 1012 2580">
     <span class='ocr_line' id='line_1_49' title="bbox 220 2544 1012 2580; baseline -0.001 -9"><span class='ocrx_word' id='word_1_343' title='bbox 220 2550 310 2577; x_wconf 81' lang='lat' dir='ltr'><strong>posset</strong></span> <span class='ocrx_word' id='word_1_344' title='bbox 325 2545 461 2579; x_wconf 88' lang='lat' dir='ltr'><strong>proﬁcisci</strong></span> <span class='ocrx_word' id='word_1_345' title='bbox 485 2553 518 2573; x_wconf 87' lang='lat' dir='ltr'><strong>ac</strong></span> <span class='ocrx_word' id='word_1_346' title='bbox 536 2545 632 2580; x_wconf 74' lang='lat' dir='ltr'><strong>fugere</strong></span> <span class='ocrx_word' id='word_1_347' title='bbox 655 2545 682 2572; x_wconf 92' lang='lat' dir='ltr'><strong>in</strong></span> <span class='ocrx_word' id='word_1_348' title='bbox 698 2544 798 2571; x_wconf 72' lang='lat' dir='ltr'><strong>cmlum</strong></span> <span class='ocrx_word' id='word_1_349' title='bbox 817 2548 844 2571; x_wconf 87' lang='lat' dir='ltr'><strong>et</strong></span> <span class='ocrx_word' id='word_1_350' title='bbox 864 2544 1012 2576; x_wconf 81' lang='lat' dir='ltr'><strong>infernum,</strong></span> 
     </span>
    </p>
   </div>
   <div class='ocr_carea' id='block_1_50' title="bbox 222 2589 1016 2625">
    <p class='ocr_par' dir='ltr' id='par_1_50' title="bbox 222 2589 1016 2625">
     <span class='ocr_line' id='line_1_50' title="bbox 222 2589 1016 2625; baseline 0.001 -9"><span class='ocrx_word' id='word_1_351' title='bbox 222 2595 301 2625; x_wconf 83' lang='lat' dir='ltr'><strong>atque</strong></span> <span class='ocrx_word' id='word_1_352' title='bbox 313 2591 345 2617; x_wconf 87' lang='lat' dir='ltr'><strong>ad</strong></span> <span class='ocrx_word' id='word_1_353' title='bbox 361 2596 484 2619; x_wconf 80' lang='lat' dir='ltr'><strong>extrema</strong></span> <span class='ocrx_word' id='word_1_354' title='bbox 503 2592 586 2619; x_wconf 84' lang='lat' dir='ltr'><strong>maris</strong></span> <span class='ocrx_word' id='word_1_355' title='bbox 607 2589 787 2618; x_wconf 85' lang='lat' dir='ltr'><strong>transvolare.</strong></span> <span class='ocrx_word' id='word_1_356' title='bbox 804 2589 958 2617; x_wconf 87' lang='lat' dir='ltr'><strong>Verisimile</strong></span> <span class='ocrx_word' id='word_1_357' title='bbox 974 2594 1016 2617; x_wconf 82' lang='lat' dir='ltr'><strong>est</strong></span> 
     </span>
    </p>
   </div>
   <div class='ocr_carea' id='block_1_51' title="bbox 222 2636 1015 2671">
    <p class='ocr_par' dir='ltr' id='par_1_51' title="bbox 222 2636 1015 2671">
     <span class='ocr_line' id='line_1_51' title="bbox 222 2636 1015 2671; baseline 0.001 -8"><span class='ocrx_word' id='word_1_358' title='bbox 222 2642 312 2664; x_wconf 87' lang='lat' dir='ltr'><strong>autem</strong></span> <span class='ocrx_word' id='word_1_359' title='bbox 329 2638 462 2670; x_wconf 82' lang='lat' dir='ltr'><strong>animam.</strong></span> <span class='ocrx_word' id='word_1_360' title='bbox 479 2639 502 2666; x_wconf 88' lang='lat' dir='ltr'><strong>si</strong></span> <span class='ocrx_word' id='word_1_361' title='bbox 519 2638 576 2666; x_wconf 89' lang='lat' dir='ltr'><strong>sola</strong></span> <span class='ocrx_word' id='word_1_362' title='bbox 593 2637 676 2665; x_wconf 84' lang='lat' dir='ltr'><strong>fuerit</strong></span> <span class='ocrx_word' id='word_1_363' title='bbox 687 2658 694 2670; x_wconf 94' lang='lat'><strong>,</strong></span> <span class='ocrx_word' id='word_1_364' title='bbox 712 2637 763 2664; x_wconf 91' lang='lat' dir='ltr'><strong>hoc</strong></span> <span class='ocrx_word' id='word_1_365' title='bbox 779 2644 869 2671; x_wconf 82' lang='lat' dir='ltr'><strong>posse.</strong></span> <span class='ocrx_word' id='word_1_366' title='bbox 885 2636 952 2663; x_wconf 91' lang='lat' dir='ltr'><strong>Cum</strong></span> <span class='ocrx_word' id='word_1_367' title='bbox 973 2636 1015 2664; x_wconf 88' lang='lat' dir='ltr'><strong>his</strong></span> 
     </span>
    </p>
   </div>
   <div class='ocr_carea' id='block_1_52' title="bbox 223 2682 1015 2718">
    <p class='ocr_par' dir='ltr' id='par_1_52' title="bbox 223 2682 1015 2718">
     <span class='ocr_line' id='line_1_52' title="bbox 223 2682 1015 2718; baseline 0 -8"><span class='ocrx_word' id='word_1_368' title='bbox 223 2688 313 2711; x_wconf 84' lang='lat' dir='ltr'><strong>autem</strong></span> <span class='ocrx_word' id='word_1_369' title='bbox 338 2684 465 2712; x_wconf 50' lang='lat' dir='ltr'><strong>conti-res</strong></span> <span class='ocrx_word' id='word_1_370' title='bbox 489 2692 521 2711; x_wconf 82' lang='lat' dir='ltr'><strong>ca</strong></span> <span class='ocrx_word' id='word_1_371' title='bbox 549 2691 609 2718; x_wconf 68' lang='lat' dir='ltr'><strong>quae</strong></span> <span class='ocrx_word' id='word_1_372' title='bbox 634 2685 660 2711; x_wconf 89' lang='lat' dir='ltr'><strong>in</strong></span> <span class='ocrx_word' id='word_1_373' title='bbox 691 2683 902 2711; x_wconf 82' lang='lat' dir='ltr'><strong>Deuteronomio</strong></span> <span class='ocrx_word' id='word_1_374' title='bbox 924 2682 959 2698; x_wconf 78' lang='grc'><strong>³⁰“</strong></span> <span class='ocrx_word' id='word_1_375' title='bbox 975 2683 1015 2711; x_wconf 85' lang='lat' dir='ltr'><strong>sic</strong></span> 
     </span>
    </p>
   </div>
   <div class='ocr_carea' id='block_1_53' title="bbox 258 2730 776 2763">
    <p class='ocr_par' dir='ltr' id='par_1_53' title="bbox 258 2730 776 2763">
     <span class='ocr_line' id='line_1_53' title="bbox 258 2730 776 2763; baseline 0 -6"><span class='ocrx_word' id='word_1_376' title='bbox 258 2730 281 2745; x_wconf 81' lang='grc' dir='ltr'><strong>³ο</strong></span> <span class='ocrx_word' id='word_1_377' title='bbox 293 2730 490 2762; x_wconf 76' lang='lat' dir='ltr'><strong>Psal.uv,10.</strong></span> <span class='ocrx_word' id='word_1_378' title='bbox 525 2730 776 2763; x_wconf 76' lang='lat' dir='ltr'><strong>&quot;‘xxx,lletseq.</strong></span> 
     </span>
    </p>
   </div>
   <div class='ocr_carea' id='block_1_54' title="bbox 260 2777 847 2811">
    <p class='ocr_par' dir='ltr' id='par_1_54' title="bbox 260 2777 847 2811">
     <span class='ocr_line' id='line_1_54' title="bbox 260 2777 847 2811; baseline -0.002 -7"><span class='ocrx_word' id='word_1_379' title='bbox 260 2778 317 2811; x_wconf 79' lang='lat' dir='ltr'><strong>(i6)</strong></span> <span class='ocrx_word' id='word_1_380' title='bbox 337 2778 424 2805; x_wconf 84' lang='grc' dir='ltr'><strong>Ὅσοι</strong></span> <span class='ocrx_word' id='word_1_381' title='bbox 436 2777 522 2810; x_wconf 84' lang='grc' dir='ltr'><strong>κατά,</strong></span> <span class='ocrx_word' id='word_1_382' title='bbox 538 2782 592 2805; x_wconf 78' lang='lat' dir='ltr'><strong>etc.</strong></span> <span class='ocrx_word' id='word_1_383' title='bbox 613 2778 726 2806; x_wconf 74' lang='lat' dir='ltr'><strong>Schedm</strong></span> <span class='ocrx_word' id='word_1_384' title='bbox 742 2777 847 2804; x_wconf 88' lang='lat' dir='ltr'><strong>Grahii.</strong></span> 
     </span>
    </p>
   </div>
   <div class='ocr_carea' id='block_1_55' title="bbox 261 2812 870 2846">
    <p class='ocr_par' dir='ltr' id='par_1_55' title="bbox 261 2812 870 2846">
     <span class='ocr_line' id='line_1_55' title="bbox 261 2812 870 2846; baseline 0.002 -9"><span class='ocrx_word' id='word_1_385' title='bbox 261 2812 317 2844; x_wconf 75' lang='grc' dir='ltr'>(Π)</span> <span class='ocrx_word' id='word_1_386' title='bbox 330 2814 384 2839; x_wconf 84' lang='grc' dir='ltr'><strong>Καὶ</strong></span> <span class='ocrx_word' id='word_1_387' title='bbox 403 2813 438 2839; x_wconf 81' lang='grc' dir='ltr'><strong>ἐν</strong></span> <span class='ocrx_word' id='word_1_388' title='bbox 454 2813 526 2846; x_wconf 85' lang='grc' dir='ltr'><strong>τοῖς,</strong></span> <span class='ocrx_word' id='word_1_389' title='bbox 545 2818 597 2840; x_wconf 85' lang='lat' dir='ltr'><strong>etc.</strong></span> <span class='ocrx_word' id='word_1_390' title='bbox 618 2814 719 2841; x_wconf 83' lang='lat' dir='ltr'><strong>Catena</strong></span> <span class='ocrx_word' id='word_1_391' title='bbox 735 2812 870 2840; x_wconf 79' lang='lat' dir='ltr'><strong>Cordcrii.</strong></span> 
     </span>
    </p>
   </div>
   <div class='ocr_carea' id='block_1_56' title="bbox 261 2847 922 2882">
    <p class='ocr_par' dir='ltr' id='par_1_56' title="bbox 261 2847 922 2882">
     <span class='ocr_line' id='line_1_56' title="bbox 261 2847 922 2882; baseline 0.002 -10"><span class='ocrx_word' id='word_1_392' title='bbox 261 2847 317 2881; x_wconf 66' lang='lat'>(.58)</span> <span class='ocrx_word' id='word_1_393' title='bbox 335 2848 437 2875; x_wconf 75' lang='grc' dir='ltr'><strong>Πάντα</strong></span> <span class='ocrx_word' id='word_1_394' title='bbox 451 2848 606 2882; x_wconf 75' lang='grc' dir='ltr'><strong>προειδώς,</strong></span> <span class='ocrx_word' id='word_1_395' title='bbox 621 2854 674 2876; x_wconf 85' lang='lat' dir='ltr'><strong>clc.</strong></span> <span class='ocrx_word' id='word_1_396' title='bbox 692 2849 805 2875; x_wconf 64' lang='lat' dir='ltr'><strong>Schedm</strong></span> <span class='ocrx_word' id='word_1_397' title='bbox 818 2847 922 2874; x_wconf 85' lang='lat' dir='ltr'><strong>Grabii.</strong></span> 
     </span>
    </p>
   </div>
   <div class='ocr_carea' id='block_1_57' title="bbox 264 2883 843 2918">
    <p class='ocr_par' dir='ltr' id='par_1_57' title="bbox 264 2883 843 2918">
     <span class='ocr_line' id='line_1_57' title="bbox 264 2883 843 2918; baseline 0.003 -10"><span class='ocrx_word' id='word_1_398' title='bbox 264 2883 320 2918; x_wconf 73' lang='grc'>(49)</span> <span class='ocrx_word' id='word_1_399' title='bbox 339 2883 399 2909; x_wconf 77' lang='grc' dir='ltr'><strong>Τῶν</strong></span> <span class='ocrx_word' id='word_1_400' title='bbox 415 2883 504 2918; x_wconf 69' lang='grc' dir='ltr'><strong>καλῇ,</strong></span> <span class='ocrx_word' id='word_1_401' title='bbox 519 2889 572 2911; x_wconf 79' lang='lat' dir='ltr'><strong>etc.</strong></span> <span class='ocrx_word' id='word_1_402' title='bbox 591 2885 691 2912; x_wconf 70' lang='lat' dir='ltr'><strong>Catena</strong></span> <span class='ocrx_word' id='word_1_403' title='bbox 711 2883 843 2912; x_wconf 78' lang='lat' dir='ltr'><strong>Curdct‘ii.</strong></span> 
     </span>
    </p>
   </div>
   <div class='ocr_carea' id='block_1_58' title="bbox 265 2918 687 2951">
    <p class='ocr_par' dir='ltr' id='par_1_58' title="bbox 265 2918 687 2951">
     <span class='ocr_line' id='line_1_58' title="bbox 265 2918 687 2951; baseline 0.007 -9"><span class='ocrx_word' id='word_1_404' title='bbox 265 2918 321 2950; x_wconf 78' lang='lat'><strong>(50)</strong></span> <span class='ocrx_word' id='word_1_405' title='bbox 338 2919 398 2945; x_wconf 70' lang='grc' dir='ltr'><strong>ϋίνκ</strong></span> <span class='ocrx_word' id='word_1_406' title='bbox 413 2919 489 2951; x_wconf 76' lang='grc' dir='ltr'><strong>ἔστι,</strong></span> <span class='ocrx_word' id='word_1_407' title='bbox 506 2925 558 2947; x_wconf 75' lang='lat' dir='ltr'><strong>etc.</strong></span> <span class='ocrx_word' id='word_1_408' title='bbox 578 2919 687 2948; x_wconf 80' lang='lat' dir='ltr'><strong>Eadem.</strong></span> 
     </span>
    </p>
   </div>
   <div class='ocr_carea' id='block_1_59' title="bbox 896 192 1112 221">
    <p class='ocr_par' dir='ltr' id='par_1_59' title="bbox 896 192 1112 221">
     <span class='ocr_line' id='line_1_59' title="bbox 896 192 1112 221; baseline 0 -1"><span class='ocrx_word' id='word_1_409' title='bbox 896 192 944 220; x_wconf 79' lang='lat' dir='ltr'><strong>EX</strong></span> <span class='ocrx_word' id='word_1_410' title='bbox 960 192 1112 221; x_wconf 70' lang='lat' dir='ltr'><strong>OIIIGENE</strong></span> 
     </span>
    </p>
   </div>
   <div class='ocr_carea' id='block_1_60' title="bbox 1777 193 1849 220">
    <p class='ocr_par' dir='ltr' id='par_1_60' title="bbox 1777 193 1849 220">
     <span class='ocr_line' id='line_1_60' title="bbox 1777 193 1849 220; baseline 0.014 -1"><span class='ocrx_word' id='word_1_411' title='bbox 1777 193 1849 220; x_wconf 82' lang='lat' dir='ltr'><strong>I6C0</strong></span> 
     </span>
    </p>
   </div>
   <div class='ocr_carea' id='block_1_61' title="bbox 1084 248 1849 286">
    <p class='ocr_par' dir='ltr' id='par_1_61' title="bbox 1084 248 1849 286">
     <span class='ocr_line' id='line_1_61' title="bbox 1084 248 1849 286; baseline 0 -8"><span class='ocrx_word' id='word_1_412' title='bbox 1084 251 1235 286; x_wconf 72' lang='grc' dir='ltr'><strong>Μακάριος</strong></span> <span class='ocrx_word' id='word_1_413' title='bbox 1250 251 1284 284; x_wconf 85' lang='grc' dir='ltr'><strong>ὃς</strong></span> <span class='ocrx_word' id='word_1_414' title='bbox 1295 250 1439 285; x_wconf 81' lang='grc' dir='ltr'><strong>κρατήσει</strong></span> <span class='ocrx_word' id='word_1_415' title='bbox 1451 249 1500 276; x_wconf 77' lang='grc' dir='ltr'><strong>καί</strong></span> <span class='ocrx_word' id='word_1_416' title='bbox 1510 249 1627 284; x_wconf 56' lang='lat' dir='ltr'><strong>etiang</strong></span> <span class='ocrx_word' id='word_1_417' title='bbox 1634 249 1672 276; x_wconf 80' lang='grc' dir='ltr'><strong>τὰ</strong></span> <span class='ocrx_word' id='word_1_418' title='bbox 1685 248 1779 283; x_wconf 76' lang='grc' dir='ltr'><strong>νήπιά</strong></span> <span class='ocrx_word' id='word_1_419' title='bbox 1789 259 1849 278; x_wconf 82' lang='grc' dir='ltr'><strong>σου</strong></span> 
     </span>
    </p>
   </div>
   <div class='ocr_carea' id='block_1_62' title="bbox 1051 295 1848 331">
    <p class='ocr_par' dir='ltr' id='par_1_62' title="bbox 1051 295 1848 331">
     <span class='ocr_line' id='line_1_62' title="bbox 1051 295 1848 331; baseline 0 -8"><span class='ocrx_word' id='word_1_420' title='bbox 1051 298 1126 331; x_wconf 66' lang='grc' dir='ltr'><strong>πρὸς</strong></span> <span class='ocrx_word' id='word_1_421' title='bbox 1140 297 1197 331; x_wconf 80' lang='grc' dir='ltr'><strong>τὴν</strong></span> <span class='ocrx_word' id='word_1_422' title='bbox 1212 297 1334 331; x_wconf 78' lang='grc' dir='ltr'><strong>πέτραν,</strong></span> <span class='ocrx_word' id='word_1_423' title='bbox 1346 305 1373 323; x_wconf 91' lang='grc' dir='ltr'><strong>κ.</strong></span> <span class='ocrx_word' id='word_1_424' title='bbox 1389 305 1416 324; x_wconf 87' lang='grc' dir='ltr'><strong>τ.</strong></span> <span class='ocrx_word' id='word_1_425' title='bbox 1432 296 1455 321; x_wconf 83' lang='grc' dir='ltr'>ἑ.</span> <span class='ocrx_word' id='word_1_426' title='bbox 1470 296 1546 322; x_wconf 85' lang='grc' dir='ltr'><strong>Ὅσοι</strong></span> <span class='ocrx_word' id='word_1_427' title='bbox 1559 296 1629 322; x_wconf 83' lang='grc' dir='ltr'><strong>κατὰ</strong></span> <span class='ocrx_word' id='word_1_428' title='bbox 1643 295 1698 331; x_wconf 66' lang='grc'>(46)</span> <span class='ocrx_word' id='word_1_429' title='bbox 1712 295 1761 331; x_wconf 85' lang='grc' dir='ltr'><strong>τὴν</strong></span> <span class='ocrx_word' id='word_1_430' title='bbox 1775 296 1848 323; x_wconf 78' lang='grc' dir='ltr'><strong>διδα-</strong></span> 
     </span>
    </p>
   </div>
   <div class='ocr_carea' id='block_1_63' title="bbox 1052 341 1848 378">
    <p class='ocr_par' dir='ltr' id='par_1_63' title="bbox 1052 341 1848 378">
     <span class='ocr_line' id='line_1_63' title="bbox 1052 341 1848 378; baseline -0.001 -9"><span class='ocrx_word' id='word_1_431' title='bbox 1052 343 1165 369; x_wconf 80' lang='grc' dir='ltr'><strong>σκαλίαν</strong></span> <span class='ocrx_word' id='word_1_432' title='bbox 1178 343 1227 369; x_wconf 75' lang='grc' dir='ltr'><strong>τοῦ</strong></span> <span class='ocrx_word' id='word_1_433' title='bbox 1240 342 1359 378; x_wconf 83' lang='grc' dir='ltr'><strong>Χριστοῦ</strong></span> <span class='ocrx_word' id='word_1_434' title='bbox 1371 341 1406 368; x_wconf 82' lang='grc' dir='ltr'>τὰ</span> <span class='ocrx_word' id='word_1_435' title='bbox 1420 341 1510 376; x_wconf 79' lang='grc' dir='ltr'><strong>φαῦλα</strong></span> <span class='ocrx_word' id='word_1_436' title='bbox 1525 342 1652 376; x_wconf 80' lang='grc' dir='ltr'>νοήματα</span> <span class='ocrx_word' id='word_1_437' title='bbox 1660 341 1848 377; x_wconf 76' lang='grc' dir='ltr'><strong>διαφθείρουσι</strong></span> 
     </span>
    </p>
   </div>
   <div class='ocr_carea' id='block_1_64' title="bbox 1050 384 1850 424">
    <p class='ocr_par' dir='ltr' id='par_1_64' title="bbox 1050 384 1850 424">
     <span class='ocr_line' id='line_1_64' title="bbox 1050 384 1850 424; baseline 0.003 -11"><span class='ocrx_word' id='word_1_438' title='bbox 1050 388 1100 422; x_wconf 79' lang='grc' dir='ltr'><strong>τῆς</strong></span> <span class='ocrx_word' id='word_1_439' title='bbox 1119 388 1227 424; x_wconf 81' lang='grc' dir='ltr'><strong>ψυχῆς,</strong></span> <span class='ocrx_word' id='word_1_440' title='bbox 1249 384 1323 414; x_wconf 75' lang='grc' dir='ltr'>οὗτοι</span> <span class='ocrx_word' id='word_1_441' title='bbox 1344 387 1379 414; x_wconf 86' lang='grc' dir='ltr'><strong>τὰ</strong></span> <span class='ocrx_word' id='word_1_442' title='bbox 1397 388 1482 423; x_wconf 87' lang='grc' dir='ltr'><strong>νήπια</strong></span> <span class='ocrx_word' id='word_1_443' title='bbox 1508 387 1669 420; x_wconf 75' lang='grc' dir='ltr'><strong>Βαϐυλῶνος</strong></span> <span class='ocrx_word' id='word_1_444' title='bbox 1690 388 1850 423; x_wconf 66' lang='grc' dir='ltr'><strong>ὲδαφίζπυσι</strong></span> 
     </span>
    </p>
   </div>
   <div class='ocr_carea' id='block_1_65' title="bbox 1051 434 1309 471">
    <p class='ocr_par' dir='ltr' id='par_1_65' title="bbox 1051 434 1309 471">
     <span class='ocr_line' id='line_1_65' title="bbox 1051 434 1309 471; baseline 0.004 -11"><span class='ocrx_word' id='word_1_445' title='bbox 1051 434 1120 470; x_wconf 84' lang='grc' dir='ltr'><strong>πρὸς</strong></span> <span class='ocrx_word' id='word_1_446' title='bbox 1132 434 1181 471; x_wconf 85' lang='grc' dir='ltr'><strong>τὴν</strong></span> <span class='ocrx_word' id='word_1_447' title='bbox 1195 434 1309 470; x_wconf 77' lang='grc' dir='ltr'><strong>πέτραν.</strong></span> 
     </span>
    </p>
   </div>
   <div class='ocr_carea' id='block_1_66' title="bbox 1323 527 1577 555">
    <p class='ocr_par' dir='ltr' id='par_1_66' title="bbox 1323 527 1577 555">
     <span class='ocr_line' id='line_1_66' title="bbox 1323 527 1577 555; baseline 0.004 -1"><span class='ocrx_word' id='word_1_448' title='bbox 1323 527 1471 554; x_wconf 79' lang='grc' dir='ltr'><strong>ΨΑΛΜΟΣ</strong></span> <span class='ocrx_word' id='word_1_449' title='bbox 1489 527 1532 553; x_wconf 89' lang='grc' dir='ltr'><strong>ΡΛ</strong></span> <span class='ocrx_word' id='word_1_450' title='bbox 1536 527 1577 555; x_wconf 80' lang='lat' dir='ltr'><strong>H’.</strong></span> 
     </span>
    </p>
   </div>
   <div class='ocr_carea' id='block_1_67' title="bbox 1087 572 1852 608">
    <p class='ocr_par' dir='ltr' id='par_1_67' title="bbox 1087 572 1852 608">
     <span class='ocr_line' id='line_1_67' title="bbox 1087 572 1852 608; baseline 0 -8"><span class='ocrx_word' id='word_1_451' title='bbox 1087 573 1185 606; x_wconf 82' lang='grc' dir='ltr'><strong>Κύριε,</strong></span> <span class='ocrx_word' id='word_1_452' title='bbox 1199 573 1382 608; x_wconf 82' lang='grc' dir='ltr'><strong>ἑδοκίμασάς</strong></span> <span class='ocrx_word' id='word_1_453' title='bbox 1391 582 1439 608; x_wconf 75' lang='grc' dir='ltr'><strong>με,</strong></span> <span class='ocrx_word' id='word_1_454' title='bbox 1451 572 1602 608; x_wconf 78' lang='grc' dir='ltr'><strong>καὶὲγνως</strong></span> <span class='ocrx_word' id='word_1_455' title='bbox 1614 582 1662 608; x_wconf 76' lang='grc' dir='ltr'><strong>με,</strong></span> <span class='ocrx_word' id='word_1_456' title='bbox 1678 582 1705 600; x_wconf 87' lang='grc' dir='ltr'><strong>κ.</strong></span> <span class='ocrx_word' id='word_1_457' title='bbox 1718 582 1744 600; x_wconf 84' lang='grc' dir='ltr'><strong>τ.</strong></span> <span class='ocrx_word' id='word_1_458' title='bbox 1759 574 1783 600; x_wconf 77' lang='grc' dir='ltr'><strong>ὲ.</strong></span> <span class='ocrx_word' id='word_1_459' title='bbox 1794 574 1852 601; x_wconf 84' lang='grc' dir='ltr'><strong>Καὶ</strong></span> 
     </span>
    </p>
   </div>
   <div class='ocr_carea' id='block_1_68' title="bbox 1051 616 1850 653">
    <p class='ocr_par' dir='ltr' id='par_1_68' title="bbox 1051 616 1850 653">
     <span class='ocr_line' id='line_1_68' title="bbox 1051 616 1850 653; baseline 0.001 -10"><span class='ocrx_word' id='word_1_460' title='bbox 1051 618 1080 643; x_wconf 80' lang='grc' dir='ltr'><strong>ὲν</strong></span> <span class='ocrx_word' id='word_1_461' title='bbox 1096 619 1153 649; x_wconf 80' lang='grc' dir='ltr'><strong>τοῖς</strong></span> <span class='ocrx_word' id='word_1_462' title='bbox 1166 618 1223 653; x_wconf 64' lang='grc'>(47)</span> <span class='ocrx_word' id='word_1_463' title='bbox 1238 616 1301 653; x_wconf 81' lang='grc' dir='ltr'><strong>έξῆς</strong></span> <span class='ocrx_word' id='word_1_464' title='bbox 1322 618 1351 644; x_wconf 83' lang='grc' dir='ltr'><strong>δὲ</strong></span> <span class='ocrx_word' id='word_1_465' title='bbox 1372 618 1410 649; x_wconf 84' lang='grc' dir='ltr'><strong>ὡς</strong></span> <span class='ocrx_word' id='word_1_466' title='bbox 1431 617 1651 653; x_wconf 80' lang='grc' dir='ltr'><strong>ἀναφαινομένης</strong></span> <span class='ocrx_word' id='word_1_467' title='bbox 1670 618 1720 652; x_wconf 81' lang='grc' dir='ltr'><strong>τῆς</strong></span> <span class='ocrx_word' id='word_1_468' title='bbox 1737 618 1850 653; x_wconf 75' lang='grc' dir='ltr'><strong>καρδίας</strong></span> 
     </span>
    </p>
   </div>
   <div class='ocr_carea' id='block_1_69' title="bbox 1051 663 1851 700">
    <p class='ocr_par' dir='ltr' id='par_1_69' title="bbox 1051 663 1851 700">
     <span class='ocr_line' id='line_1_69' title="bbox 1051 663 1851 700; baseline 0.001 -11"><span class='ocrx_word' id='word_1_469' title='bbox 1051 664 1080 690; x_wconf 86' lang='grc' dir='ltr'><strong>ὲν</strong></span> <span class='ocrx_word' id='word_1_470' title='bbox 1097 665 1152 696; x_wconf 89' lang='grc' dir='ltr'><strong>τοῖς</strong></span> <span class='ocrx_word' id='word_1_471' title='bbox 1168 665 1327 700; x_wconf 83' lang='grc' dir='ltr'><strong>πειρασμοῖς</strong></span> <span class='ocrx_word' id='word_1_472' title='bbox 1342 664 1467 700; x_wconf 78' lang='grc' dir='ltr'><strong>εἴρηται·</strong></span> <span class='ocrx_word' id='word_1_473' title='bbox 1487 673 1497 689; x_wconf 87' lang='grc'><strong><em>‹</em></strong></span> <span class='ocrx_word' id='word_1_474' title='bbox 1516 663 1669 699; x_wconf 85' lang='grc' dir='ltr'><strong>Δοκίμασόν</strong></span> <span class='ocrx_word' id='word_1_475' title='bbox 1684 673 1728 699; x_wconf 84' lang='grc' dir='ltr'><strong>με,</strong></span> <span class='ocrx_word' id='word_1_476' title='bbox 1747 665 1762 690; x_wconf 84' lang='grc' dir='ltr'>ὁ</span> <span class='ocrx_word' id='word_1_477' title='bbox 1772 664 1851 695; x_wconf 81' lang='grc' dir='ltr'><strong>Θεὺς,</strong></span> 
     </span>
    </p>
   </div>
   <div class='ocr_carea' id='block_1_70' title="bbox 1054 709 1852 745">
    <p class='ocr_par' dir='ltr' id='par_1_70' title="bbox 1054 709 1852 745">
     <span class='ocr_line' id='line_1_70' title="bbox 1054 709 1852 745; baseline 0 -9"><span class='ocrx_word' id='word_1_478' title='bbox 1054 709 1101 736; x_wconf 74' lang='grc' dir='ltr'><strong>καὶ</strong></span> <span class='ocrx_word' id='word_1_479' title='bbox 1117 710 1200 743; x_wconf 85' lang='grc' dir='ltr'>γνῶθι</span> <span class='ocrx_word' id='word_1_480' title='bbox 1222 710 1272 745; x_wconf 86' lang='grc' dir='ltr'><strong>τὴν</strong></span> <span class='ocrx_word' id='word_1_481' title='bbox 1287 709 1402 745; x_wconf 83' lang='grc' dir='ltr'><strong>καρδίαν</strong></span> <span class='ocrx_word' id='word_1_482' title='bbox 1421 718 1486 745; x_wconf 88' lang='grc' dir='ltr'><strong>μου·</strong></span> <span class='ocrx_word' id='word_1_483' title='bbox 1507 719 1517 735; x_wconf 69' lang='grc' dir='ltr'><strong>ι</strong></span> <span class='ocrx_word' id='word_1_484' title='bbox 1534 710 1551 745; x_wconf 86' lang='grc' dir='ltr'><strong>ὴ</strong></span> <span class='ocrx_word' id='word_1_485' title='bbox 1574 710 1602 736; x_wconf 62' lang='lat' dir='ltr'><strong>es</strong></span> <span class='ocrx_word' id='word_1_486' title='bbox 1616 709 1729 745; x_wconf 80' lang='grc' dir='ltr'>πέμπτη</span> <span class='ocrx_word' id='word_1_487' title='bbox 1745 710 1852 742; x_wconf 75' lang='grc' dir='ltr'><strong>ἔκδοσις</strong></span> 
     </span>
    </p>
   </div>
   <div class='ocr_carea' id='block_1_71' title="bbox 1054 753 1854 792">
    <p class='ocr_par' dir='ltr' id='par_1_71' title="bbox 1054 753 1854 792">
     <span class='ocr_line' id='line_1_71' title="bbox 1054 753 1854 792; baseline 0 -10"><span class='ocrx_word' id='word_1_488' title='bbox 1054 756 1102 783; x_wconf 75' lang='grc' dir='ltr'><strong>νῦν</strong></span> <span class='ocrx_word' id='word_1_489' title='bbox 1127 757 1194 792; x_wconf 78' lang='grc' dir='ltr'><strong>μὲν,</strong></span> <span class='ocrx_word' id='word_1_490' title='bbox 1220 766 1229 782; x_wconf 88' lang='lat' dir='ltr'><strong>l</strong></span> <span class='ocrx_word' id='word_1_491' title='bbox 1249 756 1451 792; x_wconf 79' lang='grc' dir='ltr'><strong>ὲξηρεύνησας,</strong></span> <span class='ocrx_word' id='word_1_492' title='bbox 1473 765 1482 782; x_wconf 74' lang='lat' dir='ltr'><strong>t</strong></span> <span class='ocrx_word' id='word_1_493' title='bbox 1505 753 1582 782; x_wconf 75' lang='grc' dir='ltr'><strong>εἶπεν</strong></span> <span class='ocrx_word' id='word_1_494' title='bbox 1594 764 1602 771; x_wconf 89' lang='grc'><strong>·</strong></span> <span class='ocrx_word' id='word_1_495' title='bbox 1626 757 1655 782; x_wconf 81' lang='grc' dir='ltr'><strong>ὲν</strong></span> <span class='ocrx_word' id='word_1_496' title='bbox 1673 756 1702 782; x_wconf 80' lang='grc' dir='ltr'><strong>δὲ</strong></span> <span class='ocrx_word' id='word_1_497' title='bbox 1714 757 1771 788; x_wconf 82' lang='grc' dir='ltr'><strong>τοῖς</strong></span> <span class='ocrx_word' id='word_1_498' title='bbox 1787 755 1854 791; x_wconf 77' lang='grc' dir='ltr'><strong>ἑξῆς</strong></span> 
     </span>
    </p>
   </div>
   <div class='ocr_carea' id='block_1_72' title="bbox 1058 801 1853 838">
    <p class='ocr_par' dir='ltr' id='par_1_72' title="bbox 1058 801 1853 838">
     <span class='ocr_line' id='line_1_72' title="bbox 1058 801 1853 838; baseline 0 -10"><span class='ocrx_word' id='word_1_499' title='bbox 1058 812 1067 827; x_wconf 75' lang='grc' dir='ltr'><strong>ι</strong></span> <span class='ocrx_word' id='word_1_500' title='bbox 1086 802 1271 838; x_wconf 81' lang='grc' dir='ltr'><strong>ἐξερεύνησον.</strong></span> <span class='ocrx_word' id='word_1_501' title='bbox 1291 812 1300 828; x_wconf 76' lang='grc' dir='ltr'><strong>ι</strong></span> <span class='ocrx_word' id='word_1_502' title='bbox 1322 802 1366 834; x_wconf 84' lang='grc' dir='ltr'><strong>Ὡς</strong></span> <span class='ocrx_word' id='word_1_503' title='bbox 1376 802 1431 837; x_wconf 81' lang='grc' dir='ltr'><strong>γὰρ</strong></span> <span class='ocrx_word' id='word_1_504' title='bbox 1446 801 1546 837; x_wconf 72' lang='grc' dir='ltr'><strong>χρυσὸς</strong></span> <span class='ocrx_word' id='word_1_505' title='bbox 1564 803 1593 829; x_wconf 83' lang='grc' dir='ltr'><strong>ὲν</strong></span> <span class='ocrx_word' id='word_1_506' title='bbox 1612 802 1788 837; x_wconf 79' lang='grc' dir='ltr'><strong>χωνευτηρίῳ</strong></span> <span class='ocrx_word' id='word_1_507' title='bbox 1807 802 1853 829; x_wconf 82' lang='grc' dir='ltr'><strong>δο-</strong></span> 
     </span>
    </p>
   </div>
   <div class='ocr_carea' id='block_1_73' title="bbox 1054 847 1854 883">
    <p class='ocr_par' dir='ltr' id='par_1_73' title="bbox 1054 847 1854 883">
     <span class='ocr_line' id='line_1_73' title="bbox 1054 847 1854 883; baseline -0.001 -9"><span class='ocrx_word' id='word_1_508' title='bbox 1054 847 1212 883; x_wconf 76' lang='grc' dir='ltr'><strong>κιμάζεται,</strong></span> <span class='ocrx_word' id='word_1_509' title='bbox 1228 847 1315 879; x_wconf 81' lang='grc' dir='ltr'>οὕτως</span> <span class='ocrx_word' id='word_1_510' title='bbox 1329 847 1468 882; x_wconf 72' lang='grc' dir='ltr'><strong>ἄνθρωποι</strong></span> <span class='ocrx_word' id='word_1_511' title='bbox 1481 847 1571 873; x_wconf 77' lang='grc' dir='ltr'><strong>δεκτοὶ</strong></span> <span class='ocrx_word' id='word_1_512' title='bbox 1585 848 1615 874; x_wconf 81' lang='grc' dir='ltr'><strong>ὲν</strong></span> <span class='ocrx_word' id='word_1_513' title='bbox 1632 847 1741 882; x_wconf 81' lang='grc' dir='ltr'>καμίνῳ</span> <span class='ocrx_word' id='word_1_514' title='bbox 1758 855 1854 874; x_wconf 80' lang='grc' dir='ltr'><strong>ταπει-</strong></span> 
     </span>
    </p>
   </div>
   <div class='ocr_carea' id='block_1_74' title="bbox 1054 892 1854 929">
    <p class='ocr_par' dir='ltr' id='par_1_74' title="bbox 1054 892 1854 929">
     <span class='ocr_line' id='line_1_74' title="bbox 1054 892 1854 929; baseline 0 -10"><span class='ocrx_word' id='word_1_515' title='bbox 1054 893 1173 925; x_wconf 82' lang='grc' dir='ltr'><strong>νώσεως.</strong></span> <span class='ocrx_word' id='word_1_516' title='bbox 1198 894 1354 929; x_wconf 77' lang='grc' dir='ltr'><strong>Γέγραπται</strong></span> <span class='ocrx_word' id='word_1_517' title='bbox 1379 893 1407 919; x_wconf 79' lang='grc' dir='ltr'><strong>δὲ</strong></span> <span class='ocrx_word' id='word_1_518' title='bbox 1437 893 1466 920; x_wconf 77' lang='grc' dir='ltr'><strong>ὲν</strong></span> <span class='ocrx_word' id='word_1_519' title='bbox 1488 892 1589 928; x_wconf 80' lang='grc' dir='ltr'><strong>ψαλμῷ</strong></span> <span class='ocrx_word' id='word_1_520' title='bbox 1604 901 1611 908; x_wconf 91' lang='grc'><strong>·</strong></span> <span class='ocrx_word' id='word_1_521' title='bbox 1636 902 1647 917; x_wconf 78' lang='grc' dir='ltr'><strong>ι</strong></span> <span class='ocrx_word' id='word_1_522' title='bbox 1671 892 1854 928; x_wconf 84' lang='grc' dir='ltr'><strong>Ἑδοκίμασας</strong></span> 
     </span>
    </p>
   </div>
   <div class='ocr_carea' id='block_1_75' title="bbox 1055 937 1853 974">
    <p class='ocr_par' dir='ltr' id='par_1_75' title="bbox 1055 937 1853 974">
     <span class='ocr_line' id='line_1_75' title="bbox 1055 937 1853 974; baseline 0 -8"><span class='ocrx_word' id='word_1_523' title='bbox 1055 940 1129 974; x_wconf 82' lang='grc' dir='ltr'><strong>ἡμᾶς</strong></span> <span class='ocrx_word' id='word_1_524' title='bbox 1152 940 1190 971; x_wconf 85' lang='grc' dir='ltr'><strong>ὡς</strong></span> <span class='ocrx_word' id='word_1_525' title='bbox 1213 939 1346 974; x_wconf 85' lang='grc' dir='ltr'><strong>πυροῦται</strong></span> <span class='ocrx_word' id='word_1_526' title='bbox 1373 938 1404 965; x_wconf 80' lang='grc' dir='ltr'><strong>τὸ</strong></span> <span class='ocrx_word' id='word_1_527' title='bbox 1422 938 1563 974; x_wconf 85' lang='grc' dir='ltr'><strong>ἀργύριον.</strong></span> <span class='ocrx_word' id='word_1_528' title='bbox 1589 947 1598 964; x_wconf 75' lang='grc' dir='ltr'><strong>ι</strong></span> <span class='ocrx_word' id='word_1_529' title='bbox 1626 938 1735 973; x_wconf 85' lang='grc' dir='ltr'><strong>Νοήσας</strong></span> <span class='ocrx_word' id='word_1_530' title='bbox 1762 937 1853 966; x_wconf 87' lang='grc' dir='ltr'><strong>τοῦτο.</strong></span> 
     </span>
    </p>
   </div>
   <div class='ocr_carea' id='block_1_76' title="bbox 1055 984 1855 1021">
    <p class='ocr_par' dir='ltr' id='par_1_76' title="bbox 1055 984 1855 1021">
     <span class='ocr_line' id='line_1_76' title="bbox 1055 984 1855 1021; baseline -0.003 -9"><span class='ocrx_word' id='word_1_531' title='bbox 1055 986 1146 1021; x_wconf 82' lang='grc' dir='ltr'><strong>γνώσῃ</strong></span> <span class='ocrx_word' id='word_1_532' title='bbox 1157 1006 1164 1018; x_wconf 86' lang='grc'><strong>,</strong></span> <span class='ocrx_word' id='word_1_533' title='bbox 1180 986 1221 1013; x_wconf 83' lang='grc' dir='ltr'><strong>ὅτι</strong></span> <span class='ocrx_word' id='word_1_534' title='bbox 1239 986 1318 1021; x_wconf 82' lang='grc' dir='ltr'><strong>μόνος</strong></span> <span class='ocrx_word' id='word_1_535' title='bbox 1337 987 1351 1013; x_wconf 86' lang='grc' dir='ltr'><strong>ὁ</strong></span> <span class='ocrx_word' id='word_1_536' title='bbox 1366 986 1471 1017; x_wconf 86' lang='grc' dir='ltr'><strong>δίκαιος</strong></span> <span class='ocrx_word' id='word_1_537' title='bbox 1485 986 1532 1012; x_wconf 75' lang='grc' dir='ltr'><strong>καὶ</strong></span> <span class='ocrx_word' id='word_1_538' title='bbox 1552 986 1606 1017; x_wconf 76' lang='grc' dir='ltr'>πᾶς</span> <span class='ocrx_word' id='word_1_539' title='bbox 1621 984 1797 1020; x_wconf 76' lang='grc' dir='ltr'><strong>δοκιμασθεὶς</strong></span> <span class='ocrx_word' id='word_1_540' title='bbox 1810 993 1855 1018; x_wconf 63' lang='grc' dir='ltr'><strong>γι-</strong></span> 
     </span>
    </p>
   </div>
   <div class='ocr_carea' id='block_1_77' title="bbox 1055 1029 1856 1067">
    <p class='ocr_par' dir='ltr' id='par_1_77' title="bbox 1055 1029 1856 1067">
     <span class='ocr_line' id='line_1_77' title="bbox 1055 1029 1856 1067; baseline -0.004 -8"><span class='ocrx_word' id='word_1_541' title='bbox 1055 1031 1202 1065; x_wconf 83' lang='grc' dir='ltr'><strong>νώσκεται,</strong></span> <span class='ocrx_word' id='word_1_542' title='bbox 1217 1032 1255 1064; x_wconf 86' lang='grc' dir='ltr'><strong>ὡς</strong></span> <span class='ocrx_word' id='word_1_543' title='bbox 1269 1031 1307 1058; x_wconf 85' lang='grc' dir='ltr'><strong>ὢν</strong></span> <span class='ocrx_word' id='word_1_544' title='bbox 1323 1033 1352 1058; x_wconf 84' lang='grc' dir='ltr'><strong>ὲν</strong></span> <span class='ocrx_word' id='word_1_545' title='bbox 1365 1031 1477 1067; x_wconf 84' lang='grc' dir='ltr'><strong>Χριστῷ</strong></span> <span class='ocrx_word' id='word_1_546' title='bbox 1490 1030 1544 1057; x_wconf 79' lang='grc' dir='ltr'>ἀπὸ</span> <span class='ocrx_word' id='word_1_547' title='bbox 1559 1030 1626 1056; x_wconf 84' lang='grc' dir='ltr'><strong>Θεοῦ</strong></span> <span class='ocrx_word' id='word_1_548' title='bbox 1638 1038 1644 1044; x_wconf 95' lang='grc'><strong>·</strong></span> <span class='ocrx_word' id='word_1_549' title='bbox 1660 1030 1698 1061; x_wconf 84' lang='grc' dir='ltr'><strong>ὼς</strong></span> <span class='ocrx_word' id='word_1_550' title='bbox 1711 1029 1791 1064; x_wconf 83' lang='grc' dir='ltr'><strong>δῆλον</strong></span> <span class='ocrx_word' id='word_1_551' title='bbox 1806 1029 1856 1056; x_wconf 70' lang='grc' dir='ltr'><strong>καὶ</strong></span> 
     </span>
    </p>
   </div>
   <div class='ocr_carea' id='block_1_78' title="bbox 1055 1075 1857 1115">
    <p class='ocr_par' dir='ltr' id='par_1_78' title="bbox 1055 1075 1857 1115">
     <span class='ocr_line' id='line_1_78' title="bbox 1055 1075 1857 1115; baseline -0.005 -10"><span class='ocrx_word' id='word_1_552' title='bbox 1055 1079 1087 1105; x_wconf 87' lang='grc' dir='ltr'><strong>ὲκ</strong></span> <span class='ocrx_word' id='word_1_553' title='bbox 1102 1077 1149 1105; x_wconf 77' lang='grc' dir='ltr'>τοῦ</span> <span class='ocrx_word' id='word_1_554' title='bbox 1160 1086 1167 1093; x_wconf 93' lang='grc'><strong>·</strong></span> <span class='ocrx_word' id='word_1_555' title='bbox 1187 1088 1196 1104; x_wconf 74' lang='grc' dir='ltr'><strong>ι</strong></span> <span class='ocrx_word' id='word_1_556' title='bbox 1216 1078 1369 1115; x_wconf 82' lang='grc' dir='ltr'><strong>Δοκίμασόν</strong></span> <span class='ocrx_word' id='word_1_557' title='bbox 1386 1086 1430 1114; x_wconf 89' lang='grc' dir='ltr'><strong>με,</strong></span> <span class='ocrx_word' id='word_1_558' title='bbox 1446 1077 1544 1113; x_wconf 87' lang='grc' dir='ltr'><strong>Κύριε,</strong></span> <span class='ocrx_word' id='word_1_559' title='bbox 1560 1077 1607 1103; x_wconf 72' lang='grc' dir='ltr'><strong>καὶ</strong></span> <span class='ocrx_word' id='word_1_560' title='bbox 1622 1075 1707 1110; x_wconf 80' lang='grc' dir='ltr'>γνῶθι</span> <span class='ocrx_word' id='word_1_561' title='bbox 1721 1075 1771 1111; x_wconf 85' lang='grc' dir='ltr'><strong>τὴν</strong></span> <span class='ocrx_word' id='word_1_562' title='bbox 1787 1083 1857 1111; x_wconf 74' lang='grc' dir='ltr'><strong>καρ-</strong></span> 
     </span>
    </p>
   </div>
   <div class='ocr_carea' id='block_1_79' title="bbox 1055 1124 1220 1160">
    <p class='ocr_par' dir='ltr' id='par_1_79' title="bbox 1055 1124 1220 1160">
     <span class='ocr_line' id='line_1_79' title="bbox 1055 1124 1220 1160; baseline -0.006 -8"><span class='ocrx_word' id='word_1_563' title='bbox 1055 1124 1113 1152; x_wconf 89' lang='grc' dir='ltr'><strong>δίαν</strong></span> <span class='ocrx_word' id='word_1_564' title='bbox 1128 1133 1189 1160; x_wconf 88' lang='grc' dir='ltr'><strong>μου.</strong></span> <span class='ocrx_word' id='word_1_565' title='bbox 1210 1135 1220 1151; x_wconf 74' lang='grc' dir='ltr'><strong>ι</strong></span> 
     </span>
    </p>
   </div>
   <div class='ocr_carea' id='block_1_80' title="bbox 1093 1168 1857 1206">
    <p class='ocr_par' dir='ltr' id='par_1_80' title="bbox 1093 1168 1857 1206">
     <span class='ocr_line' id='line_1_80' title="bbox 1093 1168 1857 1206; baseline -0.007 -8"><span class='ocrx_word' id='word_1_566' title='bbox 1093 1171 1149 1198; x_wconf 87' lang='grc' dir='ltr'><strong>Τοῦ</strong></span> <span class='ocrx_word' id='word_1_567' title='bbox 1165 1170 1269 1198; x_wconf 84' lang='grc' dir='ltr'><strong>αὐτοῦ.</strong></span> <span class='ocrx_word' id='word_1_568' title='bbox 1294 1170 1387 1197; x_wconf 83' lang='grc' dir='ltr'>Πάντα</span> <span class='ocrx_word' id='word_1_569' title='bbox 1407 1168 1539 1206; x_wconf 83' lang='grc' dir='ltr'><strong>προειδὼς</strong></span> <span class='ocrx_word' id='word_1_570' title='bbox 1553 1168 1609 1204; x_wconf 65' lang='grc'>(48)</span> <span class='ocrx_word' id='word_1_571' title='bbox 1634 1169 1649 1194; x_wconf 85' lang='grc' dir='ltr'><strong><em>ὸ</em></strong></span> <span class='ocrx_word' id='word_1_572' title='bbox 1671 1168 1758 1200; x_wconf 81' lang='grc' dir='ltr'><strong>Θεὸς,</strong></span> <span class='ocrx_word' id='word_1_573' title='bbox 1781 1168 1857 1203; x_wconf 80' lang='grc' dir='ltr'><strong>ὅμως</strong></span> 
     </span>
    </p>
   </div>
   <div class='ocr_carea' id='block_1_81' title="bbox 1055 1214 1857 1252">
    <p class='ocr_par' dir='ltr' id='par_1_81' title="bbox 1055 1214 1857 1252">
     <span class='ocr_line' id='line_1_81' title="bbox 1055 1214 1857 1252; baseline -0.004 -9"><span class='ocrx_word' id='word_1_574' title='bbox 1055 1217 1208 1252; x_wconf 79' lang='grc' dir='ltr'><strong>δοκιμάζει,</strong></span> <span class='ocrx_word' id='word_1_575' title='bbox 1232 1217 1282 1252; x_wconf 88' lang='grc' dir='ltr'><strong>οὺχ</strong></span> <span class='ocrx_word' id='word_1_576' title='bbox 1301 1216 1346 1243; x_wconf 85' lang='grc' dir='ltr'><strong>ἴνα</strong></span> <span class='ocrx_word' id='word_1_577' title='bbox 1365 1215 1433 1251; x_wconf 84' lang='grc' dir='ltr'><strong>γνῷ,</strong></span> <span class='ocrx_word' id='word_1_578' title='bbox 1449 1215 1506 1242; x_wconf 81' lang='grc' dir='ltr'><strong>ἀλλ’</strong></span> <span class='ocrx_word' id='word_1_579' title='bbox 1523 1215 1568 1241; x_wconf 86' lang='grc' dir='ltr'><strong>’ίνα</strong></span> <span class='ocrx_word' id='word_1_580' title='bbox 1588 1214 1651 1246; x_wconf 81' lang='grc' dir='ltr'><strong>τοὺς</strong></span> <span class='ocrx_word' id='word_1_581' title='bbox 1670 1214 1857 1249; x_wconf 81' lang='grc' dir='ltr'><strong>ὑπομένοντας</strong></span> 
     </span>
    </p>
   </div>
   <div class='ocr_carea' id='block_1_82' title="bbox 1055 1260 1857 1298">
    <p class='ocr_par' dir='ltr' id='par_1_82' title="bbox 1055 1260 1857 1298">
     <span class='ocr_line' id='line_1_82' title="bbox 1055 1260 1857 1298; baseline -0.004 -9"><span class='ocrx_word' id='word_1_582' title='bbox 1055 1262 1257 1298; x_wconf 82' lang='grc' dir='ltr'><strong>δοκιμωτέρους</strong></span> <span class='ocrx_word' id='word_1_583' title='bbox 1278 1261 1439 1297; x_wconf 74' lang='grc' dir='ltr'><strong>ἐργάζηται.</strong></span> <span class='ocrx_word' id='word_1_584' title='bbox 1457 1262 1515 1288; x_wconf 83' lang='grc' dir='ltr'><strong>’Ίνα</strong></span> <span class='ocrx_word' id='word_1_585' title='bbox 1531 1260 1561 1287; x_wconf 83' lang='grc' dir='ltr'><strong>δὲ</strong></span> <span class='ocrx_word' id='word_1_586' title='bbox 1581 1261 1619 1296; x_wconf 90' lang='grc' dir='ltr'><strong>μή</strong></span> <span class='ocrx_word' id='word_1_587' title='bbox 1636 1269 1678 1293; x_wconf 86' lang='grc' dir='ltr'><strong>τις</strong></span> <span class='ocrx_word' id='word_1_588' title='bbox 1692 1261 1773 1288; x_wconf 80' lang='grc' dir='ltr'><strong>αὐτὸν</strong></span> <span class='ocrx_word' id='word_1_589' title='bbox 1787 1260 1857 1287; x_wconf 81' lang='grc' dir='ltr'><strong>ὕπο-</strong></span> 
     </span>
    </p>
   </div>
   <div class='ocr_carea' id='block_1_83' title="bbox 1056 1306 1857 1343">
    <p class='ocr_par' dir='ltr' id='par_1_83' title="bbox 1056 1306 1857 1343">
     <span class='ocr_line' id='line_1_83' title="bbox 1056 1306 1857 1343; baseline -0.002 -9"><span class='ocrx_word' id='word_1_590' title='bbox 1056 1307 1133 1334; x_wconf 75' lang='grc' dir='ltr'><strong>λαὸοι</strong></span> <span class='ocrx_word' id='word_1_591' title='bbox 1147 1308 1329 1343; x_wconf 79' lang='grc' dir='ltr'><strong>δοκιμάζοντα</strong></span> <span class='ocrx_word' id='word_1_592' title='bbox 1342 1307 1497 1342; x_wconf 81' lang='grc' dir='ltr'><strong>γινώσκειν,</strong></span> <span class='ocrx_word' id='word_1_593' title='bbox 1507 1307 1630 1342; x_wconf 77' lang='grc' dir='ltr'><strong>ἐπήγαγε</strong></span> <span class='ocrx_word' id='word_1_594' title='bbox 1643 1306 1682 1342; x_wconf 84' lang='grc' dir='ltr'><strong>τῷ</strong></span> <span class='ocrx_word' id='word_1_595' title='bbox 1692 1307 1764 1341; x_wconf 82' lang='grc' dir='ltr'><strong>λόγῳ</strong></span> <span class='ocrx_word' id='word_1_596' title='bbox 1773 1315 1781 1321; x_wconf 92' lang='grc'><strong>·</strong></span> <span class='ocrx_word' id='word_1_597' title='bbox 1798 1316 1807 1332; x_wconf 81' lang='lat' dir='ltr'><strong>t</strong></span> <span class='ocrx_word' id='word_1_598' title='bbox 1819 1307 1857 1333; x_wconf 81' lang='grc' dir='ltr'><strong>Σὺ</strong></span> 
     </span>
    </p>
   </div>
   <div class='ocr_carea' id='block_1_84' title="bbox 1058 1351 1857 1388">
    <p class='ocr_par' dir='ltr' id='par_1_84' title="bbox 1058 1351 1857 1388">
     <span class='ocr_line' id='line_1_84' title="bbox 1058 1351 1857 1388; baseline -0.001 -10"><span class='ocrx_word' id='word_1_599' title='bbox 1058 1353 1177 1388; x_wconf 80' lang='grc' dir='ltr'><strong>συνῆκας</strong></span> <span class='ocrx_word' id='word_1_600' title='bbox 1192 1353 1257 1384; x_wconf 75' lang='grc' dir='ltr'><strong>τοὺς</strong></span> <span class='ocrx_word' id='word_1_601' title='bbox 1275 1352 1467 1388; x_wconf 82' lang='grc' dir='ltr'><strong>διαλογισμούς</strong></span> <span class='ocrx_word' id='word_1_602' title='bbox 1483 1360 1534 1387; x_wconf 77' lang='grc' dir='ltr'><strong>μου</strong></span> <span class='ocrx_word' id='word_1_603' title='bbox 1548 1352 1603 1378; x_wconf 82' lang='grc' dir='ltr'><strong>ἀπὸ</strong></span> <span class='ocrx_word' id='word_1_604' title='bbox 1622 1351 1770 1387; x_wconf 74' lang='grc' dir='ltr'><strong>μακρόθεν.</strong></span> <span class='ocrx_word' id='word_1_605' title='bbox 1792 1361 1801 1377; x_wconf 73' lang='grc' dir='ltr'><strong>ι</strong></span> <span class='ocrx_word' id='word_1_606' title='bbox 1828 1352 1857 1377; x_wconf 79' lang='grc' dir='ltr'>ὐ</span> 
     </span>
    </p>
   </div>
   <div class='ocr_carea' id='block_1_85' title="bbox 1057 1396 1858 1434">
    <p class='ocr_par' dir='ltr' id='par_1_85' title="bbox 1057 1396 1858 1434">
     <span class='ocr_line' id='line_1_85' title="bbox 1057 1396 1858 1434; baseline -0.001 -9"><span class='ocrx_word' id='word_1_607' title='bbox 1057 1398 1111 1434; x_wconf 71' lang='grc' dir='ltr'><strong>γὰρ</strong></span> <span class='ocrx_word' id='word_1_608' title='bbox 1128 1399 1191 1430; x_wconf 68' lang='grc' dir='ltr'><strong>τοτις</strong></span> <span class='ocrx_word' id='word_1_609' title='bbox 1213 1398 1404 1433; x_wconf 80' lang='grc' dir='ltr'><strong>διαλογισμοὺς</strong></span> <span class='ocrx_word' id='word_1_610' title='bbox 1423 1397 1501 1429; x_wconf 82' lang='grc' dir='ltr'><strong>εἰδὼς</strong></span> <span class='ocrx_word' id='word_1_611' title='bbox 1515 1398 1562 1424; x_wconf 77' lang='grc' dir='ltr'><strong>καὶ</strong></span> <span class='ocrx_word' id='word_1_612' title='bbox 1578 1397 1631 1433; x_wconf 80' lang='grc' dir='ltr'><strong>πρὸ</strong></span> <span class='ocrx_word' id='word_1_613' title='bbox 1648 1396 1693 1424; x_wconf 76' lang='grc' dir='ltr'><strong>τοῦ</strong></span> <span class='ocrx_word' id='word_1_614' title='bbox 1712 1397 1858 1433; x_wconf 83' lang='grc' dir='ltr'><strong>κινηθῆναι</strong></span> 
     </span>
    </p>
   </div>
   <div class='ocr_carea' id='block_1_86' title="bbox 1058 1442 1860 1479">
    <p class='ocr_par' dir='ltr' id='par_1_86' title="bbox 1058 1442 1860 1479">
     <span class='ocr_line' id='line_1_86' title="bbox 1058 1442 1860 1479; baseline -0.001 -9"><span class='ocrx_word' id='word_1_615' title='bbox 1058 1443 1156 1475; x_wconf 73' lang='grc' dir='ltr'><strong>αὐτοὺς</strong></span> <span class='ocrx_word' id='word_1_616' title='bbox 1167 1464 1174 1475; x_wconf 84' lang='grc'><strong>,</strong></span> <span class='ocrx_word' id='word_1_617' title='bbox 1196 1444 1296 1479; x_wconf 78' lang='grc' dir='ltr'><strong>μᾶλλον</strong></span> <span class='ocrx_word' id='word_1_618' title='bbox 1310 1444 1338 1471; x_wconf 80' lang='grc' dir='ltr'><strong>δὲ</strong></span> <span class='ocrx_word' id='word_1_619' title='bbox 1358 1443 1412 1479; x_wconf 78' lang='grc' dir='ltr'><strong>πρὸ</strong></span> <span class='ocrx_word' id='word_1_620' title='bbox 1430 1443 1527 1470; x_wconf 88' lang='grc' dir='ltr'><strong>πολλοῦ</strong></span> <span class='ocrx_word' id='word_1_621' title='bbox 1544 1443 1641 1479; x_wconf 79' lang='grc' dir='ltr'><strong>χρόνου</strong></span> <span class='ocrx_word' id='word_1_622' title='bbox 1654 1462 1662 1475; x_wconf 89' lang='grc'><strong>,</strong></span> <span class='ocrx_word' id='word_1_623' title='bbox 1676 1442 1736 1474; x_wconf 83' lang='grc' dir='ltr'><strong>πῶς</strong></span> <span class='ocrx_word' id='word_1_624' title='bbox 1750 1442 1783 1469; x_wconf 84' lang='grc' dir='ltr'><strong>ἂν</strong></span> <span class='ocrx_word' id='word_1_625' title='bbox 1797 1443 1860 1479; x_wconf 73' lang='grc' dir='ltr'><strong>δεη-</strong></span> 
     </span>
    </p>
   </div>
   <div class='ocr_carea' id='block_1_87' title="bbox 1059 1488 1594 1526">
    <p class='ocr_par' dir='ltr' id='par_1_87' title="bbox 1059 1488 1594 1526">
     <span class='ocr_line' id='line_1_87' title="bbox 1059 1488 1594 1526; baseline -0.004 -9"><span class='ocrx_word' id='word_1_626' title='bbox 1059 1490 1118 1526; x_wconf 83' lang='grc' dir='ltr'><strong>Θείη</strong></span> <span class='ocrx_word' id='word_1_627' title='bbox 1131 1489 1294 1525; x_wconf 83' lang='grc' dir='ltr'><strong>δοκιμασίας</strong></span> <span class='ocrx_word' id='word_1_628' title='bbox 1310 1489 1378 1525; x_wconf 72' lang='grc' dir='ltr'><strong>πρὸς</strong></span> <span class='ocrx_word' id='word_1_629' title='bbox 1393 1489 1460 1516; x_wconf 85' lang='grc' dir='ltr'><strong>ίδίαν</strong></span> <span class='ocrx_word' id='word_1_630' title='bbox 1472 1488 1573 1523; x_wconf 84' lang='grc' dir='ltr'><strong>γνῶσιν</strong></span> <span class='ocrx_word' id='word_1_631' title='bbox 1587 1497 1594 1521; x_wconf 87' lang='lat'><strong>;</strong></span> 
     </span>
    </p>
   </div>
   <div class='ocr_carea' id='block_1_88' title="bbox 1098 1534 1859 1571">
    <p class='ocr_par' dir='ltr' id='par_1_88' title="bbox 1098 1534 1859 1571">
     <span class='ocr_line' id='line_1_88' title="bbox 1098 1534 1859 1571; baseline -0.004 -8"><span class='ocrx_word' id='word_1_632' title='bbox 1098 1536 1158 1571; x_wconf 79' lang='grc' dir='ltr'><strong>Τὴν·</strong></span> <span class='ocrx_word' id='word_1_633' title='bbox 1174 1536 1276 1570; x_wconf 75' lang='grc' dir='ltr'><strong>τρίϐων</strong></span> <span class='ocrx_word' id='word_1_634' title='bbox 1291 1544 1351 1570; x_wconf 79' lang='grc' dir='ltr'><strong>μοι·</strong></span> <span class='ocrx_word' id='word_1_635' title='bbox 1367 1535 1416 1562; x_wconf 78' lang='grc' dir='ltr'><strong>καί</strong></span> <span class='ocrx_word' id='word_1_636' title='bbox 1434 1534 1492 1569; x_wconf 79' lang='grc' dir='ltr'><strong>τὴν</strong></span> <span class='ocrx_word' id='word_1_637' title='bbox 1506 1534 1634 1568; x_wconf 81' lang='grc' dir='ltr'><strong>σχοῖνόν</strong></span> <span class='ocrx_word' id='word_1_638' title='bbox 1650 1543 1711 1569; x_wconf 85' lang='grc' dir='ltr'><strong>μου</strong></span> <span class='ocrx_word' id='word_1_639' title='bbox 1725 1534 1859 1569; x_wconf 79' lang='grc' dir='ltr'><strong>ἑξιχνία-</strong></span> 
     </span>
    </p>
   </div>
   <div class='ocr_carea' id='block_1_89' title="bbox 1059 1578 1860 1615">
    <p class='ocr_par' dir='ltr' id='par_1_89' title="bbox 1059 1578 1860 1615">
     <span class='ocr_line' id='line_1_89' title="bbox 1059 1578 1860 1615; baseline -0.004 -6"><span class='ocrx_word' id='word_1_640' title='bbox 1059 1589 1128 1614; x_wconf 82' lang='grc' dir='ltr'><strong>σας,</strong></span> <span class='ocrx_word' id='word_1_641' title='bbox 1142 1589 1170 1609; x_wconf 81' lang='grc' dir='ltr'><strong>κ.</strong></span> <span class='ocrx_word' id='word_1_642' title='bbox 1188 1590 1212 1607; x_wconf 91' lang='grc' dir='ltr'><strong>τ.</strong></span> <span class='ocrx_word' id='word_1_643' title='bbox 1231 1581 1255 1609; x_wconf 80' lang='grc' dir='ltr'>ἑ.</span> <span class='ocrx_word' id='word_1_644' title='bbox 1273 1580 1334 1607; x_wconf 84' lang='grc' dir='ltr'><strong>Τῶν</strong></span> <span class='ocrx_word' id='word_1_645' title='bbox 1357 1580 1426 1615; x_wconf 84' lang='grc' dir='ltr'><strong>καλῇ</strong></span> <span class='ocrx_word' id='word_1_646' title='bbox 1443 1578 1499 1615; x_wconf 75' lang='grc'>(49)</span> <span class='ocrx_word' id='word_1_647' title='bbox 1523 1579 1609 1615; x_wconf 75' lang='grc' dir='ltr'><strong>τρίϐῳ</strong></span> <span class='ocrx_word' id='word_1_648' title='bbox 1632 1580 1781 1615; x_wconf 82' lang='grc' dir='ltr'><strong>χρωμένων</strong></span> <span class='ocrx_word' id='word_1_649' title='bbox 1804 1579 1860 1612; x_wconf 77' lang='grc' dir='ltr'><strong>ὲξιο</strong></span> 
     </span>
    </p>
   </div>
   <div class='ocr_carea' id='block_1_90' title="bbox 1060 1624 1859 1663">
    <p class='ocr_par' dir='ltr' id='par_1_90' title="bbox 1060 1624 1859 1663">
     <span class='ocr_line' id='line_1_90' title="bbox 1060 1624 1859 1663; baseline -0.006 -8"><span class='ocrx_word' id='word_1_650' title='bbox 1060 1627 1164 1663; x_wconf 49' lang='grc' dir='ltr'><strong>βιάζει</strong></span> <span class='ocrx_word' id='word_1_651' title='bbox 1181 1627 1196 1654; x_wconf 76' lang='grc' dir='ltr'><strong><em>ὁ</em></strong></span> <span class='ocrx_word' id='word_1_652' title='bbox 1212 1626 1277 1658; x_wconf 80' lang='grc' dir='ltr'><strong>Θεὸς</strong></span> <span class='ocrx_word' id='word_1_653' title='bbox 1290 1625 1341 1662; x_wconf 82' lang='grc' dir='ltr'><strong>τὴν</strong></span> <span class='ocrx_word' id='word_1_654' title='bbox 1355 1626 1471 1661; x_wconf 83' lang='grc' dir='ltr'><strong>σχοῖνον,</strong></span> <span class='ocrx_word' id='word_1_655' title='bbox 1485 1625 1533 1651; x_wconf 62' lang='grc' dir='ltr'><strong>καὶ¹</strong></span> <span class='ocrx_word' id='word_1_656' title='bbox 1551 1624 1640 1652; x_wconf 82' lang='grc' dir='ltr'><strong>πάντα</strong></span> <span class='ocrx_word' id='word_1_657' title='bbox 1652 1624 1686 1651; x_wconf 76' lang='grc' dir='ltr'>τὰ</span> <span class='ocrx_word' id='word_1_658' title='bbox 1702 1624 1789 1661; x_wconf 83' lang='grc' dir='ltr'><strong>μέτρα</strong></span> <span class='ocrx_word' id='word_1_659' title='bbox 1807 1625 1859 1660; x_wconf 86' lang='grc' dir='ltr'><strong>τῆς</strong></span> 
     </span>
    </p>
   </div>
   <div class='ocr_carea' id='block_1_91' title="bbox 1060 1671 1580 1707">
    <p class='ocr_par' dir='ltr' id='par_1_91' title="bbox 1060 1671 1580 1707">
     <span class='ocr_line' id='line_1_91' title="bbox 1060 1671 1580 1707; baseline -0.008 -6"><span class='ocrx_word' id='word_1_660' title='bbox 1060 1673 1121 1701; x_wconf 81' lang='grc' dir='ltr'><strong>ὀδοῦ</strong></span> <span class='ocrx_word' id='word_1_661' title='bbox 1134 1673 1189 1700; x_wconf 87' lang='grc' dir='ltr'><strong>τῶν</strong></span> <span class='ocrx_word' id='word_1_662' title='bbox 1199 1672 1328 1701; x_wconf 72' lang='grc' dir='ltr'><strong>τοιούτων</strong></span> <span class='ocrx_word' id='word_1_663' title='bbox 1339 1672 1462 1707; x_wconf 73' lang='grc' dir='ltr'><strong>προεῖδέν</strong></span> <span class='ocrx_word' id='word_1_664' title='bbox 1477 1672 1491 1698; x_wconf 85' lang='grc' dir='ltr'>ὁ</span> <span class='ocrx_word' id='word_1_665' title='bbox 1503 1671 1580 1703; x_wconf 88' lang='grc' dir='ltr'><strong>Θεός.</strong></span> 
     </span>
    </p>
   </div>
   <div class='ocr_carea' id='block_1_92' title="bbox 1096 1714 1861 1750">
    <p class='ocr_par' dir='ltr' id='par_1_92' title="bbox 1096 1714 1861 1750">
     <span class='ocr_line' id='line_1_92' title="bbox 1096 1714 1861 1750; baseline -0.005 -4"><span class='ocrx_word' id='word_1_666' title='bbox 1096 1719 1161 1746; x_wconf 84' lang='grc' dir='ltr'><strong>Ὅτι</strong></span> <span class='ocrx_word' id='word_1_667' title='bbox 1182 1719 1237 1746; x_wconf 81' lang='grc' dir='ltr'><strong>οὐκ</strong></span> <span class='ocrx_word' id='word_1_668' title='bbox 1255 1719 1322 1745; x_wconf 59' lang='grc' dir='ltr'><strong>ἐστι</strong></span> <span class='ocrx_word' id='word_1_669' title='bbox 1344 1716 1434 1749; x_wconf 73' lang='grc' dir='ltr'><strong>δόλος</strong></span> <span class='ocrx_word' id='word_1_670' title='bbox 1455 1716 1491 1742; x_wconf 80' lang='grc' dir='ltr'><strong>ἐν</strong></span> <span class='ocrx_word' id='word_1_671' title='bbox 1502 1714 1629 1750; x_wconf 77' lang='grc' dir='ltr'><strong>γλώσσῃ</strong></span> <span class='ocrx_word' id='word_1_672' title='bbox 1652 1724 1712 1750; x_wconf 82' lang='grc' dir='ltr'><strong>μου</strong></span> <span class='ocrx_word' id='word_1_673' title='bbox 1725 1735 1732 1748; x_wconf 90' lang='grc'><strong>,</strong></span> <span class='ocrx_word' id='word_1_674' title='bbox 1746 1724 1774 1742; x_wconf 82' lang='grc' dir='ltr'><strong>κ.</strong></span> <span class='ocrx_word' id='word_1_675' title='bbox 1793 1724 1818 1742; x_wconf 86' lang='grc' dir='ltr'><strong>τ.</strong></span> <span class='ocrx_word' id='word_1_676' title='bbox 1834 1719 1861 1746; x_wconf 76' lang='grc' dir='ltr'><strong>ὲ.</strong></span> 
     </span>
    </p>
   </div>
   <div class='ocr_carea' id='block_1_93' title="bbox 1062 1760 1862 1799">
    <p class='ocr_par' dir='ltr' id='par_1_93' title="bbox 1062 1760 1862 1799">
     <span class='ocr_line' id='line_1_93' title="bbox 1062 1760 1862 1799; baseline -0.004 -9"><span class='ocrx_word' id='word_1_677' title='bbox 1062 1764 1119 1791; x_wconf 85' lang='grc' dir='ltr'><strong>Οὐκ</strong></span> <span class='ocrx_word' id='word_1_678' title='bbox 1134 1764 1191 1790; x_wconf 77' lang='grc' dir='ltr'><strong>ἔστι</strong></span> <span class='ocrx_word' id='word_1_679' title='bbox 1206 1763 1273 1799; x_wconf 81' lang='grc'>(50),</span> <span class='ocrx_word' id='word_1_680' title='bbox 1289 1762 1366 1798; x_wconf 71' lang='grc' dir='ltr'><strong>φησὶ,</strong></span> <span class='ocrx_word' id='word_1_681' title='bbox 1380 1762 1456 1793; x_wconf 82' lang='grc' dir='ltr'><strong>δόλος</strong></span> <span class='ocrx_word' id='word_1_682' title='bbox 1468 1763 1496 1788; x_wconf 80' lang='grc' dir='ltr'><strong>έν</strong></span> <span class='ocrx_word' id='word_1_683' title='bbox 1512 1761 1624 1796; x_wconf 82' lang='grc' dir='ltr'><strong>γλώσσῃ</strong></span> <span class='ocrx_word' id='word_1_684' title='bbox 1639 1769 1706 1796; x_wconf 78' lang='grc' dir='ltr'><strong>μου“</strong></span> <span class='ocrx_word' id='word_1_685' title='bbox 1722 1761 1784 1788; x_wconf 82' lang='grc' dir='ltr'><strong>ἀντὶ</strong></span> <span class='ocrx_word' id='word_1_686' title='bbox 1800 1760 1862 1794; x_wconf 79' lang='grc' dir='ltr'><strong>τοῦ,</strong></span> 
     </span>
    </p>
   </div>
   <div class='ocr_carea' id='block_1_94' title="bbox 1062 1807 1861 1845">
    <p class='ocr_par' dir='ltr' id='par_1_94' title="bbox 1062 1807 1861 1845">
     <span class='ocr_line' id='line_1_94' title="bbox 1062 1807 1861 1845; baseline 0 -9"><span class='ocrx_word' id='word_1_687' title='bbox 1062 1809 1119 1836; x_wconf 79' lang='grc' dir='ltr'><strong>Οὐκ</strong></span> <span class='ocrx_word' id='word_1_688' title='bbox 1142 1809 1215 1836; x_wconf 71' lang='grc' dir='ltr'><strong>ἔστιν</strong></span> <span class='ocrx_word' id='word_1_689' title='bbox 1237 1809 1394 1841; x_wconf 81' lang='grc' dir='ltr'><strong>ὲπιπόλαιός</strong></span> <span class='ocrx_word' id='word_1_690' title='bbox 1415 1817 1459 1845; x_wconf 85' lang='grc' dir='ltr'><strong>μοι</strong></span> <span class='ocrx_word' id='word_1_691' title='bbox 1481 1808 1579 1844; x_wconf 77' lang='grc' dir='ltr'><strong>λόγος,</strong></span> <span class='ocrx_word' id='word_1_692' title='bbox 1597 1807 1655 1838; x_wconf 71' lang='grc' dir='ltr'><strong>ἀλλῖ</strong></span> <span class='ocrx_word' id='word_1_693' title='bbox 1674 1808 1703 1836; x_wconf 84' lang='grc' dir='ltr'><strong>ὲν</strong></span> <span class='ocrx_word' id='word_1_694' title='bbox 1718 1807 1796 1844; x_wconf 70' lang='grc' dir='ltr'><strong>βάθει</strong></span> <span class='ocrx_word' id='word_1_695' title='bbox 1813 1809 1861 1836; x_wconf 77' lang='grc' dir='ltr'><strong>καὶ</strong></span> 
     </span>
    </p>
   </div>
   <div class='ocr_carea' id='block_1_95' title="bbox 1063 1854 1787 1892">
    <p class='ocr_par' dir='ltr' id='par_1_95' title="bbox 1063 1854 1787 1892">
     <span class='ocr_line' id='line_1_95' title="bbox 1063 1854 1787 1892; baseline -0.001 -10"><span class='ocrx_word' id='word_1_696' title='bbox 1063 1854 1172 1892; x_wconf 72' lang='grc' dir='ltr'><strong>καρδίᾳ.</strong></span> <span class='ocrx_word' id='word_1_697' title='bbox 1193 1856 1238 1882; x_wconf 85' lang='grc' dir='ltr'><strong>Ἐν</strong></span> <span class='ocrx_word' id='word_1_698' title='bbox 1253 1856 1367 1891; x_wconf 84' lang='grc' dir='ltr'><strong>στόματι</strong></span> <span class='ocrx_word' id='word_1_699' title='bbox 1380 1854 1408 1881; x_wconf 80' lang='grc' dir='ltr'><strong>δὲ</strong></span> <span class='ocrx_word' id='word_1_700' title='bbox 1427 1854 1527 1891; x_wconf 82' lang='grc' dir='ltr'><strong>μωρῶν</strong></span> <span class='ocrx_word' id='word_1_701' title='bbox 1543 1855 1560 1890; x_wconf 81' lang='grc' dir='ltr'>ἡ</span> <span class='ocrx_word' id='word_1_702' title='bbox 1575 1854 1672 1890; x_wconf 83' lang='grc' dir='ltr'><strong>καρδία</strong></span> <span class='ocrx_word' id='word_1_703' title='bbox 1686 1855 1787 1882; x_wconf 78' lang='grc' dir='ltr'><strong>αὐτῶν.</strong></span> 
     </span>
    </p>
   </div>
   <div class='ocr_carea' id='block_1_96' title="bbox 1102 1944 1863 1980">
    <p class='ocr_par' dir='ltr' id='par_1_96' title="bbox 1102 1944 1863 1980">
     <span class='ocr_line' id='line_1_96' title="bbox 1102 1944 1863 1980; baseline -0.001 -8"><span class='ocrx_word' id='word_1_704' title='bbox 1102 1945 1157 1972; x_wconf 84' lang='grc' dir='ltr'><strong>Τοῦ</strong></span> <span class='ocrx_word' id='word_1_705' title='bbox 1180 1945 1284 1972; x_wconf 82' lang='grc' dir='ltr'><strong>αὐτοῦ.</strong></span> <span class='ocrx_word' id='word_1_706' title='bbox 1301 1944 1428 1971; x_wconf 79' lang='grc' dir='ltr'><strong>Γλῶσσαν</strong></span> <span class='ocrx_word' id='word_1_707' title='bbox 1444 1944 1500 1980; x_wconf 83' lang='grc'>(51)</span> <span class='ocrx_word' id='word_1_708' title='bbox 1522 1944 1661 1980; x_wconf 79' lang='grc' dir='ltr'><strong>τροπικῶς</strong></span> <span class='ocrx_word' id='word_1_709' title='bbox 1682 1944 1733 1980; x_wconf 80' lang='grc' dir='ltr'><strong>τὴν</strong></span> <span class='ocrx_word' id='word_1_710' title='bbox 1748 1944 1863 1979; x_wconf 82' lang='grc' dir='ltr'><strong>καρδίαν</strong></span> 
     </span>
    </p>
   </div>
   <div class='ocr_carea' id='block_1_97' title="bbox 1062 1991 1215 2027">
    <p class='ocr_par' dir='ltr' id='par_1_97' title="bbox 1062 1991 1215 2027">
     <span class='ocr_line' id='line_1_97' title="bbox 1062 1991 1215 2027; baseline 0 -9"><span class='ocrx_word' id='word_1_711' title='bbox 1062 1991 1215 2027; x_wconf 82' lang='grc' dir='ltr'><strong>ὠνόμασεν.</strong></span> 
     </span>
    </p>
   </div>
   <div class='ocr_carea' id='block_1_98' title="bbox 1104 2037 1864 2072">
    <p class='ocr_par' dir='ltr' id='par_1_98' title="bbox 1104 2037 1864 2072">
     <span class='ocr_line' id='line_1_98' title="bbox 1104 2037 1864 2072; baseline 0 -7"><span class='ocrx_word' id='word_1_712' title='bbox 1104 2038 1193 2071; x_wconf 80' lang='grc' dir='ltr'><strong>Ἰδοὺ,</strong></span> <span class='ocrx_word' id='word_1_713' title='bbox 1205 2038 1304 2072; x_wconf 83' lang='grc' dir='ltr'><strong>Κύριε,</strong></span> <span class='ocrx_word' id='word_1_714' title='bbox 1315 2037 1357 2064; x_wconf 85' lang='grc' dir='ltr'><strong>σὺ</strong></span> <span class='ocrx_word' id='word_1_715' title='bbox 1367 2037 1462 2072; x_wconf 79' lang='grc' dir='ltr'><strong>ἔγνως</strong></span> <span class='ocrx_word' id='word_1_716' title='bbox 1476 2037 1575 2065; x_wconf 78' lang='grc' dir='ltr'><strong>πάντα</strong></span> <span class='ocrx_word' id='word_1_717' title='bbox 1586 2037 1622 2064; x_wconf 87' lang='grc' dir='ltr'><strong>τὰ</strong></span> <span class='ocrx_word' id='word_1_718' title='bbox 1632 2038 1748 2072; x_wconf 78' lang='grc' dir='ltr'><strong>ἔσχατα</strong></span> <span class='ocrx_word' id='word_1_719' title='bbox 1759 2037 1808 2064; x_wconf 78' lang='grc' dir='ltr'><strong>καί</strong></span> <span class='ocrx_word' id='word_1_720' title='bbox 1825 2037 1864 2065; x_wconf 79' lang='grc' dir='ltr'><strong>τὰ</strong></span> 
     </span>
    </p>
   </div>
   <div class='ocr_carea' id='block_1_99' title="bbox 1063 2082 1864 2119">
    <p class='ocr_par' dir='ltr' id='par_1_99' title="bbox 1063 2082 1864 2119">
     <span class='ocr_line' id='line_1_99' title="bbox 1063 2082 1864 2119; baseline 0 -9"><span class='ocrx_word' id='word_1_721' title='bbox 1063 2083 1189 2118; x_wconf 83' lang='grc' dir='ltr'><strong>ἀρχαῖα,</strong></span> <span class='ocrx_word' id='word_1_722' title='bbox 1205 2092 1233 2110; x_wconf 86' lang='grc' dir='ltr'><strong>κ.</strong></span> <span class='ocrx_word' id='word_1_723' title='bbox 1252 2092 1278 2110; x_wconf 93' lang='grc' dir='ltr'><strong>τ.</strong></span> <span class='ocrx_word' id='word_1_724' title='bbox 1303 2084 1327 2110; x_wconf 83' lang='grc' dir='ltr'><strong>έ.</strong></span> <span class='ocrx_word' id='word_1_725' title='bbox 1351 2083 1515 2118; x_wconf 83' lang='grc' dir='ltr'><strong>Ἐπίσκεψαι</strong></span> <span class='ocrx_word' id='word_1_726' title='bbox 1538 2082 1595 2119; x_wconf 68' lang='lat'><strong>(52)</strong></span> <span class='ocrx_word' id='word_1_727' title='bbox 1618 2083 1662 2110; x_wconf 80' lang='grc' dir='ltr'><strong>διὰ</strong></span> <span class='ocrx_word' id='word_1_728' title='bbox 1685 2083 1711 2109; x_wconf 83' lang='grc' dir='ltr'><strong>τί</strong></span> <span class='ocrx_word' id='word_1_729' title='bbox 1734 2083 1769 2110; x_wconf 75' lang='grc' dir='ltr'>τὰ</span> <span class='ocrx_word' id='word_1_730' title='bbox 1792 2083 1864 2118; x_wconf 82' lang='grc' dir='ltr'><strong>μέσα</strong></span> 
     </span>
    </p>
   </div>
   <div class='ocr_carea' id='block_1_100' title="bbox 1065 2128 1863 2165">
    <p class='ocr_par' dir='ltr' id='par_1_100' title="bbox 1065 2128 1863 2165">
     <span class='ocr_line' id='line_1_100' title="bbox 1065 2128 1863 2165; baseline 0 -9"><span class='ocrx_word' id='word_1_731' title='bbox 1065 2129 1327 2165; x_wconf 80' lang='grc' dir='ltr'><strong>παρασεσιώπηται·</strong></span> <span class='ocrx_word' id='word_1_732' title='bbox 1351 2129 1395 2156; x_wconf 74' lang='grc' dir='ltr'><strong>διὰ</strong></span> <span class='ocrx_word' id='word_1_733' title='bbox 1418 2129 1449 2155; x_wconf 80' lang='grc' dir='ltr'><strong>τὸ</strong></span> <span class='ocrx_word' id='word_1_734' title='bbox 1477 2129 1527 2165; x_wconf 82' lang='grc' dir='ltr'><strong>τὴν</strong></span> <span class='ocrx_word' id='word_1_735' title='bbox 1551 2129 1651 2156; x_wconf 74' lang='grc' dir='ltr'><strong>κακίαν</strong></span> <span class='ocrx_word' id='word_1_736' title='bbox 1681 2128 1751 2156; x_wconf 82' lang='grc' dir='ltr'><strong>εἶναι</strong></span> <span class='ocrx_word' id='word_1_737' title='bbox 1774 2130 1803 2157; x_wconf 78' lang='grc' dir='ltr'><strong>ἑν</strong></span> <span class='ocrx_word' id='word_1_738' title='bbox 1822 2129 1863 2165; x_wconf 78' lang='grc' dir='ltr'><strong>τῷ</strong></span> 
     </span>
    </p>
   </div>
   <div class='ocr_carea' id='block_1_101' title="bbox 1029 2174 1863 2211">
    <p class='ocr_par' dir='ltr' id='par_1_101' title="bbox 1029 2174 1863 2211">
     <span class='ocr_line' id='line_1_101' title="bbox 1029 2174 1863 2211; baseline -0.001 -9"><span class='ocrx_word' id='word_1_739' title='bbox 1029 2178 1052 2205; x_wconf 86' lang='lat' dir='ltr'><strong>D</strong></span> <span class='ocrx_word' id='word_1_740' title='bbox 1068 2176 1179 2211; x_wconf 78' lang='grc' dir='ltr'><strong>μεταξὺ,</strong></span> <span class='ocrx_word' id='word_1_741' title='bbox 1196 2174 1258 2202; x_wconf 81' lang='grc' dir='ltr'><strong>οὔτε</strong></span> <span class='ocrx_word' id='word_1_742' title='bbox 1272 2176 1300 2202; x_wconf 84' lang='grc' dir='ltr'><strong>ἐν</strong></span> <span class='ocrx_word' id='word_1_743' title='bbox 1316 2176 1349 2211; x_wconf 84' lang='grc' dir='ltr'><strong>τῇ</strong></span> <span class='ocrx_word' id='word_1_744' title='bbox 1363 2176 1444 2211; x_wconf 78' lang='grc' dir='ltr'><strong>ἀρχῇ,</strong></span> <span class='ocrx_word' id='word_1_745' title='bbox 1459 2174 1521 2201; x_wconf 76' lang='grc' dir='ltr'><strong>οὔτε</strong></span> <span class='ocrx_word' id='word_1_746' title='bbox 1533 2176 1563 2202; x_wconf 78' lang='grc' dir='ltr'><strong>ὲν</strong></span> <span class='ocrx_word' id='word_1_747' title='bbox 1582 2174 1622 2210; x_wconf 87' lang='grc' dir='ltr'><strong>τῷ</strong></span> <span class='ocrx_word' id='word_1_748' title='bbox 1636 2175 1708 2202; x_wconf 77' lang='grc' dir='ltr'><strong>τέλει</strong></span> <span class='ocrx_word' id='word_1_749' title='bbox 1723 2175 1863 2211; x_wconf 78' lang='grc' dir='ltr'><strong>ὑπάρχου-</strong></span> 
     </span>
    </p>
   </div>
   <div class='ocr_carea' id='block_1_102' title="bbox 1066 2231 1126 2250">
    <p class='ocr_par' dir='ltr' id='par_1_102' title="bbox 1066 2231 1126 2250">
     <span class='ocr_line' id='line_1_102' title="bbox 1066 2231 1126 2250; baseline 0.017 -1"><span class='ocrx_word' id='word_1_750' title='bbox 1066 2231 1126 2250; x_wconf 86' lang='grc' dir='ltr'><strong>σαν.</strong></span> 
     </span>
    </p>
   </div>
   <div class='ocr_carea' id='block_1_103' title="bbox 1107 2267 1864 2304">
    <p class='ocr_par' dir='ltr' id='par_1_103' title="bbox 1107 2267 1864 2304">
     <span class='ocr_line' id='line_1_103' title="bbox 1107 2267 1864 2304; baseline -0.003 -8"><span class='ocrx_word' id='word_1_751' title='bbox 1107 2267 1333 2303; x_wconf 83' lang='grc' dir='ltr'><strong>Ἐθαυμαστώθη</strong></span> <span class='ocrx_word' id='word_1_752' title='bbox 1352 2269 1372 2302; x_wconf 75' lang='grc' dir='ltr'><em>ἠ</em></span> <span class='ocrx_word' id='word_1_753' title='bbox 1386 2267 1497 2304; x_wconf 74' lang='grc' dir='ltr'><strong>γνῶσίς</strong></span> <span class='ocrx_word' id='word_1_754' title='bbox 1510 2274 1570 2295; x_wconf 85' lang='grc' dir='ltr'><strong>σου</strong></span> <span class='ocrx_word' id='word_1_755' title='bbox 1579 2267 1614 2300; x_wconf 82' lang='grc' dir='ltr'><strong>ἐξ</strong></span> <span class='ocrx_word' id='word_1_756' title='bbox 1626 2267 1710 2302; x_wconf 84' lang='grc' dir='ltr'><strong>ἐμοῦ,</strong></span> <span class='ocrx_word' id='word_1_757' title='bbox 1725 2268 1864 2301; x_wconf 78' lang='grc' dir='ltr'><strong>ἐκραται-</strong></span> 
     </span>
    </p>
   </div>
   <div class='ocr_carea' id='block_1_104' title="bbox 1064 2314 1865 2350">
    <p class='ocr_par' dir='ltr' id='par_1_104' title="bbox 1064 2314 1865 2350">
     <span class='ocr_line' id='line_1_104' title="bbox 1064 2314 1865 2350; baseline -0.004 -7"><span class='ocrx_word' id='word_1_758' title='bbox 1064 2316 1140 2349; x_wconf 86' lang='grc' dir='ltr'><strong>ώθη,</strong></span> <span class='ocrx_word' id='word_1_759' title='bbox 1162 2317 1198 2343; x_wconf 89' lang='grc' dir='ltr'><strong>οὐ</strong></span> <span class='ocrx_word' id='word_1_760' title='bbox 1216 2315 1259 2350; x_wconf 81' lang='grc' dir='ltr'><strong>μὴ</strong></span> <span class='ocrx_word' id='word_1_761' title='bbox 1274 2315 1407 2350; x_wconf 78' lang='grc' dir='ltr'><strong>δύνωμαι</strong></span> <span class='ocrx_word' id='word_1_762' title='bbox 1421 2315 1499 2349; x_wconf 72' lang='grc' dir='ltr'><strong>πρὸς</strong></span> <span class='ocrx_word' id='word_1_763' title='bbox 1511 2314 1610 2349; x_wconf 78' lang='grc' dir='ltr'><strong>αὐτὴν</strong></span> <span class='ocrx_word' id='word_1_764' title='bbox 1622 2334 1629 2347; x_wconf 91' lang='grc'><strong>,</strong></span> <span class='ocrx_word' id='word_1_765' title='bbox 1654 2323 1681 2341; x_wconf 86' lang='grc' dir='ltr'><strong>κ.</strong></span> <span class='ocrx_word' id='word_1_766' title='bbox 1699 2323 1725 2340; x_wconf 85' lang='grc' dir='ltr'><strong>τ.</strong></span> <span class='ocrx_word' id='word_1_767' title='bbox 1743 2315 1768 2340; x_wconf 78' lang='grc' dir='ltr'><strong>ἑ.</strong></span> <span class='ocrx_word' id='word_1_768' title='bbox 1785 2314 1865 2350; x_wconf 78' lang='grc' dir='ltr'>Φωνὴ</span> 
     </span>
    </p>
   </div>
   <div class='ocr_carea' id='block_1_105' title="bbox 1065 2359 1866 2397">
    <p class='ocr_par' dir='ltr' id='par_1_105' title="bbox 1065 2359 1866 2397">
     <span class='ocr_line' id='line_1_105' title="bbox 1065 2359 1866 2397; baseline 0 -10"><span class='ocrx_word' id='word_1_769' title='bbox 1065 2360 1178 2393; x_wconf 86' lang='grc' dir='ltr'><strong>πολλοὺς</strong></span> <span class='ocrx_word' id='word_1_770' title='bbox 1190 2361 1244 2396; x_wconf 80' lang='grc'>(55)</span> <span class='ocrx_word' id='word_1_771' title='bbox 1261 2361 1452 2397; x_wconf 81' lang='grc' dir='ltr'><strong>ὠφελήσαντος</strong></span> <span class='ocrx_word' id='word_1_772' title='bbox 1465 2360 1625 2387; x_wconf 82' lang='grc' dir='ltr'><strong>διδασκάλου</strong></span> <span class='ocrx_word' id='word_1_773' title='bbox 1642 2359 1737 2395; x_wconf 85' lang='grc' dir='ltr'><strong>σοφοῦ,</strong></span> <span class='ocrx_word' id='word_1_774' title='bbox 1750 2360 1785 2387; x_wconf 75' lang='grc' dir='ltr'><strong>τὰ</strong></span> <span class='ocrx_word' id='word_1_775' title='bbox 1799 2360 1866 2387; x_wconf 82' lang='grc' dir='ltr'><strong>θαυ-</strong></span> 
     </span>
    </p>
   </div>
   <div class='ocr_carea' id='block_1_106' title="bbox 1067 2406 1766 2442">
    <p class='ocr_par' dir='ltr' id='par_1_106' title="bbox 1067 2406 1766 2442">
     <span class='ocr_line' id='line_1_106' title="bbox 1067 2406 1766 2442; baseline -0.001 -9"><span class='ocrx_word' id='word_1_776' title='bbox 1067 2406 1153 2442; x_wconf 84' lang='grc' dir='ltr'><strong>μάσια</strong></span> <span class='ocrx_word' id='word_1_777' title='bbox 1168 2407 1219 2442; x_wconf 85' lang='grc' dir='ltr'><strong>τῆς</strong></span> <span class='ocrx_word' id='word_1_778' title='bbox 1231 2407 1359 2442; x_wconf 83' lang='grc' dir='ltr'><strong>γνώσεως</strong></span> <span class='ocrx_word' id='word_1_779' title='bbox 1373 2408 1510 2442; x_wconf 81' lang='grc' dir='ltr'><strong>μυστήρια</strong></span> <span class='ocrx_word' id='word_1_780' title='bbox 1525 2406 1766 2441; x_wconf 79' lang='grc' dir='ltr'><strong>οίκονομήσαντος.</strong></span> 
     </span>
    </p>
   </div>
   <div class='ocr_carea' id='block_1_107' title="bbox 1106 2450 1865 2487">
    <p class='ocr_par' dir='ltr' id='par_1_107' title="bbox 1106 2450 1865 2487">
     <span class='ocr_line' id='line_1_107' title="bbox 1106 2450 1865 2487; baseline -0.001 -8"><span class='ocrx_word' id='word_1_781' title='bbox 1106 2453 1174 2480; x_wconf 81' lang='grc' dir='ltr'><strong>Ἐὰν</strong></span> <span class='ocrx_word' id='word_1_782' title='bbox 1190 2453 1289 2480; x_wconf 60' lang='grc' dir='ltr'><strong>ἁκαόῶ</strong></span> <span class='ocrx_word' id='word_1_783' title='bbox 1307 2454 1351 2486; x_wconf 81' lang='grc' dir='ltr'><strong>είς</strong></span> <span class='ocrx_word' id='word_1_784' title='bbox 1370 2453 1424 2480; x_wconf 83' lang='grc' dir='ltr'><strong>τὸν</strong></span> <span class='ocrx_word' id='word_1_785' title='bbox 1443 2452 1584 2487; x_wconf 80' lang='grc' dir='ltr'><strong>οὐρανὸν,</strong></span> <span class='ocrx_word' id='word_1_786' title='bbox 1603 2452 1645 2479; x_wconf 85' lang='grc' dir='ltr'><strong>σὺ</strong></span> <span class='ocrx_word' id='word_1_787' title='bbox 1664 2452 1729 2478; x_wconf 73' lang='grc' dir='ltr'><strong>ἐκεῖ</strong></span> <span class='ocrx_word' id='word_1_788' title='bbox 1745 2450 1787 2479; x_wconf 82' lang='grc' dir='ltr'><strong>εἷ·</strong></span> <span class='ocrx_word' id='word_1_789' title='bbox 1808 2451 1865 2478; x_wconf 78' lang='grc' dir='ltr'><strong>ἐὰν</strong></span> 
     </span>
    </p>
   </div>
   <div class='ocr_carea' id='block_1_108' title="bbox 1065 2498 1866 2534">
    <p class='ocr_par' dir='ltr' id='par_1_108' title="bbox 1065 2498 1866 2534">
     <span class='ocr_line' id='line_1_108' title="bbox 1065 2498 1866 2534; baseline -0.002 -8"><span class='ocrx_word' id='word_1_790' title='bbox 1065 2499 1181 2526; x_wconf 78' lang='grc' dir='ltr'><strong>καταϐῶ</strong></span> <span class='ocrx_word' id='word_1_791' title='bbox 1194 2501 1237 2533; x_wconf 78' lang='grc' dir='ltr'><strong>είς</strong></span> <span class='ocrx_word' id='word_1_792' title='bbox 1247 2500 1301 2527; x_wconf 78' lang='grc' dir='ltr'><strong>τὸν</strong></span> <span class='ocrx_word' id='word_1_793' title='bbox 1316 2500 1406 2534; x_wconf 77' lang='grc' dir='ltr'><strong>ᾅδην,</strong></span> <span class='ocrx_word' id='word_1_794' title='bbox 1423 2499 1521 2533; x_wconf 79' lang='grc' dir='ltr'><strong>πάρει,</strong></span> <span class='ocrx_word' id='word_1_795' title='bbox 1533 2508 1561 2526; x_wconf 87' lang='grc' dir='ltr'><strong>κ.</strong></span> <span class='ocrx_word' id='word_1_796' title='bbox 1575 2507 1600 2527; x_wconf 84' lang='grc' dir='ltr'><strong>τ.</strong></span> <span class='ocrx_word' id='word_1_797' title='bbox 1616 2499 1639 2526; x_wconf 83' lang='grc' dir='ltr'><strong>ὲ.</strong></span> <span class='ocrx_word' id='word_1_798' title='bbox 1659 2499 1703 2530; x_wconf 75' lang='grc' dir='ltr'><strong>Ὠς</strong></span> <span class='ocrx_word' id='word_1_799' title='bbox 1715 2498 1866 2533; x_wconf 83' lang='grc' dir='ltr'><strong>δυνάμενος</strong></span> 
     </span>
    </p>
   </div>
   <div class='ocr_carea' id='block_1_109' title="bbox 1065 2543 1866 2580">
    <p class='ocr_par' dir='ltr' id='par_1_109' title="bbox 1065 2543 1866 2580">
     <span class='ocr_line' id='line_1_109' title="bbox 1065 2543 1866 2580; baseline -0.001 -10"><span class='ocrx_word' id='word_1_800' title='bbox 1065 2544 1229 2580; x_wconf 81' lang='grc' dir='ltr'><strong>πορεύεσθαι</strong></span> <span class='ocrx_word' id='word_1_801' title='bbox 1242 2544 1298 2580; x_wconf 74' lang='grc'>(54)</span> <span class='ocrx_word' id='word_1_802' title='bbox 1311 2545 1358 2572; x_wconf 76' lang='grc' dir='ltr'><strong>καὶ</strong></span> <span class='ocrx_word' id='word_1_803' title='bbox 1372 2546 1469 2579; x_wconf 81' lang='grc' dir='ltr'><strong>φυγεῖν</strong></span> <span class='ocrx_word' id='word_1_804' title='bbox 1489 2545 1529 2577; x_wconf 74' lang='grc' dir='ltr'><strong>εἰς</strong></span> <span class='ocrx_word' id='word_1_805' title='bbox 1542 2544 1656 2579; x_wconf 76' lang='grc' dir='ltr'><strong>οὐρανὸν</strong></span> <span class='ocrx_word' id='word_1_806' title='bbox 1670 2544 1719 2570; x_wconf 67' lang='grc' dir='ltr'><strong>καὶ</strong></span> <span class='ocrx_word' id='word_1_807' title='bbox 1732 2544 1773 2576; x_wconf 78' lang='grc' dir='ltr'><strong>εἰς</strong></span> <span class='ocrx_word' id='word_1_808' title='bbox 1787 2543 1866 2579; x_wconf 67' lang='grc' dir='ltr'><strong>ᾅδην.</strong></span> 
     </span>
    </p>
   </div>
   <div class='ocr_carea' id='block_1_110' title="bbox 1069 2589 1865 2625">
    <p class='ocr_par' dir='ltr' id='par_1_110' title="bbox 1069 2589 1865 2625">
     <span class='ocr_line' id='line_1_110' title="bbox 1069 2589 1865 2625; baseline -0.003 -7"><span class='ocrx_word' id='word_1_809' title='bbox 1069 2591 1116 2618; x_wconf 78' lang='grc' dir='ltr'><strong>καὶ</strong></span> <span class='ocrx_word' id='word_1_810' title='bbox 1133 2590 1262 2618; x_wconf 79' lang='grc' dir='ltr'><strong>ἵπτασθαι</strong></span> <span class='ocrx_word' id='word_1_811' title='bbox 1276 2591 1316 2622; x_wconf 84' lang='grc' dir='ltr'><strong>εἰς</strong></span> <span class='ocrx_word' id='word_1_812' title='bbox 1326 2590 1361 2617; x_wconf 85' lang='grc' dir='ltr'><strong>τὰ</strong></span> <span class='ocrx_word' id='word_1_813' title='bbox 1375 2590 1477 2625; x_wconf 72' lang='grc' dir='ltr'><strong>ἔσχατα</strong></span> <span class='ocrx_word' id='word_1_814' title='bbox 1490 2590 1539 2625; x_wconf 85' lang='grc' dir='ltr'><strong>τῆς</strong></span> <span class='ocrx_word' id='word_1_815' title='bbox 1554 2589 1702 2624; x_wconf 85' lang='grc' dir='ltr'><strong>θαλάσσης,</strong></span> <span class='ocrx_word' id='word_1_816' title='bbox 1714 2589 1801 2616; x_wconf 78' lang='grc' dir='ltr'><strong>ταῦτά</strong></span> <span class='ocrx_word' id='word_1_817' title='bbox 1815 2597 1865 2623; x_wconf 83' lang='grc' dir='ltr'><strong>φη-</strong></span> 
     </span>
    </p>
   </div>
   <div class='ocr_carea' id='block_1_111' title="bbox 1070 2634 1868 2672">
    <p class='ocr_par' dir='ltr' id='par_1_111' title="bbox 1070 2634 1868 2672">
     <span class='ocr_line' id='line_1_111' title="bbox 1070 2634 1868 2672; baseline -0.004 -8"><span class='ocrx_word' id='word_1_818' title='bbox 1070 2645 1112 2664; x_wconf 81' lang='grc' dir='ltr'><strong>σιν</strong></span> <span class='ocrx_word' id='word_1_819' title='bbox 1125 2646 1133 2653; x_wconf 92' lang='grc'><strong>·</strong></span> <span class='ocrx_word' id='word_1_820' title='bbox 1149 2637 1222 2669; x_wconf 84' lang='grc' dir='ltr'><strong>εἰκὸς</strong></span> <span class='ocrx_word' id='word_1_821' title='bbox 1238 2637 1266 2664; x_wconf 83' lang='grc' dir='ltr'><strong>δὲ</strong></span> <span class='ocrx_word' id='word_1_822' title='bbox 1286 2636 1347 2664; x_wconf 80' lang='grc' dir='ltr'><strong>καθ’</strong></span> <span class='ocrx_word' id='word_1_823' title='bbox 1371 2636 1470 2672; x_wconf 76' lang='grc' dir='ltr'><strong>έσίυτὴν</strong></span> <span class='ocrx_word' id='word_1_824' title='bbox 1492 2636 1642 2671; x_wconf 84' lang='grc' dir='ltr'><strong>γενομένην</strong></span> <span class='ocrx_word' id='word_1_825' title='bbox 1663 2634 1794 2662; x_wconf 78' lang='grc' dir='ltr'><strong>δύνασθαι</strong></span> <span class='ocrx_word' id='word_1_826' title='bbox 1817 2635 1868 2670; x_wconf 87' lang='grc' dir='ltr'><strong>τὴν</strong></span> 
     </span>
    </p>
   </div>
   <div class='ocr_carea' id='block_1_112' title="bbox 1068 2680 1863 2719">
    <p class='ocr_par' dir='ltr' id='par_1_112' title="bbox 1068 2680 1863 2719">
     <span class='ocr_line' id='line_1_112' title="bbox 1068 2680 1863 2719; baseline -0.004 -9"><span class='ocrx_word' id='word_1_827' title='bbox 1068 2683 1168 2719; x_wconf 76' lang='grc' dir='ltr'><strong>ψυχήν.</strong></span> <span class='ocrx_word' id='word_1_828' title='bbox 1183 2684 1376 2716; x_wconf 81' lang='grc' dir='ltr'><strong>Συνεξετάσεις</strong></span> <span class='ocrx_word' id='word_1_829' title='bbox 1388 2683 1417 2710; x_wconf 80' lang='grc' dir='ltr'><strong>δὲ</strong></span> <span class='ocrx_word' id='word_1_830' title='bbox 1430 2682 1535 2714; x_wconf 82' lang='grc' dir='ltr'><strong>τούτοις</strong></span> <span class='ocrx_word' id='word_1_831' title='bbox 1548 2681 1583 2708; x_wconf 77' lang='grc' dir='ltr'><strong>τὰ</strong></span> <span class='ocrx_word' id='word_1_832' title='bbox 1596 2682 1629 2708; x_wconf 71' lang='grc' dir='ltr'><strong>ἐκ</strong></span> <span class='ocrx_word' id='word_1_833' title='bbox 1644 2680 1693 2708; x_wconf 80' lang='grc' dir='ltr'><strong>τοῦ</strong></span> <span class='ocrx_word' id='word_1_834' title='bbox 1709 2682 1863 2717; x_wconf 78' lang='grc' dir='ltr'><strong>Δευτερονο-</strong></span> 
     </span>
    </p>
   </div>
   <div class='ocr_carea' id='block_1_113' title="bbox 1106 2771 1661 2811">
    <p class='ocr_par' dir='ltr' id='par_1_113' title="bbox 1106 2771 1661 2811">
     <span class='ocr_line' id='line_1_113' title="bbox 1106 2771 1661 2811; baseline -0.009 -8"><span class='ocrx_word' id='word_1_835' title='bbox 1106 2774 1161 2811; x_wconf 83' lang='lat' dir='ltr'><strong>(5t)</strong></span> <span class='ocrx_word' id='word_1_836' title='bbox 1178 2773 1342 2804; x_wconf 76' lang='grc' dir='ltr'><strong>Γλῶσσαν,</strong></span> <span class='ocrx_word' id='word_1_837' title='bbox 1360 2777 1414 2800; x_wconf 87' lang='lat' dir='ltr'><strong>etc.</strong></span> <span class='ocrx_word' id='word_1_838' title='bbox 1430 2771 1544 2811; x_wconf 69' lang='lat' dir='ltr'><strong>Schedat</strong></span> <span class='ocrx_word' id='word_1_839' title='bbox 1555 2771 1661 2811; x_wconf 70' lang='lat' dir='ltr'><strong>Grabii.</strong></span> 
     </span>
    </p>
   </div>
   <div class='ocr_carea' id='block_1_114' title="bbox 1105 2806 1716 2844">
    <p class='ocr_par' dir='ltr' id='par_1_114' title="bbox 1105 2806 1716 2844">
     <span class='ocr_line' id='line_1_114' title="bbox 1105 2806 1716 2844; baseline -0.008 -6"><span class='ocrx_word' id='word_1_840' title='bbox 1105 2806 1162 2844; x_wconf 69' lang='grc'>(52)</span> <span class='ocrx_word' id='word_1_841' title='bbox 1183 2810 1372 2843; x_wconf 49' lang='lat' dir='ltr'><strong>Extendat,</strong></span> <span class='ocrx_word' id='word_1_842' title='bbox 1393 2815 1446 2835; x_wconf 85' lang='lat' dir='ltr'><strong>etc.</strong></span> <span class='ocrx_word' id='word_1_843' title='bbox 1462 2806 1568 2844; x_wconf 60' lang='lat' dir='ltr'><strong>Catena</strong></span> <span class='ocrx_word' id='word_1_844' title='bbox 1581 2806 1716 2834; x_wconf 80' lang='lat' dir='ltr'><strong>Carderii.</strong></span> 
     </span>
    </p>
   </div>
   <div class='ocr_carea' id='block_1_115' title="bbox 1107 2842 1626 2879">
    <p class='ocr_par' dir='ltr' id='par_1_115' title="bbox 1107 2842 1626 2879">
     <span class='ocr_line' id='line_1_115' title="bbox 1107 2842 1626 2879; baseline -0.008 -7"><span class='ocrx_word' id='word_1_845' title='bbox 1107 2842 1162 2879; x_wconf 80' lang='grc'>(55)</span> <span class='ocrx_word' id='word_1_846' title='bbox 1177 2845 1263 2878; x_wconf 72' lang='grc' dir='ltr'><strong>Φωνὴ</strong></span> <span class='ocrx_word' id='word_1_847' title='bbox 1275 2842 1422 2876; x_wconf 70' lang='grc' dir='ltr'><strong>πολλοὺς,</strong></span> <span class='ocrx_word' id='word_1_848' title='bbox 1440 2848 1495 2870; x_wconf 84' lang='lat' dir='ltr'><strong>etc.</strong></span> <span class='ocrx_word' id='word_1_849' title='bbox 1513 2842 1626 2879; x_wconf 76' lang='lat' dir='ltr'><strong>Eadem.</strong></span> 
     </span>
    </p>
   </div>
   <div class='ocr_carea' id='block_1_116' title="bbox 1108 2875 1823 2918">
    <p class='ocr_par' dir='ltr' id='par_1_116' title="bbox 1108 2875 1823 2918">
     <span class='ocr_line' id='line_1_116' title="bbox 1108 2875 1823 2918; baseline -0.007 -10"><span class='ocrx_word' id='word_1_850' title='bbox 1108 2875 1163 2918; x_wconf 68' lang='grc'>(54)</span> <span class='ocrx_word' id='word_1_851' title='bbox 1185 2881 1232 2914; x_wconf 86' lang='grc' dir='ltr'><strong>Ὡς</strong></span> <span class='ocrx_word' id='word_1_852' title='bbox 1247 2875 1414 2915; x_wconf 61' lang='grc' dir='ltr'><strong>δυνάμενος</strong></span> <span class='ocrx_word' id='word_1_853' title='bbox 1427 2878 1619 2913; x_wconf 79' lang='grc' dir='ltr'><strong>πορεύεσθαι,</strong></span> <span class='ocrx_word' id='word_1_854' title='bbox 1635 2881 1689 2905; x_wconf 86' lang='lat' dir='ltr'><strong>etc.</strong></span> <span class='ocrx_word' id='word_1_855' title='bbox 1709 2875 1823 2904; x_wconf 75' lang='lat' dir='ltr'><strong>Eadem.</strong></span> 
     </span>
    </p>
   </div>
  </div>
