4106 6448
443 378 570 430 1661
1346 373 1653 429 SELEC'I‘A
1698 374 1761 428 IN
1799 372 2135 429 PSALMOS.
2182 402 2248 410 —
2279 370 2476 429 PSAL.
2509 371 2844 427 CXXXVIII.
3557 377 3699 434 1062

438 499 558 568 μίου
587 497 756 561 οὕτως
784 498 1002 568 ἔχοντα·
1039 517 1057 546 ι
1112 495 1174 548 'II
1205 496 1389 566 ἐντολὴ
1422 496 1559 568 αῦτη
1595 499 1689 567 οὐχ
1717 497 2011 568 ὑπέρογκός

2125 495 2329 548 liabcnt
2358 512 2371 548 :
2405 513 2424 544 ι
2457 492 2773 547 Mandatum
2831 493 2933 546 hoc
2982 508 3087 545 non
3145 501 3230 546 est
3277 505 3463 561 grave,
3521 509 3700 564 neque

433 593 600 653 ἔστιν,
629 591 747 643 οὐδὲ
778 591 994 660 μακρὰν
1025 590 1132 642 ἀπὸ
1162 589 1254 641 σοῦ
1282 591 1429 642 ἐστιν
1450 606 1462 621 ο
1493 590 1593 642 οὐκ
1617 592 1673 641 ἐν
1705 589 1783 658 τῷ
1807 589 2011 660 οὐρανῷ

2125 586 2282 656 longe
2312 589 2411 640 alis
2440 596 2490 638 te
2514 592 2629 648 est;
2658 598 2764 637 non
2795 583 2848 637 in
2877 583 3017 636 cuzlo
3064 598 3279 637 sursum
3319 593 3401 638 est
3421 623 3434 646 ,
3474 584 3695 638 dicens:

432 680 544 733 ἀνω
577 678 713 741 ἐστὶ,
743 679 916 746 λέγων
938 696 951 709 ·
983 679 1078 742 Τίς
1104 678 1436 748 ἀναϐήσεται
1467 679 1598 748 ἡμῖν
1628 680 1708 741 εἰς
1735 678 1826 731 τὸν
1859 678 2020 749 οὐρα-

433 773 552 832 νδν,
596 773 690 826 καὶ
717 771 942 841 λήψεται
985 772 1155 842 αὐτήν
1188 787 1203 835 ;
1235 771 1369 822 Οὐδὲ
1401 769 1573 838 πέραν
1617 769 1718 838 τῆς
1749 769 2021 838 θαλάσσης

431 866 548 917 ἐστὶ
571 904 585 927 ,
614 861 815 931 λέγων⁹
844 864 942 925 Τίς
985 862 1304 934 διαπεράσει
1337 865 1470 932 ἡμῖν
1499 863 1578 925 είς
1616 861 1678 916 τὸ
1705 862 1879 932 πέραν
1919 861 2020 930 τῆς

432 957 727 1026 θαλάσσης,
757 957 852 1009 καὶ
879 956 1020 1029 λάϐῃ
1047 955 1212 1026 αὐτὴν
1245 956 1400 1025 ἡμῖν,
1435 955 1529 1007 καὶ
1559 953 1893 1016 ἀκούσαντες
1923 955 2022 1009 αὑ·

431 1048 528 1116 τὴν
557 1048 850 1117 ποιήσομεν
881 1047 1082 1116 abripi;
1104 1046 1288 1099 Ἔστιν
1320 1046 1486 1113 ἐγγύς
1512 1063 1602 1098 σου
1630 1045 1690 1098 τὸ
1709 1044 1868 1114 ῥῆμα
1894 1046 2020 1113 σφό-

430 1137 552 1208 δρα,
583 1137 642 1188 ἑν
665 1135 744 1206 τῷ
778 1137 1007 1207 στόματί
1036 1153 1130 1190 σου
1162 1137 1257 1190 καὶ
1283 1137 1341 1188 ἐν
1368 1139 1435 1207 τῇ
1465 1136 1665 1208 καρδίᾳ
1694 1153 1810 1201 σου,
1843 1138 1936 1190 καὶ
1961 1138 2020 1190 ἐν

429 1229 550 1290 ταῖς
576 1227 732 1296 χερσί
762 1243 856 1284 σου
887 1229 1059 1282 ποιεῖν
1089 1225 1240 1280 αὐτό.
1281 1245 1300 1277 ›
1337 1227 1653 1296 Συγκρινείς
1698 1226 1756 1282 δὲ
1789 1227 1882 1279 καὶ
1914 1227 2022 1280 ἀπὸ

445 1304 625 1389 'Apt‘o;
652 1317 856 1371 ταῦτα·
894 1337 913 1370 t
948 1320 1022 1373 Οὐ
1057 1317 1132 1389 μὴ
1157 1317 1394 1392 διαφύγῃ
1435 1318 1497 1385 ἐξ
1540 1317 1720 1372 αὐτῶν
1764 1319 1978 1389 φεύγων
2003 1336 2016 1350 ·

383 1475 388 1478 _
432 1409 527 1462 καὶ
554 1409 614 1461 οὗ
649 1409 723 1480 μὴ
751 1408 989 1479 διασωθῇ
1019 1409 1077 1475 ἐξ
1107 1407 1285 1462 αὐτῶν
1311 1409 1725 1480 ἀνασωζόμενος
1750 1427 1763 1440 ·
1801 1408 1896 1462 sev
1924 1426 2022 1467 κα-

429 1500 734 1570 τορυγῶσιν
773 1502 854 1565 είς
897 1500 1025 1571 ᾅδου
1051 1541 1065 1564 ,
1101 1500 1311 1554 ἐκεῖθεν
1341 1504 1374 1573 ἡ
1411 1500 1534 1573 χείρ
1583 1519 1682 1572 μου
1717 1501 2022 1555 ἀνασπάσει

430 1591 627 1656 αὒτούς
652 1608 666 1622 ⁶
705 1593 800 1648 καὶ
827 1592 921 1645 tam
953 1591 1226 1646 ἀναϐῶσιν
1269 1594 1348 1656 εἰς
1379 1593 1470 1645 τὸν
1507 1592 1768 1662 οὐρανὸν,
1813 1591 2024 1645 ἐκεῖθεν

430 1682 648 1747 κατάξω
674 1683 894 1747 αὐτούς·
948 1683 1044 1738 ἐὰν
1078 1683 1354 1755 κρυὸῶσιν
1395 1686 1476 1747 εἰς
1509 1685 1611 1753 τὴν
1639 1683 1884 1754 κορυφὴν
1925 1682 2021 1736 τοῦ

429 1775 751 1845 Καρμήλου,
787 1775 995 1828 ὲκεῐθεν
1022 1774 1360 1846 ἐξερευνήσω
1393 1777 1486 1829 καὶ
1510 1775 1752 1847 λήψομαι
1783 1774 1981 1837 αὐτούς
2005 1792 2018 1804 ·

2121 677 2254 744 Quis
2281 675 2538 731 ascendet
2562 673 2719 728 nobis
2765 674 2823 728 in
2871 671 3107 738 cadum,
3151 683 3205 727 et
3243 673 3475 741 accipiet
3526 672 3702 726 illud?

2123 769 2308 839 Neque
2342 777 2493 822 trans
2527 780 2678 820 mare
2717 774 2822 831 cst,
2857 765 3046 818 dicens
3083 781 3098 819 :
3129 764 3262 831 Quis
3317 762 3700 818 transfretabit

2123 861 2280 915 nobis
2308 872 2460 913 trans
2487 873 2658 922 mare,
2687 866 2742 912 ct
2772 857 3004 927 accipiet
3027 858 3180 912 nobis
3213 857 3364 921 illud,
3392 867 3446 909 et
3475 856 3700 910 audien-

2124 962 2202 1007 tes
2229 952 2356 1005 illud
2393 949 2656 1004 faciemus
2682 949 2854 1004 illud?
2881 949 3054 1017 Prope
3081 959 3133 1005 te
3163 959 3246 1004 est
3271 952 3491 1002 verbum
3520 947 3698 1009 valde,

2124 1044 2176 1097 in
2217 1059 2314 1098 ore
2338 1053 2432 1098 tuo
2470 1050 2524 1098 et
2551 1043 2602 1097 in
2619 1043 2788 1098 corde
2812 1051 2924 1106 tuo,
2957 1041 3084 1097 etin
3112 1041 3360 1116 manibus
3388 1041 3490 1093 tuis
3520 1038 3700 1093 facere

2124 1135 2277 1190 illud.
2305 1154 2325 1186 ι
2366 1133 2631 1190 Conferes
2667 1134 2796 1187 item
2829 1149 2897 1187 ex
2932 1135 3097 1186 Amos
3126 1133 3242 1186 hazc
3258 1132 3372 1185 δίει
3401 1130 3515 1184 Non
3535 1130 3702 1200 fugiet

2123 1243 2188 1281 ex
2229 1226 2312 1282 eis
2355 1226 2448 1294 qui
2477 1225 2716 1294 fugerit;
2755 1233 2810 1278 et
2845 1240 2954 1277 non
2996 1223 3296 1278 salvabitur
3343 1238 3408 1276 ex
3461 1222 3564 1274 illis
3608 1222 3698 1290 qui

2126 1315 2287 1371 fuerit
2335 1316 2596 1380 salvatus;
2657 1314 2702 1368 si
2753 1314 3063 1370 absconditi
3102 1313 3304 1368 fuerint
3360 1314 3412 1366 in
3465 1314 3698 1374 inferno,

2125 1405 2250 1462 inde
2270 1422 2464 1460 manus
2505 1422 2622 1460 mea
2654 1405 2850 1461 evellet
2884 1420 3024 1472 eos;
3061 1414 3116 1460 et
3164 1405 3209 1460 si
3255 1406 3598 1459 aseendcrint
3648 1406 3698 1457 in

2124 1498 2323 1553 ctelum
2345 1537 2363 1562 ,
2395 1499 2521 1554 inde
2556 1499 2840 1554 detraham
2868 1498 2991 1553 illos
3027 1514 3044 1563 ;
3078 1497 3122 1552 si
3161 1498 3460 1552 absconditi
3501 1497 3703 1551 fuerint

2125 1589 2179 1643 in
2207 1590 2412 1645 vertice
2444 1590 2706 1654 Carmeli,
2733 1590 2856 1643 inde
2884 1590 3177 1644 scrutabor
3207 1599 3262 1643 et
3287 1589 3528 1642 auferam
3558 1603 3653 1642 eos
3685 1607 3700 1652 ;

2127 1680 2258 1734 etsi
2304 1681 2666 1737 detnerscrint
2713 1697 2772 1736 se
2806 1682 2873 1734 ab
2909 1682 3086 1735 oculis
3139 1681 3277 1735 meis
3331 1681 3383 1734 in
3437 1679 3702 1750 profunda

2127 1773 2315 1838 maris,
2349 1773 2471 1828 inde
2513 1775 2781 1828 mandabo
2808 1775 3054 1841 draconi,
3083 1783 3136 1827 ct
3163 1774 3432 1827 ntordebit
3470 1789 3567 1827 eos
3602 1790 3616 1837 ;
3648 1783 3703 1827 et

433 1839 532 1913 xui
564 1839 661 1914 ἐάν
692 1862 1065 1915 καταδύσωσιν
1101 1839 1162 1927 ἐξ
1189 1839 1484 1934 ὀφθαλμῶν
1520 1839 1621 1935 μου
1657 1839 1750 1928 ἐίς
1778 1864 1846 1920 τὰ
1873 1863 2011 1934 βάοη

2120 1859 2165 1912 si
2203 1860 2442 1915 abierint
2473 1861 2526 1915 in
2559 1862 2938 1931 captivitatem
2965 1873 3094 1917 ante
3132 1863 3325 1916 faciem
3355 1863 3699 1917 inimicorum

426 1949 526 2020 τῆς
556 1949 831 2020 θαλάσσης
849 1989 864 2014 ,
894 1951 1014 2003 ἐκεῖ
1037 1949 1358 2021 ὲντελοῦμαι
1385 1949 1463 2021 τῷ
1491 1951 1767 2022 δράκοντι,⁹
1798 1949 1893 2002 καὶ
1915 1949 2012 2019 δή-

2120 1965 2364 2015 suorum,
2401 1953 2472 2008 ibi
2497 1956 2811 2025 praecipiam
2836 1957 3050 2027 gladio,
3085 1967 3142 2012 et
3180 1957 3471 2012 interliciet
3506 1972 3623 2012 eos.
3679 1975 3699 2008 ι

426 2044 576 2112 ειται
620 2045 818 2108 αὐτούς
841 2063 854 2080 ν
901 2048 995 2100 καὶ
1037 2045 1135 2098 ὲάν
1177 2045 1518 2118 πορευθῶσιν
1551 2049 1610 2099 ὲν
1666 2043 2012 2118 αἰχμαλωσίᾳ
2051 2045 2158 2116 πρὸ
2211 2048 2506 2119 προσώπου
2543 2049 2652 2106 τῶν
2691 2050 2902 2124 ἐχθρῶν
2956 2050 3170 2116 αὐτῶν,
3226 2051 3433 2105 ἐκεῖθεν
3471 2049 3709 2106 ἐντελοῦ-

427 2157 525 2212 μαι
549 2144 616 2212 τῇ
653 2140 915 2212 ῥομφαίᾳ,
951 2142 1044 2194 καὶ
1067 2141 1358 2194 ἀποκτενεῖ
1385 2141 1605 2205 αὐτούς.
1651 2159 1670 2193 s

525 2235 635 2288 Καὶ
678 2233 835 2288 εἶπεν
871 2237 1009 2305 Ἄρα
1045 2239 1268 2304 σκότος
1317 2238 1725 2305 καταπατήσει
1763 2254 1840 2307 με
1867 2275 1883 2300 ,
1918 2236 2018 2290 καὶ

422 2325 538 2390 νὺξ
582 2327 885 2395 φωτισμύς
927 2328 999 2381 ἐν
1042 2328 1116 2397 τῇ
1158 2330 1358 2400 τρυφῇ
1396 2349 1559 2401 μου,
1610 2346 1666 2383 κ.
1704 2345 1756 2383 τ.
1793 2330 1840 2382 ὲ.
1885 2329 1948 2382 EI
1983 2330 2016 2399 ὴ

423 2418 615 2485 ᾶγνοια
648 2418 759 2487 (55)
793 2418 1023 2490 καρδίας
1072 2420 1262 2484 σκότος
1293 2421 1442 2474 ἐστὶν
1462 2420 1840 2491 ,(σὲσκοτίσθη
1884 2418 2016 2490 γὰρ,

423 2509 608 2578 φησὶν,
637 2512 669 2580 ἠ
708 2509 966 2574 ἀσύνετος
993 2511 1172 2565 αὐτῶν
1197 2513 1710 2585 καρδίανι)είκότως
1735 2513 1844 2584 ἄρα
1870 2513 1900 2566 ό
1930 2509 2018 2564 αἵ-

421 2616 535 2663 τιος
559 2603 690 2671 ἡμῖν
735 2602 830 2656 τοῦ
871 2603 1095 2669 σκῦτους
1141 2602 1331 2658 τούτου
1366 2605 1683 2676 γινόμενος,
1712 2607 1808 2658 καὶ
1853 2601 2019 2666 αὐτὸς

423 2692 743 2762 ὀνομάζεται
773 2695 985 2759 σκότος,
1014 2697 1162 2761 ὅστις
1191 2697 1350 2768 ἡμῶν
1382 2697 1480 2769 τὴν
1511 2699 1570 2752 ὲν
1589 2696 2020 2767 γνώσειτρυφὴν

423 2789 762 2857 προαιρεῖται
805 2788 1093 2852 σκοτίζειν,
1138 2789 1233 2844 τοῦ
1275 2788 1410 2843 Θεοῦ
1463 2787 1538 2861 μὴ
1587 2788 2016 2860 συγχωροῦντος,

421 2875 556 2936 ἀλλὰ
593 2876 655 2928 τὸ
706 2875 898 2939 σκότος
944 2878 1309 2947 φωτίζοντος·
1363 2899 1381 2931 ι
1429 2879 1505 2932 Τὸ
1544 2879 1654 2951 γὰρ
1693 2879 1812 2949 φῶς
1851 2881 1912 2933 ἐν
1946 2883 2012 2952 τῇ

422 2969 614 3039 σκοτία
657 2969 872 3038 φαίνει,
914 2971 1010 3023 καὶ
1055 2972 1088 3041 ἡ
1129 2971 1319 3024 σκοτία
1362 2971 1496 3025 αὐτὸ
1527 2971 1587 3024 οὐ
1637 2972 1954 3026 κατέλαϐεν.
1989 2989 2008 3024 s

430 3059 519 3122 Ὠς
543 3059 653 3131 γάρ
683 3059 783 3131 τὴν
811 3057 1033 3130 ἄγνοιαν
1065 3061 1153 3116 διά
1176 3063 1274 3133 τῆς
1323 3063 1524 3126 κακίας
1559 3061 2011 3133 ὲπεκτησάμεθα,

420 3148 560 3204 οὕτω
589 3151 682 3203 καὶ
711 3151 811 3223 τὴν
849 3151 1051 3220 γνῶσιν
1075 3152 1162 3206 διὰ
1186 3153 1286 3223 τῆς
1314 3153 1516 3226 ἀρετῆς
1541 3152 1970 3225 προσελάϐομεν.

494 3326 613 3378 "0n
637 3325 719 3378 σὺ
746 3325 982 3392 ἐκτήσω
1027 3328 1169 3394 τοὺς
1225 3330 1482 3398 νεφρούς
1539 3347 1680 3398 μου,
1735 3348 1788 3385 κ.
1841 3349 1892 3386 τ.
1953 3333 2002 3386 ὲ.

420 3415 705 3488 Μακάριος
735 3417 848 3489 (56)
887 3413 948 3473 οὗ
987 3421 1036 3472 οἱ
1063 3421 1252 3491 νεφροὶ
1275 3422 1462 3492 κτῆμα
1489 3421 1747 3490 γεγόνασι
1775 3423 1867 3476 τοῦ
1899 3425 2010 3478 Κυ..

426 3507 564 3583 ρίου.

495 3602 615 3654 Οὐκ
630 3601 851 3670 ὲκρύθη
867 3601 932 3656 τὸ
957 3604 1183 3658 ὀστοῦν
1206 3621 1326 3674 μου
1350 3605 1468 3659 ἀπὸ
1497 3606 1615 3660 σοῦ
1647 3603 1678 3659 ὃ
1711 3607 2008 3677 ἐποίησας

419 3691 491 3749 ἐν
522 3692 744 3762 κρυφῇ,
779 3712 832 3747 κ.
864 3711 913 3747 τ.
946 3697 992 3748 ὲ.
1040 3696 1260 3752 Ὀστοῦν
1290 3697 1402 3765 (57)
1430 3697 1528 3770 τὴν
1551 3699 1727 3770 ψυχὴν
1755 3699 2009 3773 ὠνόμασε

419 3782 536 3848 νῦν,
566 3786 632 3856 ἢν
661 3786 884 3857 ἐποίησε
913 3788 1074 3856 μόνος
1095 3789 1124 3840 ὁ
1143 3789 1293 3851 Θεός.

496 3875 568 3928 Τὸ
594 3875 1042 3944 ἁκατέργαστόν
1077 3894 1199 3946 μου
1239 3875 1410 3932 εἶδον
1443 3884 1498 3934 οι
1531 3864 1829 3952 ὀφθαλμοί
1867 3900 2004 3947 σου,

418 3981 472 4022 κ.
504 3983 554 4019 τ.
587 3968 634 4020 ὲ.
683 3968 1117 4039 Ἀκατέργαστον
1141 3969 1256 4040 (58}
1297 3970 1441 4043 ψυχὴ
1481 3973 1513 4042 ἡ
1551 3972 1624 4044 μὴ
1672 3974 1742 4029 δι’
1801 3975 2006 4046 ἀρετῆς

424 4055 776 4134 μορφωϐεϊσα
803 4059 896 4111 καὶ
926 4057 1198 4125 γνώσεως.

495 4147 602 4202 Καὶ
628 4147 726 4200 ἐπὶ
755 4149 819 4201 τ.)
864 4149 1112 4212 βιϐλίον
1144 4167 1260 4204 σου
1294 4151 1519 4219 πάντες
1567 4152 2000 4222 τραφήσονται,

418 4257 474 4293 κ.
505 4257 552 4292 τ.
589 4241 636 4294 ἑ.
671 4239 882 4299 Βιϐλίον
910 4241 1044 4294 Θεοῦ
1077 4242 1186 4311 (59)
1235 4243 1384 4296 ἐστιν
1416 4246 1448 4315 ὴ
1491 4244 1695 4316 θεωρία
1736 4248 2004 4318 σωμάτων

419 4330 512 4382 xui
541 4331 869 4400 ἀσωμάτων,
900 4333 956 4383 ἐν
987 4327 1032 4400 ᾧ
1063 4333 1273 4400 πέφυκε
1315 4334 1402 4388 διὰ
1449 4333 1551 4406 τῆς
1579 4336 1833 4406 γνώσεως
1867 4341 2003 4410 γρά-

417 4421 611 4488 φεσθαι
645 4422 768 4485 νοῦς
799 4422 1055 4492 καθαρός.
1107 4425 1194 4476 Ἐν
1236 4424 1291 4477 δὲ
1327 4425 1505 4496 τούτῳ
1546 4425 1624 4498 τῷ
1665 4427 1856 4500 βιϐλίῳ
1896 4431 2005 4486 είσὶ

414 4512 788 4583 γεγραμμένοι
816 4515 909 4566 καὶ
932 4517 980 4568 oi
1002 4516 1128 4585 περὶ
1154 4516 1416 4586 Προνοίας
1441 4517 1587 4586 λόγοι
1619 4521 1712 4572 καὶ
1745 4521 1998 4590 κρίσεως,

2197 2235 2358 2291 Vens.
2391 2239 2477 2292 11.
2511 2236 2577 2292 Et
2607 2239 2720 2292 dixi
2737 2251 2756 2290 :
2780 2237 3035 2294 Forsitan
3059 2240 3288 2294 tenebras
3313 2239 3697 2293 conculcabunt

2123 2342 2226 2390 me,
2255 2338 2302 2381 et
2335 2344 2441 2382 nos
2465 2328 2788 2382 illuminatio
2830 2343 2947 2383 mea
2990 2330 3046 2383 in
3079 2329 3289 2384 deliciis
3318 2331 3473 2393 meis,
3501 2339 3608 2382 etc.
3640 2329 3698 2382 Si

2121 2418 2423 2488 ignorantia
2457 2421 2638 2476 cordis
2671 2420 2910 2476 tenebrae
2935 2431 3083 2488 sunt,
3112 2441 3131 2475 ι
3159 2423 3580 2478 obtenebrattnn
3616 2432 3700 2476 est

2123 2511 2268 2564 enim
2322 2513 2586 2583 insipiens
2619 2528 2718 2569 cor
2756 2529 2947 2571 eorum
2977 2516 3048 2581 ³²,
3075 2533 3093 2568 ι
3128 2516 3322 2569 merito
3349 2516 3394 2569 is
3431 2515 3522 2584 qui
3552 2514 3708 2570 nobis

2125 2602 2432 2672 lmjustnodi
2464 2607 2814 2662 tenebrarum
2853 2621 3018 2662 causa
3059 2617 3181 2671 est,
3211 2608 3377 2662 etiam
3407 2607 3524 2676 ipse
3551 2615 3706 2662 tcuc—

2124 2695 2349 2751 brarum
2391 2697 2617 2752 nomine
2663 2699 2988 2768 appellatur,
3044 2700 3244 2768 quippc
3283 2698 3367 2752 cui
3402 2710 3618 2753 nostras
3653 2698 3706 2750 in

2123 2786 2354 2842 scientia
2383 2787 2613 2844 delicias
2639 2793 2983 2860 propositum
3029 2800 3114 2846 est
3142 2791 3512 2846 obtenebrare
3530 2831 3545 2855 ,
3597 2790 3708 2846 Deo

2124 2890 2229 2930 non
2288 2878 2647 2942 concedente.
2701 2883 2796 2936 sed
2847 2882 3101 2936 tenebras
3149 2881 3536 2937 illuminante:
3579 2895 3704 2934 nam

2125 2985 2145 3018 α
2176 2967 2265 3022 lux
2301 2968 2353 3021 in
2387 2969 2627 3025 tenebris
2657 2971 2838 3038 lucet,
2871 2982 2927 3026 et
2955 2974 3195 3028 tenebrat
3235 2987 3357 3026 eam
3405 2987 3511 3026 non
3554 2986 3706 3026 cotu-

2119 3058 2526 3126 prehenderunt
2543 3060 2614 3094 ⁸³⁶
2645 3076 2690 3111 ε»
2717 3063 2864 3116 sicut
2885 3062 3031 3117 enim
3051 3077 3146 3131 per
3171 3062 3430 3116 malitiam
3452 3061 3703 3131 ignoran-

2120 3149 2191 3202 tia
2220 3150 2385 3221 837
2418 3152 2575 3207 nobis
2600 3153 2842 3220 obvenit,
2875 3154 2958 3209 sic
2983 3163 3039 3208 et
3071 3154 3359 3208 scientiam
3391 3169 3490 3224 per
3522 3154 3700 3207 virtu-

2033 3273 2074 3330 ο
2119 3250 2227 3296 tcm
2260 3243 2595 3312 accepimus.

2183 3333 2352 3389 Vens.
2385 3335 2474 3389 15.
2513 3335 2650 3400 Quia
2680 3344 2736 3389 tu
2760 3337 3037 3405 possedisti
3060 3353 3206 3392 renes
3231 3353 3392 3401 meos,
3425 3344 3532 3391 etc.
3560 3335 3694 3392 Bea-

2113 3436 2200 3480 tus
2232 3425 2388 3494 cujus
2429 3440 2586 3482 renes
2608 3429 2882 3497 possessio
2909 3427 3004 3482 Dei
3038 3427 3164 3483 facti
3192 3438 3341 3483 sunt.

2182 3604 2348 3659 Vsus.
2380 3603 2466 3658 15.
2497 3601 2622 3658 Νοη
2671 3615 2746 3657 est
2768 3602 3093 3661 occultatum
3119 3620 3178 3658 os
3210 3615 3381 3658 meum
3411 3621 3442 3657 α
3474 3614 3523 3658 te
3555 3602 3695 3672 quod

2111 3695 2283 3765 fecisti
2313 3697 2370 3751 in
2413 3695 2790 3762 occulto,ctc.
2842 3696 2917 3752 0s
2956 3698 3059 3753 hoc
3099 3698 3220 3754 loco
3247 3697 3491 3755 animant
3533 3711 3690 3750 voca-

2110 3787 2211 3852 vit,
2236 3803 2400 3857 quam
2435 3787 2586 3842 solus
2623 3788 2766 3843 Deus
2793 3788 2941 3844 fecit.

2184 3877 2350 3934 Vsus.
2378 3879 2466 3932 16.
2507 3877 2882 3948 Imperfectum
2907 3895 3079 3934 meum
3136 3880 3377 3934 viderunt
3423 3878 3562 3932 oculi
3591 3880 3692 3943 tui,

2107 3979 2218 4024 etc.
2251 3967 2673 4038 Imperfectum,
2717 3971 2899 4022 anima
2945 3980 3032 4024 est
3070 3985 3191 4039 quae
3219 3984 3316 4038 per
3348 3970 3604 4024 virtutem
3638 3979 3696 4025 et

2106 4057 2392 4113 scientiam
2423 4056 2655 4110 formata
2688 4071 2794 4112 non
2823 4067 2925 4111 est.

2175 4147 2309 4203 Ista.
2347 4146 2414 4200 Et
2443 4148 2496 4201 in
2521 4147 2656 4202 libro
2681 4157 2773 4200 tuo
2808 4164 2987 4202 omnes
3017 4145 3336 4214 scribentur,
3356 4157 3460 4202 etc.
3490 4146 3694 4216 Corpo-

2106 4253 2326 4293 reorum
2361 4246 2418 4293 et
2468 4239 2916 4306 incorporearum
2971 4238 3363 4305 contemplatio
3411 4238 3545 4292 liber
3591 4239 3689 4300 Dei

2105 4340 2213 4394 est,
2243 4329 2298 4386 in
2327 4345 2435 4398 quo
2470 4345 2566 4400 per
2609 4330 2893 4384 scientiam
2935 4329 3106 4384 scribi
3150 4331 3293 4383 solet
3337 4345 3489 4384 mens
3522 4345 3678 4398 pura.

2105 4420 2160 4476 In
2187 4421 2292 4476 hoc
2321 4431 2500 4476 autem
2535 4420 2673 4474 libro
2697 4423 2921 4490 scriptae
2959 4427 3089 4474 sunt
3116 4420 3281 4475 etiarn
3316 4420 3683 4475 Providentiau

2103 4524 2159 4570 ct
2185 4513 2376 4585 judicii
2415 4513 2672 4577 rationes,
2729 4522 2786 4566 et
2842 4527 2939 4582 per
2987 4525 3112 4568 eunt
3155 4513 3504 4582 cognoscitur
3540 4513 3686 4568 Deus

413 4605 480 4658 δι’
506 4600 567 4662 οὗ
594 4605 799 4673 βιϐλίου
829 4605 1156 4674 γινώσκεται
1198 4609 1225 4658 ὁ
1253 4607 1385 4670 Θεὸς
1426 4607 1500 4672 ῶς
1540 4609 1872 4681 δημιουργὸς
1911 4613 2004 4666 καὶ

2117 4617 2366 4676 tauquam
2395 4605 2601 4674 opifex,
2629 4605 2871 4674 sapiens,
2901 4605 3152 4674 provisor
3181 4615 3234 4661 et
3257 4605 3422 4674 judex
3456 4623 3470 4658 :
3501 4605 3684 4674 opifex

418 4698 706 4766 σοφὸςκαὶ
742 4698 1047 4768 προνοητὴς
1103 4699 1195 4751 καὶ
1248 4701 1473 4770 κριτής⁶
1528 4700 1622 4754 καὶ
1671 4702 2004 4772 δημιουργὸς

418 4785 517 4856 μὲν
545 4787 634 4840 διὰ
664 4788 732 4840 τά
764 4789 1028 4856 γεγονότα
1054 4788 1164 4842 ἀπὸ
1187 4788 1280 4841 τοῦ
1313 4789 1386 4860 μὴ
1414 4791 1565 4860 ὄντος
1592 4793 1672 4855 εἰς
1702 4793 1766 4845 τὸ
1817 4790 1956 4849 εἶναι
1984 4812 1996 4826 ’

415 4879 578 4948 σοφὸς
599 4878 656 4930 δὲ
676 4879 762 4932 διὰ
794 4881 922 4944 τοὺς
949 4881 1343 4950 ἀποκειμένους
1375 4883 1566 4951 λόγους
1616 4886 1786 4955 αὐτῆς
1805 4903 1818 4916 ο
1867 4903 2001 4954 προ-

413 4969 612 5038 νοητὴς
639 4969 697 5021 δὲ
723 4970 812 5022 διὰ
834 4970 905 5022 τά
924 4971 1288 5027 συντελοῦντα
1333 4973 1467 5044 πρὸς
1502 4975 1704 5046 ἀρετὴν
1733 4978 1863 5047 ἡμῖν
1905 4977 2000 5030 καὶ

415 5059 614 5124 γνῶσιν
631 5077 643 5089 ·
675 5059 866 5131 κριτὴς
893 5061 949 5114 δὲ
978 5061 1139 5117 πάλιν
1169 5063 1258 5116 διὰ
1281 5065 1349 5119 τὰ
1371 5065 1603 5136 διάφορα
1630 5066 1858 5138 σώματα
1891 5069 1998 5123 τῶν

412 5151 668 5218 λογικῶν,
705 5153 798 5206 καὶ
822 5153 947 5216 τοὺς
974 5154 1251 5218 ποικίλους
1277 5157 1534 5228 κόσμους,
1562 5159 1656 5218 καὶ
1681 5159 1806 5224 τοὺς
1837 5177 1993 5235 περι-

413 5243 635 5311 έχοντας
660 5244 787 5306 τοὺς
813 5243 1032 5306 αἰῶνας.

493 5331 721 5400 Ἡμέραι
754 5335 1210 5400 πλασθίήσονται
1254 5338 1355 5394 καὶ
1393 5341 1592 5409 οὐθεὶς
1651 5341 1721 5394 ἐν
1766 5342 1987 5408 αὐτοῖς,

2104 4700 2323 4770 quidem
2353 4708 2574 4768 propter
2603 4711 2668 4751 ea
2701 4713 2824 4767 qua:
2870 4713 2937 4752 ex
2989 4698 3161 4753 nibilo
3203 4697 3346 4752 facta
3395 4707 3557 4763 sunt;
3594 4714 3684 4751 sa-

2103 4791 2260 4860 piens
2307 4801 2530 4860 propter
2576 4788 2884 4844 reeonditas
2925 4773 3046 4857 ejus
3100 4787 3383 4851 rationes;
3439 4788 3686 4857 provisor

2104 4891 2325 4952 propter
2379 4881 2586 4936 auxilia
2650 4881 2808 4936 nobis
2848 4881 2914 4935 ad
2967 4882 3226 4934 virtutem
3285 4890 3344 4934 ct
3395 4880 3681 4935 scientiam

2104 4973 2516 5043 adipiscendam
2546 4975 2820 5044 itnpertita
2847 4990 2862 5040 ;
2891 4973 3059 5044 jndex
3076 4971 3311 5042 denique
3339 4981 3559 5040 propter
3589 4988 3683 5025 va-

2103 5066 2180 5118 ria
2239 5065 2641 5120 rationabiliqu
2675 5077 3050 5122 creaturarum
3082 5079 3311 5132 corpora
3333 5105 3350 5129 ,
3383 5074 3438 5118 et
3492 5063 3675 5120 varios

2101 5156 2353 5222 unmdos,
2389 5170 2600 5212 necnon
2633 5171 2728 5210 cos
2751 5159 2951 5228 quibus
2974 5158 3172 5212 smcula
3205 5159 3572 5211 continentur.

2165 5333 2291 5387 I-BID.
2359 5333 2482 5389 Dies
2541 5335 2911 5403 formabuntur
2966 5343 3014 5390 et
3074 5353 3223 5391 nemo
3275 5337 3330 5390 in
3385 5337 3497 5400 eis,
3567 5344 3674 5398 etc.

413 5438 465 5474 κ.
502 5440 551 5474 τ.
577 5423 624 5476 ὲ.
682 5425 769 5477 Ἐν
822 5424 1020 5498 γνώσει
1043 5425 1155 5498 (60)
1201 5428 1623 5501 πλασοήσονται,
1671 5433 1766 5486 καὶ
1815 5434 1988 5499 οὐδεὶς

2119 5443 2149 5480 ιι
2214 5427 2446 5482 scicntia
2485 5427 2895 5493 formabuntur,
2966 5439 3020 5484 ct
3081 5445 3238 5483 nemo
3283 5439 3433 5483 extra
3497 5429 3675 5481 scien.

472 5545 513 5578 ³⁸
543 5549 729 5599 Amos.
768 5559 842 5607 lx,
877 5546 899 5598 Ι
938 5562 986 5598 et
1022 5561 1173 5613 seqq.

476 5665 588 5735 (55)
625 5669 691 5718 El
726 5666 1029 5735 narrata,
1055 5679 1164 5723 etc.
1195 5667 1422 5722 Scheda:
1452 5666 1660 5722 Grabii.

480 5734 590 5808 t59)
620 5734 938 5808 Μακάριος,
967 5749 1072 5792 etc.
1100 5739 1301 5791 Catena
1345 5737 1613 5808 tlordt-rii.

481 5803 590 5870 (δῖ)
631 5803 904 5872 Ὀστοῦν,
931 5819 1033 5863 etc.
1067 5808 1293 5864 Schedcc
1331 5807 1542 5862 Grabii.

1251 5545 1294 5576 ³³
1327 5545 1481 5599 ltum.
1514 5561 1556 5610 ι,
1584 5546 1671 5598 ‘21.
1753 5545 1816 5576 ³³⁸
1850 5548 2008 5604 Joan.
2038 5566 2074 5615 ι,
2101 5547 2151 5604 5.

2159 5666 2275 5740 (58)
2318 5666 2802 5740 'Axurémaatpr,
2836 5665 3211 5740 cte._I£:rt.lt:tn.

2163 5735 2276 5807 (59)
2301 5736 2746 5807 ΒιβλίωἈΘεοῡ,
2781 5745 2900 5807 etc.
2928 5735 3161 5789 lia-dem.

2167 5804 2280 5881 (60)
2330 5809 2430 5864 Ἐν
2457 5804 2692 5881 γνώσει,
2729 5817 2834 5863 etc.
2863 5805 3096 5859 Ewdcm.
