4106 6418
1806 379 1891 435 EX
1920 377 1992 436 0i

2094 378 2227 432 ΕΝΕ
3532 379 3677 434 166$

832 510 890 555 ut
954 502 1023 556 sit
1095 499 1233 554 Deus
1303 498 1481 554 omnia
1570 497 1623 552 in
1689 497 1958 551 clunibus.

2092 491 2244 544 ἔσται
2279 488 2532 559 γνώσεως
2548 488 2722 554 ἐκτὸς,
2757 489 2904 552 ὅπως
2926 489 3148 559 γένηται
3179 491 3207 543 6
3233 490 3366 555 Θεὸς
3401 490 3470 544 τὰ
3498 494 3679 547 πάντα

2084 585 2143 635 ὲν
2166 585 2350 636 πᾶσιν.

406 396 543 449 1665

406 509 531 559 tiam
611 504 714 558 erit
743 546 757 569 ,

476 685 642 738 Vnus.
691 684 773 738 i8.
826 682 1140 746 Exsurrexi,
1195 690 1244 732 et
1285 678 1457 732 adhuc
1507 694 1623 731 sum
1654 686 1847 739 tecum,
1875 686 1981 732 etc.

2169 674 2546 745 Ἑξηγέρθην,
2577 673 2672 726 καί
2701 673 2790 726 ἔτι
2815 672 2934 742 εἰμὶ
2956 674 3108 742 μετὰ
3133 674 3271 737 σοῦ,
3303 692 3357 728 κ.
3386 692 3437 728 τ.
3475 675 3526 729 ἑ.
3559 693 3579 728 ι
3616 676 3681 728 ὐ

412 795 429 825 ι
477 776 576 840 Qui
615 774 841 836 dormis,
875 783 929 826 et
954 786 1187 841 exsurge
1223 786 1253 825 a
1282 768 1536 833 mortuis,
1569 775 1624 821 et
1656 768 1986 821 illuminabit

2092 764 2363 818 καθεύδων
2388 764 2523 834 (61),
2554 765 2648 818 καὶ
2669 764 2877 817 ἀνάστα
2904 765 2967 816 ἐκ
2999 763 3107 816 τῶν
3141 766 3369 835 νεκρῶν,
3416 767 3512 818 καὶ
3556 768 3683 818 ἐπι·-

409 878 460 919 te
485 866 733 920 Christus
762 866 909 918 “"0
933 864 1272 932 Quapropter
1305 862 1634 917 resurrectio
1662 870 1746 915 est
1778 861 1987 915 reditus

2092 855 2285 923 φαύσει
2314 873 2395 909 σοι
2427 858 2456 908 6
2482 855 2713 928 Χριστός
2733 872 2746 885 ·
2781 875 2799 907 ι
2834 854 2915 908 διὸ
2944 854 3162 926 ἐγερσίς
3198 856 3345 909 ἐστιν
3375 857 3410 927 η
3436 855 3546 908 ἀπὸ
3574 872 3681 908 κα-

406 975 435 1011 a
469 957 598 1011 vitio
628 957 693 1010 ad
724 957 1006 1010 virtutem.

2092 948 2217 1010 κὶας
2251 950 2338 1000 ἐπ’
2366 946 2564 1017 ἀρτη-ὴν
2605 947 2879 1010 ἐπάνοδος.

478 1045 641 1100 Vens.
666 1045 756 1097 22.
785 1042 1030 1113 Perfecto
1055 1044 1175 1098 odio
1197 1044 1411 1096 oderam
1445 1041 1590 1105 illos,
1620 1051 1725 1097 etc.
1758 1040 1816 1093 Si
1863 1053 1985 1109 per—

2169 1038 2407 1091 Τέλειον
2425 1038 2607 1107 μῖσος
2659 1039 2915 1107 ἐμίσουν
2951 1040 3197 1105 αὐτοὺς,
3239 1057 3292 1095 κ.
3333 1058 3385 1095 τ.
3415 1040 3462 1093 ἐ.
3522 1041 3586 1094 Ei
3648 1044 3681 1094 6

408 1137 606 1199 fectus,
639 1136 721 1189 cui
762 1136 962 1189 malum
989 1137 1113 1188 odio
1146 1145 1249 1199 est,
1294 1134 1364 1187 ab
1393 1132 1543 1186 omni
1578 1131 1784 1184 malitia
1816 1130 1982 1183 ahsti-

2092 1126 2293 1192 τέλειος
2324 1126 2456 1199 (62),
2496 1129 2731 1199 μισήσας
2766 1130 2828 1182 τὸ
2885 1131 3139 1200 πονηρὸν,
3171 1131 3433 1200 ἀπέχεται
3494 1133 3681 1202 πάσης

408 1234 515 1289 net,
549 1226 595 1278 is
625 1226 715 1293 qui
749 1226 1150 1294 qualiscunque
1195 1240 1383 1279 eorum
1439 1224 1661 1276 malitia:
1706 1221 1981 1291 particeps

2092 1218 2314 1280 κακίας,
2362 1222 2389 1271 6
2420 1218 2846 1289 μεταλαμϐάνων
2896 1220 2990 1289 τῆς
3034 1221 3427 1292 οἱασδηποτοῦν
3476 1223 3679 1286 κακίας

405 1326 487 1370 est
528 1318 773 1381 perfecto
805 1317 935 1370 odio
964 1333 1068 1369 non
1101 1317 1215 1368 odit
1246 1315 1468 1369 malum.

2092 1306 2274 1360 αὐτῶν
2299 1308 2517 1371 τελείως
2544 1310 2604 1361 οὐ
2630 1311 2903 1381 μεμίσηκε
2922 1311 2982 1363 τὸ
3013 1312 3267 1382 πονηρόν.

482 1407 643 1461 Vnus.
663 1408 754 1462 28.
795 1406 975 1461 Proba
1000 1424 1099 1471 me,
1119 1407 1281 1471 Deus,
1311 1418 1355 1459 et
1376 1408 1503 1461 scito
1532 1421 1624 1458 cor
1650 1420 1843 1466 meum,
1874 1412 1984 1457 etc.

2162 1400 2502 1469 Δοκιμασόν
2523 1418 2620 1469 με,
2655 1405 2687 1455 ό
2729 1402 2996 1470 Θεὸς-,καὶ
3041 1402 3219 1473 γνῶθι
3252 1404 3369 1471 τὴν
3422 1405 3690 1473 καρδίαν»

410 1499 466 1551 Si
504 1498 646 1552 Dens
675 1498 817 1566 ignis
845 1513 1171 1552 consumens
1194 1509 1294 1562 est,
1330 1496 1516 1564 utique
1546 1503 1813 1563 quatenus
1845 1492 1989 1547 velut

2092 1506 2232 1557 μου,
2256 1509 2311 1546 κ.
2344 1510 2394 1545 τ.
2429 1494 2476 1546 ὲ.
2500 1494 2562 1547 Ei
2585 1495 2613 1546 6
2638 1493 2771 1555 Θεὸς
2803 1494 2911 1561 (65)
2944 1491 3056 1563 πῦρ
3097 1494 3495 1551 καταναλίσκον
3536 1498 3687 1561 ἐστὶ,

407 1586 553 1657 ignis
584 1588 980 1653 consideratur,
1014 1587 1291 1642 hominum
1322 1588 1531 1643 animas
1561 1586 1776 1656 probat.

895 1842 1219 1899 PSALMUS
1257 1843 1551 1899 CXXXIX.

486 1930 648 1987 Vsus.
682 1932 735 1989 3.
772 1934 877 2000 Qui
928 1936 1286 2004 cogitaverunt
1322 1936 1660 2005 iniquitatem
1706 1938 1763 1991 in
1797 1942 1986 2008 corde,

410 2032 520 2077 tota
548 2025 632 2078 die
662 2024 1052 2078 constituebant
1082 2026 1293 2093 prwlia,
1325 2036 1430 2081 etc.
1484 2026 1589 2081 Per
1630 2030 1990 2097 cogitationes

412 2119 700 2170 adversum
757 2133 861 2170 nos
896 2117 1171 2172 daemoaes
1205 2119 1546 2173 constituunt
1597 2121 1805 2188 praelia,
1863 2124 1987 2178 dum

410 2209 681 2263 interdum
712 2209 1009 2272 desideria,
1044 2210 1317 2265 interdum
1349 2216 1485 2278 iras,
1520 2212 1657 2268 alias
1692 2230 1903 2269 rursum
1935 2218 1987 2271 in

408 2299 601 2353 eodem
632 2300 850 2353 homine
866 2300 1109 2356 excitant
1125 2300 1367 2356 furorem
1390 2312 1443 2357 et
1460 2305 1986 2377 concupiscentiam;

410 2393 553 2445 unde
586 2394 829 2447 nascitur
852 2409 916 2447 ea
946 2410 1068 2464 quae
1092 2395 1345 2464 perplexa
1373 2393 1571 2450 dicitur
1594 2399 1874 2468 cogitatio,
1897 2402 1989 2455 sed

411 2484 526 2537 haec
560 2493 802 2553 tempore
837 2487 1089 2541 mmroris
1134 2487 1310 2541 solum
1355 2489 1576 2555 accidit,
1610 2499 1820 2545 cetera:
1864 2507 1992 2545 vero

411 2576 583 2646 838
609 2592 673 2630 ex
706 2577 996 2632 intervallo
1032 2586 1434 2648 superveniunt
1482 2595 1602 2637 sese
1637 2583 1869 2636 invicem
1899 2599 1994 2638 ex-

412 2667 700 2733 cipientes.
731 2668 800 2720 At
835 2669 1085 2721 mmroris
1117 2671 1500 2739 cogitationem
1534 2672 1588 2726 in
1620 2673 1710 2726 illa
1739 2674 1826 2727 die
1849 2676 1992 2731 nulla

410 2756 616 2825 excipit
644 2758 928 2826 cogitatio,
960 2758 1192 2827 primum
1230 2760 1357 2828 quia
1406 2761 1565 2830 longo
1595 2762 1755 2817 durat
1787 2772 1993 2837 tempo-

413 2862 507 2911 re;
559 2848 757 2903 deinde
781 2850 907 2919 quia
940 2850 1106 2904 etiam
1136 2865 1328 2906 oumes
1370 2856 1762 2924 propemodum
1790 2859 1994 2927 cogita-

414 2940 586 2993 tiones
612 2940 664 2994 in
696 2956 754 2995 se
780 2941 964 2996 habet.
1470 2962 1473 2967 λ

485 3032 650 3089 Vens.
682 3032 736 3091 4.
769 3033 1037 3088 Acuerunt
1060 3035 1272 3106 linguas
1294 3052 1419 3090 suas
1434 3036 1568 3092 sicut
1594 3040 1989 3108 scrpcntis,etc.

411 3124 750 3179 Acerrimum
776 3126 1201 3195 cogitationem,
1232 3138 1452 3184 acutam
1492 3137 1669 3185 vocat;
1714 3132 1990 3198 Ejusmodi

413 3225 492 3268 est
511 3216 674 3269 etiam
693 3215 779 3270 illa
804 3218 1061 3288 cogitatio
1083 3233 1205 3288 qua:
1231 3229 1464 3275 mentem
1497 3222 1563 3275 ad
1598 3222 1992 3292 blaSphemiam

414 3307 636 3375 abripit.

488 3399 652 3454 Vnus.
705 3400 759 3455 6.
807 3400 913 3466 Qui
961 3403 1325 3471 cogitaverunt
1385 3403 1729 3474 supplantare
1784 3423 1994 3476 gressus

413 3508 578 3557 meos,
619 3500 726 3545 etc.
751 3491 892 3558 Quin
930 3501 984 3547 et
1016 3492 1187 3546 malas
1215 3493 1573 3561 cogitationes
1609 3510 1751 3564 smpe
1790 3496 1995 3551 daemo-

417 3598 512 3637 nes
542 3599 648 3637 non
672 3584 845 3638 nudas
868 3585 1026 3640 nobis
1060 3586 1335 3653 ingerunt,
1369 3601 1437 3640 ne
1472 3602 1625 3642 mens
1650 3587 1840 3641 statim
1873 3602 1997 3656 per-

413 3683 598 3741 specta
649 3674 869 3727 illarum
913 3676 1254 3730 absurditate
1297 3692 1391 3730 eas
1440 3677 1689 3745 rejiciat,
1734 3679 1828 3731 sed
1874 3694 1994 3733 cunt

414 3762 537 3816 aliis
574 3764 903 3832 quibusdam
952 3765 1375 3833 cogitationibus
1417 3780 1539 3834 qua:
1581 3767 1818 3835 speciem
1870 3768 1994 3824 boni

415 3870 526 3924 pra:
560 3870 621 3909 se
652 3854 851 3921 ferunt,
904 3857 1076 3911 malas
1122 3857 1483 3924 cogitationes
1530 3860 1993 3917 interseminant:

416 3948 580 4018 idque
609 3948 780 4002 solum
811 3950 1016 4004 faciunt
1044 3952 1097 4004 in
1130 3951 1387 4020 perfectis
1420 3953 1514 4021 qui
1551 3951 1847 4006 aifectunm
1894 3969 1994 4009 ex-

415 4052 596 4109 pertes
626 4051 750 4095 sunt
784 4059 799 4095 :
834 4058 956 4096 nam
991 4043 1057 4097 iis
1091 4044 1191 4112 qui.
1220 4043 1503 4099 affectibus
1531 4053 1658 4099 sunt
1690 4045 1909 4099 obnoxii
1942 4058 1997 4103 et

418 4131 682 4185 immundi
714 4142 863 4200 sunt,
898 4133 1066 4187 etiam
1107 4146 1294 4205 aperte
1343 4135 1593 4205 injiciunt
1632 4134 1995 4205 cogitationes

416 4238 553 4292 quas
586 4224 863 4293 expeliere
892 4234 1193 4294 nequeunt.

488 4313 656 4370 Vsus.
700 4315 787 4369 Η.
827 4316 1031 4371 Cadent
1062 4333 1220 4386 super
1256 4334 1344 4371 eos
1384 4318 1636 4372 carbones
1676 4317 1846 4387 ignis,
1887 4330 1994 4376 etc.

419 4405 561 4473 Ignis
591 4405 693 4460 iste
727 4414 782 4460 et
818 4406 870 4460 hi
902 4407 1191 4473 carbones,
1222 4410 1427 4463 urendo
1455 4410 1624 4478 ligna,
1656 4408 1862 4475 fenum,
1890 4411 1993 4466 sti-

418 4497 623 4567 pulam,
654 4512 938 4567 perversos
972 4499 1193 4554 habitus
1220 4510 1570 4553 consumunt.

494 4681 657 4734 Vens.
690 4681 778 4735 l3.
809 4678 1039 4750 Cognovi
1083 4679 1210 4750 quia
1236 4679 1394 4749 faciet
1435 4678 1699 4733 Dominus
1727 4675 1992 4747 judicium

419 4772 591 4841 inopis
611 4782 658 4827 et
690 4773 972 4827 vindictam
995 4787 1307 4841 pauperum,
1332 4782 1442 4827 etc.
1465 4767 1794 4823 Vaticinium
1823 4774 1906 4821 est
1926 4768 1995 4823 de

422 4862 607 4918 futuro
629 4861 851 4932 judicio,
876 4864 931 4918 in
954 4877 1065 4933 quo
1091 4862 1271 4930 impiis
1296 4861 1407 4931 igni
1439 4857 1656 4913 traditis
1676 4856 1729 4909 in
1754 4857 1991 4925 requiem

417 4952 549 5023 justi
573 4961 935 5009 assumentur.
973 4952 1112 5008 Hinc
1135 4956 1304 5007 etiam
1329 4949 1592 5004 Salomon
1616 4943 1847 4999 utilitate
1872 4960 1992 5012 per-

422 5052 578 5112 cepta
618 5041 756 5096 dixit
788 5042 876 5096 ’3:
916 5061 938 5094 ι
977 5041 1116 5109 Quia
1149 5055 1313 5095 omne
1346 5037 1490 5093 iactu
1504 5050 1556 5089 tn
1589 5033 1733 5089 Deus
1763 5034 1992 5091 adducet

423 5132 478 5187 in
510 5132 800 5203 judicium.
836 5150 857 5185 ι
894 5131 1044 5188 Bono
1092 5139 1279 5185 autem
1317 5129 1427 5183 tine
1458 5123 1761 5188 conclusit,
1818 5138 1991 5193 quan-

422 5227 715 5297 doquidem
749 5243 770 5276 ι
808 5225 860 5279 in
889 5225 1050 5279 tinem
1087 5242 1106 5274 ι
1137 5220 1435 5290 inscriptus
1458 5225 1565 5283 est,
1618 5214 1673 5269 id
1698 5221 1782 5268 est
1845 5230 1992 5284 spem

416 5311 580 5381 jnstis
613 5310 930 5381 repositam.
956 5329 974 5361 ι
994 5307 1332 5365 Habitabant
1361 5305 1496 5362 recti
1517 5319 1643 5359 cum
1667 5302 1816 5357 vultu
1845 5311 1993 5360 tuon

497 5456 590 5487 ’ν’
626 5453 824 5521 Ephes.
855 5470 908 5516 ν.
935 5453 1024 5509 14.
1097 5450 1145 5486 ³³
1174 5452 1320 5511 Eccl.
1351 5450 1565 5516 1H,“.

499 5598 615 5671 (ει)
649 5600 712 5654 '0
740 5601 1066 5671 καθεύδων,
1095 5610 1204 5656 etc.
1246 5600 1476 5656 St-hedm
1498 5597 1707 5656 Grabii.

501 5669 618 5735 (δὲ)
653 5671 723 5722 Et
748 5672 782 5723 ὁ
818 5670 1067 5736 τέλειος.
1096 5681 1202 5725 etc.
1236 5672 1470 5727 Eaedem.

503 5737 621 5803 (65)
647 5738 720 5789 Ei
745 5740 778 5790 ὀ
808 5738 973 5804 Θεός,
1001 5750 1110 5796 etc.
1141 5739 1379 5795 Easdem.

503 5805 619 5877 (64)
647 5807 750 5859 Διά
781 5805 918 5871 τῶν,
948 5817 1055 5863 etc.
1087 5807 1323 5865 Eaedem.

2092 1579 2181 1633 διὰ
2203 1584 2306 1653 τῆς
2340 1584 2581 1647 ἐπινοίας
2623 1584 2864 1655 δηλονότι
2893 1584 2987 1637 τοῦ
3031 1586 3204 1656 πυρὸς
3245 1586 3529 1657 δοκιμάζει
3578 1590 3689 1652 τὰς

2093 1675 2273 1747 ψυχὰς
2298 1679 2406 1733 τῶν
2437 1678 2761 1750 ἀνθρώπιον.
2814 1754 2815 1757 η

2629 1850 2922 1907 ΨΑΛΜΟΣ
2960 1853 3128 1911 ΡΛΘθ.

2169 1945 2399 2010 Οἵτινες
2426 1943 2783 2013 ἐλογίσαΠο
2834 1947 3075 2001 ἀδικίαν
3113 1948 3184 2002 ἐν
3231 1950 3470 2021 καρδίᾳ,
3523 1952 3687 2020 ὅλην

2090 2037 2207 2104 τὴν
2245 2037 2475 2105 ἡμέραν
2509 2037 2961 2104 παρετάσσοντο
2990 2039 3312 2109 πολέμους,
3344 2059 3397 2096 κ.
3423 2061 3474 2097 τ.
3502 2045 3550 2098 ἑ.
3569 2045 3677 2099 Διά

2089 2128 2198 2181 τῶν
2229 2126 2341 2197 (64)
2369 2128 2644 2198 λογισμῶν
2672 2130 2804 2199 ἡμῖν
2831 2131 2881 2182 οἱ
2912 2130 3161 2201 δαίμονες
3208 2134 3687 2205 παρατάσσονται,

2091 2220 2223 2272 ποτὲ
2258 2220 2357 2290 μὲν
2378 2219 2672 2289 ἐπιθυμίας
2703 2221 3000 2286 κινοῦντες.
3031 2225 3159 2277 ποτὲ
3182 2225 3239 2277 δὲ
3266 2226 3456 2297 ὀργὰς.
3493 2228 3684 2282 ἄλλοτε

2091 2312 2259 2365 πάλιν
2288 2313 2345 2367 ὲν
2369 2310 2549 2381 ταυτῷ
2569 2311 2739 2381 θυμὸν
2767 2312 2860 2365 καὶ
2886 2314 3197 2385 ἐπιθυμίαν,
3221 2317 3288 2369 δι’
3317 2311 3391 2371 ὧν
3415 2319 3627 2385 γίνεται
3655 2323 3691 2374 ὁ

2089 2403 2385 2473 λεγόμενος
2406 2403 2780 2473 πεπλεγμένος
2803 2405 3075 2473 λογισμός·
3101 2406 3213 2461 ἀλλ’
3238 2402 3392 2473 οὗτος
3420 2412 3478 2463 ἐν
3503 2413 3691 2485 καιρῷ

2090 2495 2191 2565 τῆς
2226 2495 2458 2565 ἀκηδίας
2502 2494 2787 2563 συμόαίνει
2850 2497 3030 2565 μόνον,
3059 2499 3110 2551 οἱ
3156 2499 3202 2551 δ’
3233 2499 3381 2552 ἄλλοι
3434 2502 3498 2555 ὲκ
3558 2504 3685 2557 δια-

2091 2584 2395 2655 λείμματος
2423 2584 2745 2655 ἐπέρχονται
2787 2587 3045 2657 ἀλλήλους
3072 2590 3458 2660 διαδεχόμενοι.
3490 2595 3595 2649 Τὸν
3624 2596 3684 2650 δὲ

2092 2678 2194 2747 τῆς
2232 2677 2461 2748 ἀκηδίας
2488 2679 2743 2748 λογισμὸν
2775 2681 2894 2732 κατ’
2927 2680 3140 2751 ἐκείνην
3182 2682 3280 2751 τὴν
3320 2684 3537 2757 ⁴ἡμέραν
3586 2689 3681 2741 οὐ-

2091 2769 2202 2832 δεὶς
2239 2768 2537 2839 διαδέχεται
2592 2771 2958 2840 διαλογισμὸς,
3019 2773 3234 2843 πρῶτον
3282 2776 3402 2845 μὲν,
3456 2779 3537 2832 ὅτι
3586 2782 3682 2834 καὶ

2090 2860 2350 2932 χρονίζει,
2379 2862 2566 2916 ἔπειτα
2592 2863 2648 2916 δὲ
2694 2863 2788 2917 καὶ
2828 2864 3014 2935 σχεδὸν
3069 2866 3275 2932 πάντας
3324 2871 3454 2934 τοὺς
3502 2871 3685 2941 λογισο

2097 2953 2234 3023 μοὺς
2270 2952 2381 3022 ἔχει
2404 2954 2461 3007 ὲν
2493 2955 2703 3025 ἑαυτῷ-

2181 3048 2518 3113 Ἠκόνησαν
2548 3046 2665 3114 τὴν
2700 3045 2991 3116 γλῶσσαν
3028 3050 3228 3104 αὐτῶν·
3267 3052 3412 3107 ὡσεὶ
3469 3055 3682 3124 ὄφεως,

2094 3156 2151 3192 κ.
2174 3156 2225 3191 τ.
2259 3140 2305 3191 ὲ.
2332 3139 2434 3192 Τὸν
2452 3138 2709 3204 ὀξύτατον
2735 3138 2844 3205 (65)
2869 3141 3126 3212 λογισμὸν
3155 3143 3493 3215 ἠκονημένον
3508 3146 3683 3215 λέγει.

2096 3232 2347 3294 Τοιοῦτος
2379 3231 2433 3283 δὲ
2459 3232 2552 3285 καὶ
2579 3234 2607 3285 6
2631 3233 2767 3303 πρὸς
2797 3232 3144 3305 βλασφημίαν
3167 3235 3258 3289 τὸν
3292 3236 3415 3291 νοῦν
3436 3240 3686 3312 ὑφαρπά-

2098 3322 2131 3387 ζ
2133 3339 2209 3375 ων
2238 3321 2518 3392 λογισμός.

2180 3412 2411 3475 Οἵτινες
2437 3410 2850 3482 διελογίσαηο
2876 3413 2981 3467 τοῦ
3008 3417 3412 3470 ὐποσκελίσαι
3456 3419 3530 3473 τὰ
3558 3420 3692 3476 δια·-

2096 3496 2328 3567 6ἡματιὶ
2343 3519 2484 3569 μου,
2516 3519 2571 3555 κ.
2598 3519 2646 3553 τ.
2680 3502 2728 3554 έ.
2772 3501 2931 3554 Ἀλλά
2960 3504 3053 3557 καὶ
3079 3504 3188 3571 (66)
3232 3505 3302 3558 τά
3330 3506 3511 3575 φαῦλα
3557 3512 3689 3580 νοή-

2099 3603 2246 3656 ματα
2293 3588 2549 3652 πολλάκις
2587 3590 2638 3642 οἱ
2683 3589 2935 3659 δαίμονες
2991 3593 3053 3645 ού
3097 3592 3281 3662 γυμνά
3332 3596 3685 3651 ἀποτίθενται

2096 3677 2247 3745 ἡμῖν,
2282 3677 2367 3730 ἵνα
2398 3677 2473 3748 μὴ
2494 3679 2522 3731 ὁ
2550 3678 2674 3742 νοῦς
2703 3679 2959 3751 ἄντικρυς
2974 3682 3035 3734 τὸ
3062 3682 3251 3749 ἄλογον
3278 3685 3457 3739 αὐτῶν
3484 3687 3688 3742 θεασά-

2101 3781 2293 3835 μενος,
2323 3767 2449 3829 τοὺς
2473 3768 2761 3838 λογισμοὺς
2793 3771 3104 3845 ἀπορῤίψῃ·
3137 3773 3273 3828 ἀλλά
3320 3778 3460 3847 μετά
3516 3796 3685 3833 τινων

2096 3856 2274 3911 ἀλλων
2304 3860 2696 3929 χρηστοφανῶν
2724 3862 3010 3933 νοημάτων
3050 3866 3123 3919 τὰ
3162 3868 3375 3939 πονηρά
3427 3872 3685 3942 νοήματα

2097 3949 2507 4020 ἐπισπείρουσι·
2566 3953 2660 4006 καὶ
2715 3953 2870 4008 τοῦτο
2940 3957 3097 4025 μόνον
3139 3960 3231 4011 επ)⁵
3298 3959 3407 4015 τῶν
3461 3963 3692 4021 τελείων

2104 4041 2340 4107 ποιοῦσι,
2371 4044 2478 4097 τῶν
2514 4046 2587 4117 μὴ
2620 4046 2850 4116 ἑχόντων
2892 4047 3037 4118 πάθη
3058 4067 3069 4079 ·
3123 4054 3236 4114 τοῖς
3265 4052 3375 4124 γὰρ
3408 4056 3687 4125 ὲμπαθέσι

2096 4133 2191 4187 καὶ
2217 4134 2545 4206 ἀκαθάρτοις
2576 4138 2671 4191 καὶ
2706 4140 2956 4210 φανερῶς
2981 4141 3308 4210 ἐμϐάλλουσι
3336 4146 3466 4210 τοὺς
3492 4147 3685 4216 λογισ-

2100 4223 2257 4291 μοὺς,
2289 4222 2383 4286 οὒς
2411 4223 2735 4279 ἀπώσασθαι
2759 4227 3130 4285 ἀδυνατοῦσιν.

2166 4314 2502 4369 ΙΙεσοῦνται
2529 4318 2621 4370 ἐπ’
2648 4319 2879 4385 αὐτοὺς
2899 4318 3196 4388 ἄνθρακες
3233 4324 3445 4391 πυρὸς,
3484 4344 3538 4379 κ.
3558 4344 3610 4381 τ.
3632 4330 3686 4382 ἑ.

2099 4406 2272 4460 Τοῦτο
2316 4407 2376 4461 τὸ
2420 4409 2534 4478 (67)
2593 4410 2704 4480 πῦρ
2750 4412 2843 4464 καὶ
2891 4412 2940 4463 oi
2996 4411 3262 4483 ἄνθρακες
3320 4417 3687 4476 κατακαίουσι

2026 4516 2071 4571 ι)
2099 4496 2254 4562 ξύλα,
2287 4497 2499 4569 χόρτον,
2533 4499 2804 4572 καλάμην,
2835 4501 2933 4565 τὰς
2959 4502 3237 4575 μοχθηρὰς
3266 4505 3408 4572 ἔξεις
3440 4527 3689 4567 καταναε

2102 4586 2381 4641 λίσκοντα.

2180 4678 2442 4747 "Ep-cor,
2483 4677 2573 4732 ὅτι
2620 4678 2857 4745 ποιήσει
2901 4682 3115 4749 Κύριος
3162 4683 3276 4752 τὴν·
3308 4688 3516 4755 κρίσιν
3574 4690 3697 4745 τοῦ.

2100 4769 2361 4835 πτωχοῦ,
2392 4768 2491 4823 καὶ
2520 4769 2636 4839 τὴν
2677 4770 2856 4840 δίκην
2900 4771 3017 4826 τῶν
3061 4774 3359 4842 πενήτων,
3418 4796 3473 4832 κ.
3527 4797 3579 4836 τ.
3633 4783 3691 4839 ἑ..

2085 4858 2412 4927 ,Προφητεία
2446 4859 2556 4929 (68)
2590 4861 2745 4915 τοῦτο
2777 4864 2903 4934 περὶ
2936 4862 3035 4933 τῆς
3091 4865 3389 4939 μελλούσης
3422 4869 3695 4939 κρίσεως,

2099 4946 2224 5001 καθ’
2272 4949 2340 5017 ἢν
2387 4948 2493 5002 τῶν
2539 4951 2750 5005 ἀσεϐῶν
2804 4952 2881 5022 τῷ
2934 4954 3069 5024 πυρ)¹
3109 4956 3548 5028 παραδιδομένων
3604 4962 3690 5024 είς

2098 5039 2283 5093 ἄνεσιν
2332 5041 2381 5092 οἱ
2438 5040 2633 5095 δίκαιοι
2679 5042 3215 5115 παραληφθήσονται.
3268 5047 3550 5102 Ἐντεῦθεν
3591 5052 3694 5104 καὶ

2098 5125 2353 5196 Σολομὼν
2381 5129 2681 5199 ὠφεληθεὶς
2714 5128 2863 5183 εἶπεν
2883 5148 2895 5160 ·
2946 5152 2963 5183 ι
3009 5132 3128 5185 Ὅτι
3169 5134 3277 5187 πᾶν
3310 5134 3369 5186 τὸ
3409 5136 3624 5208 ποίημα
3658 5140 3690 5190 6

2099 5217 2232 5280 Θεὸς
2262 5217 2378 5281 ἄξει
2409 5222 2488 5283 είς
2519 5221 2719 5292 κρίσιν.
2755 5241 2775 5275 s
2818 5223 2911 5287 Είς
2936 5225 3169 5295 χρηστὸν
3201 5225 3259 5278 δὲ
3314 5226 3467 5291 τέλος
3516 5229 3686 5282 κατέ-η

2100 5309 2284 5379 ληξεν,
2315 5310 2437 5363 ἐπεὶ
2496 5312 2589 5366 καὶ
2642 5331 2660 5364 ι
2694 5315 2774 5378 είς
2828 5315 2979 5379 τέλος
3014 5336 3032 5369 ι
3087 5317 3525 5390 ἐπιγέγραπται,
3584 5319 3688 5391 τὴν

2209 5598 2303 5663 65)
2335 5594 2443 5648 Τὸν
2477 5594 2795 5658 ὀξύτατον,
2826 5606 2932 5648 etc.
2966 5594 3201 5647 Eaedem.

2206 5665 2301 5731 66)
2354 5665 2530 5717 Ἀλλὰ
2558 5665 2676 5725 καί,
2711 5674 2814 5718 etc.
2852 5665 3082 5717 Eaedem.

2184 5730 2299 5804 (67)
2330 5730 2511 5787 Τοῦτο
2541 5733 2627 5804 τό,
2657 5744 2761 5788 etc.
2790 5734 3020 5787 Eaedem.

2185 5801 2302 5877 (68)
2335 5802 2687 5873 Προφητείίι,
2712 5812 2817 5859 etc.
2848 5805 3049 5858 Catena
3095 5801 3360 5858 Corderii.
