4106 6434
484 382 624 438 1605

1479 388 1789 446 δεῐιείίΤΑ
1833 392 1898 448 11V
1942 393 2281 452 PSAIAIUS.
2324 428 2390 439 —
2431 402 2624 460 l’bAL.
2663 409 2844 460 CXLI.

3629 425 3766 477 "itit;

480 505 854 578 ἀποκειμένην
885 508 994 572 τοῖς
1017 508 1244 573 δικαίοις
1277 509 1450 579 λέγων
1479 512 1691 566 ἐλπίδα.
1741 534 1759 564 ι
1795 516 2033 588 Κατοική

2137 557 2145 581 ι
2181 519 2282 571 Pro
2318 538 2336 570 ι
2368 536 2492 574 cum
2528 522 2675 576 vultu
2705 533 2796 578 tuo
2840 543 2856 574 ι
2893 523 3251 595 Symmachus
3280 531 3376 594 ait,
3416 550 3435 586 t
3472 536 3612 604 apud
3647 541 3768 594 vul-

483 609 667 651 σουσιν
700 598 876 662 εύθεῖς
905 599 1003 652 σῦν
1031 599 1109 670 τῷ
1143 599 1420 672 προσώπῳ
1445 619 1559 658 σου.
1589 621 1607 653 ι
1661 603 1806 656 ’Λντὶ
1830 604 1886 656 δὲ
1920 624 1936 655 t
1977 607 2033 658 σῦ

2183 618 2296 664 tum
2339 622 2532 667 tuum:
2572 633 2591 666 ι
2632 617 2776 685 quod
2804 627 2889 672 est
2939 634 3072 688 pura
3121 633 3306 676 meme
3349 598 3540 680 facient
3577 627 3667 682 Dci
3701 633 3769 684 ad

479 687 559 758 τῷ
583 689 862 760 προσώπῳ
893 707 987 744 σου
1032 710 1050 741 ι
1087 693 1116 744 ὁ
1145 691 1441 763 Σύμμαχος
1475 711 1494 744 t
1540 694 1691 767 παρὰ
1718 695 1797 766 τῷ
1851 696 2069 769 προσώ-

481 796 570 848 πῳ
597 797 688 831 σου
733 799 751 830 ι
783 776 952 848 λέγει,
977 782 1038 834 τὺ
1064 781 1456 854 κεκαθαρμένη
1513 783 1722 857 διανοίᾳ
1779 786 2071 856 πρόσωπον

480 870 618 941 πρὸς
643 871 933 942 πρόσωπον
963 875 1096 944 ὁρᾷν
1125 875 1216 928 τοῦ
1247 876 1404 929 Θεοῦ.

1039 1059 1332 1114 ΨΔΛΜΟΣ
1370 1059 1508 1114 PM'.

551 1149 1017 1215 Κατευθυνθήτω
1049 1152 1087 1218 ἡ
1132 1151 1445 1220 προσευχὴ
1486 1170 1607 1221 μου
1664 1153 1746 1218 ὡς
1804 1151 2068 1223 θυμίημα

475 1237 734 1293 ἐνώπιόν
757 1256 898 1302 σου.
927 1259 980 1296 κ.
1007 1259 1057 1295 τ.
1088 1244 1136 1298 ἐ.
1199 1243 1400 1297 Τούτου
1431 1244 1539 1314 (69)
1588 1245 1976 1300 κατευθύνεται
2028 1250 2062 1319 ἡ

477 1333 752 1404 προσευχὴ
781 1333 857 1397 ὡς
893 1334 1164 1406 θυμίαμα,
1197 1337 1289 1390 τοῦ
1326 1337 1626 1408 δυναμένου
1657 1341 1859 1393 εἰπεῖν·
1903 1340 2066 1410 «Χρι-

477 1422 603 1475 στοῦ
635 1424 834 1478 εὐωδία
867 1425 1032 1495 ἐσμὲν
1075 1428 1133 1479 ἐν
1173 1430 1284 1491 τοῖς
1335 1428 1662 1500 σωζομένοις
1696 1429 1790 1484 καὶ
1846 1431 1904 1484 ἐν
1950 1433 2064 1496 τοῖς

472 1513 883 1584 ἀπολλυμένοις.
929 1535 948 1566 ι

547 1605 686 1670 Θοῦ,
715 1608 911 1673 Κύριε,
945 1608 1230 1676 φυλακὴν
1266 1609 1347 1675 τῷ
1380 1613 1635 1680 στόματί
1657 1631 1797 1682 μου,
1846 1631 1898 1667 κ.
1925 1631 1972 1667 τ.
2009 1615 2054 1669 ὲ.

470 1697 639 1750 Οὐδὲν
659 1696 802 1750 οὕτω
831 1699 1091 1768 φυλάσσει
1117 1701 1214 1772 τὴν
1244 1701 1469 1772 καρδίαν
1508 1706 1541 1774 ἡ
1552 1704 1668 1774 μῶν
1692 1703 1768 1768 ὡς
1820 1707 1849 1758 ὁ
1897 1705 2062 1775 φόϐος

2181 704 2372 757 faciem
2404 705 2614 762 videre.

2701 1064 3024 1123 PSALMUS
3062 1063 3218 1124 (2X1...

2248 1156 2414 1214 Vsus.
2440 1157 2493 1212 2.
2534 1154 2817 1229 Dirtgatur
2863 1167 3036 1216 oratio
3068 1179 3183 1216 mea
3228 1164 3362 1218 sicut
3408 1165 3676 1219 int-ensum
3705 1166 3759 1218 in

2176 1261 2456 1321 conspectu
2488 1263 2602 1316 tuo,
2637 1263 2743 1305 etc.
2781 1253 2952 1320 Hujus
2990 1255 3248 1325 dirigitur
3279 1255 3457 1310 oratio
3503 1257 3646 1312 sicut
3679 1257 3762 1310 itt-

2173 1359 2421 1409 censum,
2458 1345 2551 1413 qui
2608 1353 2787 1414 potest
2821 1345 3004 1400 dicere
3039 1361 3054 1399 :
3086 1363 3104 1396 t
3139 1345 3345 1400 Christi
3400 1347 3576 1402 bonus
3623 1347 3760 1402 odor

2172 1447 2360 1488 sumus
2383 1434 2436 1487 in
2475 1434 2542 1490 iis
2568 1434 2661 1504 qui
2689 1434 2992 1502 salvantur,
3025 1447 3082 1489 et
3112 1437 3163 1489 in
3182 1437 3250 1490 iis
3275 1437 3365 1507 qui
3402 1438 3753 1507 pereunt".s

2245 1605 2408 1660 Vens.
2438 1606 2493 1660 5.
2529 1602 2697 1670 Pone,
2728 1602 2973 1668 Domine,
3013 1604 3312 1658 custodian:
3352 1604 3435 1658 ori
3470 1622 3604 1670 meo,
3641 1612 3752 1662 etc.

2170 1699 2314 1754 Nihil
2351 1715 2446 1754 cor
2480 1707 2733 1750 nostrum
2773 1711 2929 1766 atque
2968 1699 3210 1752 cttstodit
3237 1715 3302 1754 ac
3327 1701 3490 1755 timor
3525 1702 3640 1767 Dei.
3679 1703 3755 1760 sic

469 1791 563 1844 τοῦ
597 1790 755 1857 Θεοῦ,
799 1792 853 1845 εἴ
872 1810 934 1862 γε
971 1793 1049 1865 τῷ
1079 1795 1228 1866 φόϐῳ
1260 1797 1468 1868 Κυρίου
1516 1798 1752 1852 ἐκκλίνει
1799 1800 1907 1862 πᾶς
1949 1800 2033 1852 ἀπὶ

2167 1791 2388 1862 quidem
2418 1790 2614 1844 timore
2649 1787 2742 1842 Dei
2781 1787 3006 1858 quilibet
3034 1804 3063 1842 a
3101 1788 3244 1846 malo
3273 1789 3536 1847 declinat.

469 1899 640 1936 κακου
650 1922 663 1936 .

545 1976 796 2027 Ἕλαιον
827 1974 896 2028 δὲ
930 1975 1282 2044 ἀμαρτωλοῦ
1301 1977 1388 2046 μὴ
1416 1977 1723 2032 ,ιιπανὰτω
1743 1976 1858 2046 τὴν
1881 1995 2060 2048 κερα-

2088 1868 2129 1921 Β

2236 1964 2401 2020 Υειιε.
2445 1966 2498 2019 5.
2553 1963 2744 2018 Oleum
2787 1975 2964 2018 autem
3000 1965 3292 2032 peccatoris
3324 1984 3428 2021 non
3460 1969 3746 2040 impinguet

463 2063 587 2128 λήν
619 2081 759 2132 μου,
798 2083 853 2118 κ.
910 2083 962 2122 1.
1009 2070 1053 2118 ὲ.
1116 2068 1338 2121 Ἕλαιον
1387 2069 1534 2137 λέγει
1585 2069 1912 2141 ἁμαρτωλοῦ
1957 2069 2033 2141 τηε

2161 2070 2318 2128 Caput
2343 2057 2511 2129 839
2539 2074 2733 2123 meum,
2759 2067 2869 2112 etc.
2905 2055 3096 2112 Oleum
3125 2061 3425 2128 peccatoris
3461 2074 3617 2116 vocat
3648 2064 3745 2118 bc-

463 2155 743 2221 εὐποιίαν,
776 2158 874 2228 τὴν
903 2159 978 2230 μὴ
1013 2158 1099 2212 διὰ
1129 2159 1329 2227 γνῶσιν
1381 2160 1516 2213 Θεοῦ
1552 2161 1876 2232 γενομένην,
1919 2159 2033 2214 an:

2162 2152 2446 2214 nellcium,
2473 2151 2615 2218 quod
2647 2165 2752 2203 non
2785 2157 3006 2217 propter
3035 2151 3400 2220 cognitionem
3428 2151 3518 2207 Dei
3547 2155 3628 2217 fit,
3649 2158 3743 2210 sed

460 2246 549 2302 διὰ
576 2249 732 2316 δόξαν
769 2249 868 2322 τὴν
902 2251 1051 2322 παρὰ
1093 2251 1430 2326 ἀνθρώπων·
1463 2245 1764 2326 τοῦτο’γάρ
1802 2255 1919 2308 ἐστι
1960 2259 2033 2309 κα

2160 2255 2220 2297 ιιι
2253 2244 2423 2312 gloria
2461 2245 2527 2296 ali
2557 2245 2873 2298 hominibus
2904 2252 3155 2311 captetur
3178 2258 3188 2292 :
3213 2245 3318 2299 hoc
3342 2245 3488 2300 enim
3511 2257 3595 2302 est
3619 2250 3742 2302 tuba

459 2341 522 2395 τὸ
546 2341 828 2408 σαλπίζειν
855 2343 946 2398 τὸν
973 2345 1074 2415 τὴν
1102 2345 1472 2418 ἐλεημοσύνην
1507 2347 1784 2399 ποιοῦντα.

531 2435 869 2492 Πεσοῦνται
903 2436 974 2489 ἐν
997 2437 1430 2506 ἀμφιϐλήστρφ
1471 2436 1658 2491 αὐτοῦ
1691 2437 2048 2506 ἁμαρτωλοὶ,

458 2542 512 2578 κ.
545 2543 599 2582 τ.
635 2527 678 2580 ἐ.
727 2527 1158 2600 Ἀμφίόληστρόν
1186 2531 1302 2583 ἐστι
1329 2529 1550 2593 κόλασις
1579 2529 1796 2600 ποικίλη
1843 2531 1907 2583 ἐκ
1954 2529 2049 2600 βυ-

2155 2351 2357 2391 canere
2383 2351 2507 2389 cum
2542 2335 2600 2388 fit
2623 2335 2998 2406 eleemosyna.

2228 2427 2394 2482 \‘tsns.
2426 2426 2514 2480 10.
2551 2425 2756 2481 Cadent
2788 2428 2841 2480 in
2861 2427 3120 2482 retiacqu
3147 2429 3264 2499 ejus
3284 2441 3608 2499 peccatores,
3631 2443 3740 2490 etc.

2157 2523 2498 2578 lietiaculum
2527 2529 2656 2576 sunt
2686 2521 2850 2576 variae
2877 2536 3055 2591 paena:
3083 2538 3204 2593 quin
3223 2539 3290 2578 ex
3323 2525 3594 2594 profnmlo
3625 2545 3741 2582 ma-

457 2616 551 2671 θοῦ
578 2618 775 2682 κακίας
803 2621 1146 2693 ἀνιμωμένη.
1174 2621 1333 2675 Ἀλλὰ
1365 2621 1522 2677 τοῦτο
1554 2623 1615 2676 τὸ
1637 2621 2033 2693 ἀμφίδληστροπ

2156 2617 2285 2670 lilia:
2323 2616 2644 2670 extrahunt.
2703 2611 2811 2668 Sed
2851 2613 2984 2667 illud
3027 2615 3350 2671 retiaculum
3383 2619 3450 2672 ad
3493 2618 3739 2675 futurum

456 2707 549 2760 τοῦ
587 2709 872 2780 μέλλοντός
897 2713 1046 2766 ἐστιν
1073 2712 1288 2777 αἰῶνος·
1319 2713 1414 2767 τοῦ
1449 2715 1505 2767 δὲ
1531 2714 1826 2776 ἐνεστῶτος
1853 2713 2033 2778 αἰῶνός

2155 2708 2395 2777 pertinet
2432 2703 2726 2766 saeculum;
2775 2705 3062 2772 praseutis
3096 2717 3229 2757 vero
3276 2705 3460 2760 stt-culi
3513 2708 3743 2762 retiacu-

454 2801 601 2854 ἐστιν
659 2803 1070 2877 ἀμφίϐληστρον
1125 2806 1444 2861 διδασκαλία
1503 2804 1870 2877 πνευματικὴ,
1920 2805 2033 2869 τοὺς

2151 2799 2262 2855 lum
2295 2808 2380 2855 est
2407 2799 2657 2854 doctrina
2672 2798 2958 2867 spiritalis,
2994 2813 3117 2868 qua:
3141 2813 3172 2853 a
3211 2798 3306 2854 Dei
3337 2797 3485 2854 cultu
3510 2813 3743 2859 aversos

452 2891 935 2964 ἀποπλανηθέντας
970 2895 1076 2949 ἀπὸ
1109 2896 1208 2967 τῆς
1235 2896 1546 2962 θεοσεϐείας
1581 2898 1675 2951 ἐπὶ
1711 2898 1810 2968 τὴν
1837 2893 2033 2968 ἀρετὴν

2146 2892 2215 2947 ad
2255 2892 2504 2947 virtutem
2541 2898 2778 2946 revocat.

451 2983 750 3052 ἀνάγουσι.

991 3172 1288 3227 ΨΑΛΜΟΣ
1328 3175 1508 3230 ΡΜΔ¹.

521 3261 696 3333 (tam?
718 3281 838 3332 μου
885 3264 1036 3333 πρὸς
1076 3267 1299 3336 Κύριον
1332 3267 1650 3336 ἐκέκραξα,
1701 3269 1874 3340 φωνῇ
1914 3288 2035 3342 μου

443 3355 593 3424 πρὸς
623 3358 846 3424 Κύριον
869 3358 1146 3426 ἐδεήθην,
1178 3378 1230 3415 κ.
1268 3379 1318 3418 1.
1344 3363 1390 3415 ὲ.
1437 3362 1524 3426 Ὠς
1563 3363 1725 3432 φύσιν
1777 3364 1889 3432 ('70)
1921 3363 2034 3434 ἔχει

443 3447 505 3499 τὸ
536 3445 646 3519 πῦρ
668 3447 969 3521 ἀνὼιρορον,
993 3450 1220 3523 οῦτωςή
1253 3452 1346 3506 τοῦ
1375 3453 1584 3506 δικαίου
1609 3454 1783 3523 φωνὴ,
1806 3455 1864 3508 τὸ
1897 3455 2034 3526 πρὸς

442 3537 650 3610 Κύριον
682 3539 949 3607 γίνεσθαι,
982 3543 1075 3596 καὶ
1094 3542 1257 3597 οἱονεὶ
1290 3545 1679 3616 προκαλεῖσθαι
1716 3548 1880 3602 αὐτὸν
1940 3548 2034 3602 ἐπὶ

441 3627 504 3680 τὸ
532 3630 792 3700 παρέχειν
819 3623 896 3684 ὧν
923 3650 1006 3696 τις
1039 3632 1209 3688 δεῖται
1237 3636 1346 3690 ἀπὸ
1371 3636 1528 3694 Θεοῦ.

526 3718 748 3788 Ἐκχεῶ
775 3721 1057 3781 ἐναντίον
1093 3726 1281 3780 αὐτοῦ
1314 3727 1430 3794 τὴν
1477 3726 1693 3796 δέησίν
1725 3748 1868 3799 μου,
1918 3731 2034 3800 τὴν

435 3809 650 3876 θλίψιν
673 3828 795 3878 μου
843 3811 1104 3867 ἐνώπιον
1136 3817 1325 3870 αὐτοῦ
1384 3818 1726 3888 ἀπαγγελῶ,
1764 3841 1818 3878 κ.
1863 3841 1914 3878 τ.
1981 3825 2028 3877 ἐ.

447 3899 508 3954 ’0
538 3903 676 3973 μόνα
705 3905 816 3975 (7f)
845 3906 1053 3977 μεγάλα
1083 3910 1177 3962 καὶ
1198 3911 1499 3982 ἐπουράνια
1530 3913 1716 3974 αἰτῶν,
1745 3915 1837 3966 καὶ
1859 3930 2030 3984 προσ-

432 3993 727 4063 ευχόμενος
760 3995 1034 4067 πνεύματι
1081 3998 1273 4070 καινῷ,
1319 3999 1511 4074 θαρρεῖ
1553 4002 1784 4056 ἐνώπιον
1821 4004 2024 4075 Κυρίου

433 4083 622 4155 ἐκχέαι
648 4087 746 4158 τὴν
776 4087 960 4159 δέησιν
991 4089 1220 4153 ἑαυτοῦ,
1277 4091 1430 4146 οὐδὲν
1456 4094 1732 4156 ταπεινὸν,
1776 4094 1895 4147 οὐδὲ
1936 4097 2024 4147 αξ-

431 4178 597 4246 σχρόν
623 4195 674 4230 τι
703 4179 760 4230 ἐν
789 4180 954 4252 ἑαυτῇ
990 4181 1214 4252 ἔχουσαν
1235 4201 1248 4212 ·
1283 4185 1444 4238 ὁποῖά
1465 4187 1613 4239 ἐστιν
1657 4188 1716 4240 ἐν
1747 4189 1866 4252 ταῖς
1902 4187 2024 4260 δεή-

432 4283 546 4320 σεσι
579 4269 688 4322 τῶν
751 4269 1241 4341 βαττολογούντων,
1277 4277 1370 4329 καὶ
1423 4278 1522 4330 οὐκ
1576 4277 1701 4342 ἄξια
1750 4279 1885 4332 Θεοῦ
1938 4282 2022 4334 αἱ-

425 4359 682 4422 τούντων.
718 4362 886 4434 ῆάπὸ
922 4365 1170 4437 καθαρᾶς
1195 4367 1420 4440 καρδίας
1462 4370 1780 4440 ἐκχεόντων.
1835 4370 2018 4440 Ἀγίου

423 4446 516 4504 οὖν
548 4455 858 4524 παρρησίας
887 4456 1068 4528 ἔχεται
1093 4461 1120 4512 ὁ
1151 4461 1351 4530 στίχος,
1385 4460 1444 4514 ὃν
1479 4461 1578 4514 οὐκ
1612 4462 1850 4531 εὐλόγως
1897 4466 2016 4537 ἐρεῖ

2066 3181 2112 3240 C.

2672 3164 2795 3221 PSA
2807 3165 2896 3220 LM
2909 3165 2996 3221 US
3047 3165 3233 3222 CXLI.

2213 3261 2376 3318 Van.
2393 3260 2451 3314 2.
2476 3257 2614 3312 Voce
2643 3273 2758 3310 mea
2785 3258 2855 3310 ad
2889 3256 3174 3311 Dominum
3197 3259 3442 3325 clamavi,
3466 3276 3590 3315 voce
3613 3277 3734 3316 mea

2137 3356 2206 3409 ad
2243 3353 2525 3408 Dominum
2563 3348 2873 3414 deprecatus
2917 3365 3054 3411 sum,
3088 3360 3195 3405 etc.
3255 3350 3727 3416 Quemadmodum

2139 3447 2283 3518 ignis
2309 3453 2504 3498 natura
2544 3455 2764 3495 sursum
2805 3441 3000 3505 fertur,
3045 3442 3114 3495 ita
3139 3453 3194 3496 et
3221 3441 3354 3510 justi
3387 3459 3487 3497 vox
3527 3445 3595 3498 ad
3627 3447 3730 3499 Dn-

2137 3541 2345 3595 mimtm
2377 3539 2604 3604 clamat,
2636 3549 2692 3594 et
2739 3537 3146 3606 quodammodo
3193 3538 3366 3606 ipsum
3424 3537 3618 3593 invitat
3664 3552 3725 3594 ut

2135 3632 2376 3701 prmbeat
2400 3647 2463 3685 ea
2490 3633 2690 3700 qui-bus
2719 3629 2843 3699 quis
2882 3642 3018 3696 opus
3043 3628 3204 3683 habet
3239 3644 3268 3681 a
3305 3627 3434 3683 Deo.

2209 3722 2368 3777 Vens.
2408 3723 2463 3778 5.
2517 3722 2806 3792 ΕΙῙιιηάωη
2858 3721 2912 3773 in
2953 3729 3232 3788 conspectu
3281 3721 3398 3790 ejus
3429 3720 3724 3775 orationem

2133 3831 2322 3876 meam,
2350 3825 2396 3868 et
2423 3814 2816 3867 tribulationem
2841 3827 3011 3865 meam
3039 3821 3163 3866 ante
3183 3812 3352 3881 ipsum
3372 3814 3723 3876 armantiabo,

2131 3914 2235 3958 etc.
2274 3905 2375 3970 Qui
2407 3903 2520 3958 sola
2561 3919 2751 3972 magna
2781 3912 2836 3956 et
2862 3901 3106 3956 cmlestia
3142 3901 3401 3971 postulat,
3442 3911 3495 3957 et
3523 3904 3723 3973 spiritu

2129 4011 2271 4051 novo
2303 4005 2456 4060 orat,
2495 4011 2616 4050 cum
2649 3995 2845 4049 fiducia
2879 4008 3098 4062 precem
3133 4009 3288 4047 suam
3333 3994 3386 4047 in
3423 4006 3722 4064 conspectu

2128 4090 2221 4144 Dei
2249 4087 2500 4152 effundit,
2545 4087 2678 4142 nihil
2713 4087 2838 4152 vile,
2878 4087 3014 4142 nihil
3049 4097 3206 4156 turpe
3243 4087 3295 4141 in
3331 4089 3508 4158 seipsa
3541 4089 3720 4143 conti-

2127 4193 2344 4238 nentem
2372 4201 2385 4236 :
2412 4182 2595 4252 qualia
2631 4192 2759 4236 sunt
2796 4183 2848 4236 in
2886 4180 3141 4252 precibus
3190 4195 3378 4234 eorum
3415 4181 3507 4250 qui
3545 4182 3715 4236 multa

2125 4275 2394 4330 blaterant
2415 4285 2469 4330 et
2506 4275 2726 4346 indigna
2765 4273 2876 4329 Deo
2899 4283 3112 4345 petunt,
3149 4272 3232 4328 vel
3260 4289 3354 4328 cas
3389 4289 3494 4328 non
3519 4289 3550 4330 e
3576 4291 3720 4345 puro

2124 4370 2289 4423 corde
2315 4366 2621 4425 effundunt.
2657 4368 2917 4421 Sanctam
2955 4366 3123 4435 igitur
3166 4366 3414 4421 continet
3450 4367 3710 4422 ﬁduciam

2123 4461 2212 4515 hic
2248 4475 2463 4526 versus,
2483 4475 2642 4530 quem
2670 4476 2775 4514 non
2809 4459 2967 4514 facile
2999 4458 3238 4529 proferet
3279 4471 3535 4528 peccator
3568 4475 3585 4521 ;
3619 4477 3709 4514 δρα

421 4546 452 4598 δ
481 4545 836 4618 ἁμαρτωλός·
863 4552 957 4603 και
988 4551 1077 4605 τὸν
1110 4527 1322 4623 ἑξῆς-δὲ
1347 4553 1375 4603 ὁ
1398 4555 1454 4607 ἐν
1488 4554 1650 4607 παντὶ
1679 4527 2012 4628 θλὲδόμενὲς,

2137 4563 2380 4621 tuentem
2412 4568 2537 4607 vero
2568 4554 2947 4622 pronuntiabit
2977 4554 3022 4608 is
3046 4552 3142 4623 qui
3175 4551 3226 4606 in
3261 4551 3706 4606 munibustribu-

421 4637 538 4691 ἀλλ’
570 4639 632 4692 οὐ
669 4642 1203 4714 στενοχωρούμενος,
1239 4645 1592 4717 καυχώμενος
1630 4648 1688 4701 ἐν
1721 4652 1840 4712 ταῖς
1883 4650 2016 4704 ὑπο-

2137 4655 2288 4710 atur,
2331 4647 2424 4698 sctl
2463 4661 2570 4699 non
2605 4645 2976 4715 angustiatur,
3022 4646 3132 4700 imo
3175 4644 3228 4698 iu
3257 4643 3709 4700 tribulationibus

423 4730 590 4800 μονὴν
621 4734 1122 4806 κατεργαζομέναις
1150 4735 1381 4807 Θλίψεσι,
1416 4737 1496 4809 τῷ
1523 4730 1726 4794 ὁδεύειν
1759 4741 1855 4812 τὴν
1893 4758 2014 4796 στε-

2119 4751 2242 4806 qua:
2273 4736 2593 4806 patientiam
2631 4747 2956 4804 Operantnr,
3005 4736 3296 4807 gloriatur,
3341 4750 3406 4788 eo
3434 4739 3580 4806 quod
3617 4737 3703 4791 in-

418 4824 517 4897 νὴν
577 4827 669 4880 καὶ
718 4826 1088 4901 τεθλιμμένην
1167 4830 1486 4900 ἀπάγουσαν
1541 4833 1634 4886 ἐπὶ
1702 4833 1799 4904 τὴν
1863 4834 2009 4908 ζωὴν

2137 4828 2274 4881 retlat
2315 4842 2414 4896 per
2451 4837 2657 4883 arctam
2689 4837 2744 4882 et
2786 4837 3070 4896 angustam
3111 4827 3254 4881 viam
3294 4844 3414 4898 quae
3455 4829 3604 4884 ducit
3633 4831 3706 4884 ad

417 4914 560 4969 ὁδόν.

499 5009 606 5062 Ἕν
627 5007 746 5075 ὀδῷ
776 5010 963 5078 ταύτῃ
988 5011 1026 5080 ᾖ
1059 5009 1438 5084 ἐπορευόμην
1466 5015 1746 5085 ἔκρυψαν
1784 5015 2007 5085 παγίδα

410 5120 532 5170 μοι,
567 5119 622 5154 κ.
653 5119 701 5154 τ.
727 5103 772 5155 ἐ.
809 5103 1020 5166 Πὰσαις
1048 5106 1094 5157 οἱ
1122 5105 1306 5177 ἐχθροὶ
1336 5106 1447 5177 (72)
1487 5106 1642 5177 ἡμῶν
1681 5107 2005 5160 ἐπιϐουλεύ-

2115 4920 2300 4972 vitam.

2183 5009 2351 5066 Vens.
2376 5011 2430 5065 4.
2465 5009 2527 5064 In
2566 5012 2646 5066 ria
2668 5011 2767 5066 hac
2791 5027 2896 5083 qua
2930 5011 3272 5066 ambulabant
3312 5012 3697 5069 absconderum

2109 5102 2352 5172 laqueum
2379 5105 2530 5167 mihi,
2554 5104 2940 5160 ctc.0mnibus
2971 5105 3488 5162 virtutibusinimici
3525 5109 3699 5162 nostri

414 5211 533 5247 ουσι
570 5197 690 5259 ταῖς
719 5197 972 5267 ἀρεταῖς
1006 5197 1102 5251 καὶ
1132 5202 1191 5252 ὲν
1223 5201 1321 5270 μὲν
1354 5202 1421 5272 τῇ
1451 5199 1673 5271 ἀνδρείᾳ
1704 5199 2005 5272 κρύπτουσι

2137 5197 2463 5251 nsidiantur.
2517 5197 2572 5250 In
2633 5199 2953 5253 fortitudine
3039 5200 3351 5256 timiditatis
3447 5202 3692 5272 laqueum

410 5285 508 5358 τὴν
537 5286 636 5357 τῆς
662 5287 862 5352 δειλίας
893 5290 1115 5358 παγίδα,
1153 5292 1248 5344 καὶ
1288 5294 1345 5344 ὲν
1373 5293 1437 5362 τῇ
1475 5293 1739 5363 πραότητι
1795 5293 2002 5362 ἐμϐἀλο

2108 5291 2476 5354 abscondunt,
2508 5294 2560 5342 in
2603 5291 3025 5346 mansuetudine
3083 5292 3364 5345 audaciam
3421 5291 3690 5360 injiciunt,

410 5395 559 5432 Αουσι
586 5380 686 5452 τὴν
703 5379 1040 5452 Θρασύτητα,
1070 5382 1164 5435 καὶ
1197 5383 1254 5436 ἐν
1282 5385 1347 5453 τῇ
1406 5383 1744 5454 ἐλεημοσύνη
1803 5383 1864 5435 τὸ
1920 5383 1997 5455 μὴ

2143 5393 2342 5452 antque
2366 5398 2584 5451 operam
2616 5393 2674 5438 ut
2697 5400 2819 5438 cum
2853 5385 2909 5438 lit
2936 5384 3307 5456 eleetnosyua,
3337 5403 3441 5440 non
3469 5398 3695 5458 propter

406 5471 494 5526 ns
528 5471 618 5525 τὸν
649 5471 803 5537 Θεδν,
831 5472 967 5528 ἀλλὰ
1003 5475 1092 5529 διὰ
1123 5475 1248 5541 τοὺς
1277 5476 1520 5548 ὁρῶντας
1571 5477 1740 5530 ἐλεεῖν
1759 5495 1772 5506 ·
1807 5478 1901 5532 καὶ
1939 5482 1998 5533 ἐν

2137 5480 2301 5541 tcum,
2330 5478 2427 5531 sed
2456 5487 2679 5546 propter
2703 5475 2950 5531 videntes
2985 5476 3118 5546 flat;
3147 5487 3204 5532 et
3233 5492 3353 5532 cum
3385 5476 3690 5552 jejunatut,

475 5592 521 5624 ³⁵
551 5591 588 5646 ll
616 5593 740 5646 Cor.
775 5593 935 5657 tt,l5.

473 5686 586 5752 (69)
634 5687 876 5752 Τούτου,
903 5699 1013 5744 etc.
1048 5689 1198 5744 lstud
1223 5688 1471 5746 scholion
1503 5703 1712 5744 necnon
1749 5690 1855 5746 duo
1885 5707 1978 5748 se-

401 5758 705 5881 gtieu‘i‘tiabin
735 5759 874 5813 hunc
899 5759 1164 5829 psalmum
1193 5759 1496 5832 fragmenta
1528 5761 1788 5818 exhibent
1810 5763 1981 5820 Sche-

437 5842 482 5880 a:
539 5842 620 5879 .ra
667 5844 722 5881 ιι.

2164 5690 2279 5830 (Ἶθζ
2316 5690 2414 5756 Ὣς
2441 5691 2652 5758 φύσιν,
2685 5699 2792 5744 etc.
2823 5660 3028 5747 Catena
3059 5691 3327 5750 Corderii.

2164 5762 2242 5830 (7|
2310 5760 2373 5814 '0
2393 5763 2569 5830 μόνα,
2598 5771 2706 5815 ctc.
2735 5761 2955 5814 Eadem.

2162 5760 2274 5831 (7|)
2310 5760 2373 5814 '0
2393 5763 2569 5831 μόνα,
2598 5771 2706 5815 ctc.
2735 5761 2955 5814 Eadem.

2160 5830 2272 5905 (72)
2299 5830 2530 5897 Uticam
2552 5834 2605 5884 oi
2631 5831 2856 5902 ἐχθροί,
2884 5842 2991 5888 etc.
3029 5831 3257 5890 Sclteda
3285 5830 3494 5893 Grahii.
