4106 6412
401 5680 417 5709 φ

446 340 578 395 1671

1885 340 1970 400 [Χ
2006 334 2311 401 οιιιαιζκκ
3587 356 3728 409 una

442 465 529 507 est
557 453 890 519 vanitatem,
925 465 1146 524 propter
1168 472 1365 525 pravas
1398 473 1526 512 vero
1549 461 1794 514 actiones
1818 464 2034 517 dextera

2142 464 2372 533 ἑλάλησε
2420 465 2477 517 τὺ
2525 467 2694 537 στόμα
2725 469 3078 539 ματαιότητα,
3135 468 3222 523 διὰ
3263 468 3319 522 δὲ
3362 470 3460 533 τὰς
3499 470 3730 541 πράξεις

440 559 636 600 eorum
672 550 900 601 dextera
952 547 1117 618 842
1179 550 1489 619 iniquitatis
1532 564 1635 606 est.
1677 553 1797 607 Filii
1851 565 2031 608 autem

442 637 606 691 alieni
637 640 950 693 existimant
977 641 1156 708 aliqua
1182 654 1303 695 esse
1335 642 1581 705 dextera,
1620 659 1742 710 qua:
1767 654 1893 699 sunt
1928 644 2034 698 ini-

444 730 694 798 quitatis.
717 730 1059 799 Quapropter
1095 732 1262 786 etiam
1295 734 1551 789 diabolus
1598 744 1705 789 stat
1737 751 1768 789 a
1798 734 2036 792 dexteris

444 836 657 881 eorum,
693 821 766 872 uti
796 832 849 874 et
880 820 1053 874 .lndze.

519 910 799 978 Ejusdem.
852 913 1029 966 Etiam
1090 915 1351 982 propheta
1395 916 1525 969 dicit
1560 916 1651 969 “z
1690 936 1707 967 ι
1757 916 2038 972 Verumta-

444 1018 567 1055 men
585 1001 853 1068 judicium
880 1005 1070 1074 loquar
1088 1010 1155 1059 ad
1190 1015 1261 1058 te.
1288 1007 1427 1072 Quid
1456 1009 1707 1076 estquod
1740 1010 1821 1062 via
1849 1011 2039 1078 impio-

446 1113 567 1150 rum
609 1100 1009 1167 prosperatur?
1047 1119 1063 1151 ι
1105 1099 1170 1152 Et
1211 1116 1404 1153 rursus
1444 1101 1833 1154 Davidait“:t
1870 1101 2039 1157 Paulo

444 1190 624 1243 minus
645 1188 801 1244 eﬁ'usi
828 1202 957 1246 sunt
984 1207 1204 1261 gressus
1232 1193 1364 1255 mei,
1394 1192 1519 1260 quia
1542 1192 1712 1247 zelavi
1740 1208 1905 1263 super
1934 1195 2037 1249 ini—

443 1297 604 1349 quos,
640 1298 827 1351 pacem
861 1294 1215 1351 peccatorum
1247 1284 1496 1337 videns.»

520 1374 684 1432 Vsus.
717 1376 773 1430 9.
809 1375 1244 1440 Deus,canticum
1294 1393 1485 1429 novum
1518 1376 1739 1429 cantabo
1774 1377 1889 1440 tibi,
1930 1386 2036 1433 etc.

444 1463 547 1530 Qui
580 1466 788 1521 Novum
814 1466 1230 1521 Testamentum
1261 1469 1569 1531 constituit,
1602 1469 1646 1522 is
1682 1484 1879 1522 novum
1911 1485 2040 1524 can-

447 1557 615 1609 ticqu
652 1557 760 1610 Deo
789 1558 938 1611 cauit
969 1574 983 1611 :
1020 1557 1103 1611 vel
1137 1558 1229 1626 qui
1266 1574 1467 1613 novum
1502 1574 1700 1628 panem
1754 1559 1888 1612 Novi
1933 1559 2039 1613 Te-

447 1649 734 1713 stameuti,
770 1658 825 1704 et
870 1650 1092 1703 calicem
1125 1664 1153 1701 a
1185 1648 1312 1704 Jesu
1359 1649 1414 1703 in
1450 1650 1555 1704 hoc
1597 1660 1817 1705 terreno
1858 1666 2041 1707 cama-

444 1740 573 1795 eulo
601 1756 697 1795 acc
722 1741 831 1810 pit.

521 1833 683 1888 Vens.
717 1835 803 1888 12.
863 1834 1102 1899 Quorum
1127 1833 1225 1901 [iiii
1258 1833 1395 1885 sicut
1428 1834 1643 1887 novetur:
1666 1834 2038 1902 plantationes,

442 1924 793 1979 constabilitw
830 1925 883 1978 in
901 1924 1174 1993 juventute
1195 1942 1321 1985 sua,
1357 1933 1463 1978 etc.
1508 1924 1660 1979 Illius
1692 1926 1911 1994 quidem
1945 1929 2036 1998 qui

444 2026 665 2086 propter
701 2018 949 2070 timorem
978 2016 1188 2069 Domini
1227 2017 1421 2071 beatus
1445 2027 1548 2079 est,
1581 2018 1674 2070 lilii
1705 2028 1830 2071 sunt
1854 2036 1870 2068 :
1901 2020 2042 2072 sicut

444 2112 669 2164 novellae
691 2111 954 2163 olivarum
977 2109 1026 2160 in
1059 2108 1291 2161 circuitu
1320 2123 1519 2162 mensae
1537 2109 1582 2140 δ’
1616 2128 1634 2160 ι
1657 2110 1807 2177 ejus;
1832 2109 2035 2163 alieno-

444 2217 565 2255 rum
600 2217 730 2257 vero
771 2204 1004 2256 ﬁliorum
1039 2203 1134 2257 ﬁlii
1172 2211 1303 2257 sunt
1332 2219 1350 2252 ι
1391 2201 1531 2254 sicut
1560 2200 1784 2254 novella:
1828 2201 2039 2269 planta-

444 2295 621 2348 tiones
663 2295 1021 2349 constabiline
1078 2297 1129 2348 in
1188 2294 1477 2363 iuventute
1518 2308 1637 2345 sua.
1674 2312 1693 2340 ι
1731 2293 1907 2361 Atque
1961 2293 2036 2347 illi

443 2387 665 2457 quidem
701 2387 864 2442 nulla:
892 2399 1023 2441 sunt
1061 2388 1218 2451 ﬁlia};
1273 2387 1357 2440 his
1389 2401 1518 2441 vero
1550 2389 1892 2456 compositm,
1929 2386 2039 2439 cir-

440 2492 774 2535 cumornatm
807 2482 949 2535 sicut
975 2480 1280 2535 similitudo
1318 2478 1529 2550 templi.
1584 2480 1767 2549 Atque
1804 2478 1879 2532 illi
1914 2478 2036 2547 qui-

441 2572 562 2624 dem
594 2579 720 2623 sunt
754 2570 847 2624 lilii
877 2570 1139 2633 ﬁliorum,
1170 2570 1255 2623 his
1283 2577 1465 2623 autem
1499 2583 1628 2622 non.
1660 2568 1928 2622 Praeterea
1961 2568 2035 2622 illi

440 2661 656 2730 quidem
690 2677 796 2716 non
841 2670 927 2715 est
968 2660 1409 2729 promptuarium
1454 2673 1628 2728 neque
1663 2659 1985 2728 penuarimn
2018 2675 2032 2720 ;

442 2755 633 2807 horum
686 2762 869 2807 autem
915 2770 934 2804 ι
981 2752 1352 2821 promptuaria
1396 2750 1578 2820 plena,
1624 2748 1930 2803 eructantia
1972 2763 2037 2803 ex

445 2846 547 2899 hoc
583 2847 635 2899 in
659 2845 810 2899 illud.
844 2865 864 2899 ι
904 2843 1069 2899 Juxta
1108 2843 1463 2913 Evangelitnu
1487 2856 1703 2911 quoque
1733 2840 2040 2896 volatilibus

441 2937 589 3002 caeli,
614 2952 734 3005 qua
762 2949 791 2988 a
824 2936 1038 2991 ccelesti
1074 2933 1239 2987 Patre
1266 2945 1582 3003 pascuntur,
1609 2949 1715 2987 non
1747 2942 1826 2987 est
1861 2946 2042 3001 prom—

442 3030 745 3096 ptuaritnu,
786 3042 964 3095 neque
1001 3027 1284 3079 horreum.
1320 3024 1387 3078 Et
1416 3040 1603 3079 rursus
1639 3025 1722 3078 his
1753 3034 1880 3077 sunt
1910 3039 2039 3077 OVt'S

2141 559 2383 629 πονηρὰς
2415 559 2616 629 ἡδεξιὰ
2646 560 2824 613 αὐτῶν
2854 559 3005 625 δεξιά
3028 563 3261 626 ἀδικίας.
3294 565 3356 614 Oi
3383 562 3653 635 ἀλλότριοι
3672 565 3732 616 δὲ

2137 647 2247 699 υἱοὶ
2272 647 2473 701 οἴονταί
2505 666 2627 701 τινα
2660 646 2798 703 εἶναι
2832 650 3004 717 δεξιὰ,
3040 652 3199 704 ἅτινα
3229 652 3443 716 ἀδικίας
3470 655 3619 705 ἐστί’
3647 644 3734 707 διδ

2139 739 2236 790 καὶ
2272 741 2299 791 6
2323 739 2567 803 διάϐολος
2597 742 2813 795 ἵσταται
2857 745 2919 795 ἐκ
2952 742 3142 808 δεξιῶν
3176 743 3384 807 αὐτῶν,
3409 745 3485 808 ὡς
3509 746 3605 797 καὶ
3633 744 3731 797 τοῦ

2151 831 2343 884 Ἰούδα.

2220 924 2330 977 Τοῦ
2354 923 2560 978 αὐτοῦ.
2581 923 2689 977 Καὶ
2705 925 2733 976 6
2756 925 3041 994 προφήτης
3068 924 3177 993 (90)
3197 922 3362 994 φησι·
3396 942 3415 973 ι
3438 920 3582 991 Πλὴν
3604 910 3698 990 κρί
3714 940 3731 960 ι

2144 1032 2221 1083 μα
2257 1014 2473 1086 λαλήσω
2507 1015 2643 1085 πρὸς
2674 1014 2733 1067 σέ
2752 1031 2767 1044 ι
2800 1015 2856 1066 τί
2881 1018 2960 1068 ὅτι
2983 1016 3100 1079 ὁδὸς
3121 1015 3332 1068 ἀσεϐῶν
3354 1013 3663 1076 εὐοδοῦταις
3706 1029 3729 1063 ι

2140 1106 2253 1159 Καὶ
2289 1106 2448 1158 πάλιν
2472 1108 2501 1158 6
2525 1104 2687 1158 Δαυῖδ
2716 1122 2881 1175 φησι·
2930 1124 2948 1156 ι
2998 1107 3134 1176 Παρ’
3170 1104 3349 1171 ὀλίγον
3403 1102 3636 1173 ἐξεχύθη
3659 1104 3732 1155 τὰ

2140 1194 2455 1266 διαδήματά
2484 1212 2609 1264 μου,
2651 1196 2733 1249 ὅτι
2779 1195 3032 1266 ἐζήλωσα
3068 1195 3160 1247 ἐπὶ
3188 1198 3298 1259 τοῖς
3321 1196 3544 1266 ἀνόμοις
3573 1198 3732 1267 εξρὴ-

2142 1303 2241 1356 νην
2263 1286 2600 1357 ἁμαρτωλῶν
2628 1286 2788 1357 ὀρῶν.
2831 1305 2847 1335 ι

2226 1378 2289 1431 ’0
2330 1376 2682 1445 Θεύςμρδὴν
2713 1377 2931 1444 καινὴν
2960 1376 3183 1446 ᾆσομαί
3211 1394 3311 1431 σοι
3333 1417 3348 1439 ,
3391 1395 3447 1430 κ.
3486 1395 3539 1429 τ.
3572 1378 3621 1429 ὲ.
3672 1376 3734 1429 Ὀ

2142 1468 2241 1539 τὴν
2276 1467 2464 1539 καινὴν
2499 1468 2610 1538 (91)
2651 1469 2924 1539 Διαθήκην
2957 1468 3329 1539 διατιθέμενος
3353 1510 3369 1530 ,
3399 1470 3500 1539 τὴν
3539 1468 3734 1539 καινὴν

2142 1559 2291 1630 ᾠδὴν
2322 1559 2438 1629 ᾅδει
2461 1558 2538 1629 τῷ
2572 1558 2717 1628 Θεῷο
2761 1558 2793 1628 ἢ
2823 1562 2850 1612 ὁ
2884 1559 2973 1611 τὸν
3001 1558 3184 1611 καινὸν
3208 1559 3371 1630 ἄρτον
3401 1560 3503 1631 τῆς
3537 1561 3737 1630 καινῆς

2143 1650 2441 1721 Διαθήκης,
2487 1652 2581 1703 καὶ
2615 1651 2676 1704 τὸ
2717 1650 2975 1721 ποτήριον
3015 1649 3125 1703 ἀπὸ
3170 1649 3265 1703 τοῦ
3319 1650 3494 1723 Ἰησοῦ
3552 1652 3611 1703 ὲν
3655 1650 3734 1723 τῷ

2143 1740 2399 1810 ἀνωγαίῳ
2433 1738 2637 1795 λαϐὼν.

2212 1826 2394 1885 Ὧνοὶ
2425 1832 2539 1885 υἱοὶ
2562 1833 2643 1898 ὡς
2675 1834 2939 1900 νεόφυτα
2972 1832 3258 1902 ἱδρυμένα
3290 1833 3361 1886 ἐν
3388 1832 3464 1901 τῇ
3494 1834 3736 1900 νεότητι

2138 1922 2362 1986 αὐτῶν,
2414 1939 2469 1975 κ.
2511 1927 2561 1974 ετ.
2606 1924 2651 1976 ὲ.
2685 1921 2793 1975 Τοῦ
2832 1922 2929 1993 μὲν
2957 1922 3046 1975 διὰ
3074 1924 3135 1975 τὸ
3164 1923 3274 1994 (92)
3313 1918 3599 1991 φοϐεῖσθαι
3642 1923 3737 1976 τὸν

2139 2015 2345 2085 Κύριον
2406 2015 2675 2086 μακαρίου
2737 2016 2786 2068 οἱ
2850 2016 2954 2068 υἱοὶ
3014 2035 3031 2066 t
3080 2016 3213 2069 ὡσεὶ
3250 2016 3487 2084 νεόφυτά
3530 2035 3546 2065 ι
3594 2017 3737 2068 εἰσιν

2145 2126 2164 2158 ι
2200 2107 2397 2160 ἐλαιῶν
2424 2106 2611 2175 κύκλῳ
2629 2108 2728 2179 τῆς
2753 2108 3029 2178 τραπέζης
3069 2126 3087 2158 ιι
3127 2107 3291 2161 αὐτοῦ
3310 2124 3326 2139 ⁸
3362 2106 3470 2159 τῶν
3499 2107 3557 2159 δὲ
3588 2106 3738 2159 ἀλλο-

2136 2203 2305 2274 τρίων
2328 2201 2459 2255 υἱῶν
2479 2203 2526 2255 οἱ
2550 2202 2656 2254 υἱοὶ
2674 2219 2691 2251 t
2712 2201 2787 2264 ὡς
2812 2201 3041 2269 νεόφυτα
3065 2200 3323 2271 ἱδρυμένα
3339 2202 3395 2252 ὲν
3422 2203 3488 2271 τῇ
3518 2200 3737 2271 νεότητι

2138 2294 2341 2348 αὐτῶν.
2371 2314 2388 2345 ι
2410 2294 2664 2364 Κάκείνῳ
2687 2294 2782 2364 μὲν
2802 2289 2894 2347 οὖν
2918 2296 3018 2346 οὐκ
3042 2294 3146 2346 εἰσὶ
3170 2293 3495 2363 θυγατέρες,
3519 2291 3737 2355 τούτοις

2138 2387 2197 2439 δὲ
2227 2384 2765 2455 κεκαλλωπισμέναι,
2793 2384 3337 2455 περικεκοσμημὲναι
3368 2383 3442 2447 ὡς
3477 2385 3739 2455 ὁμοίωμα

2138 2476 2293 2531 ναοῦ.
2323 2477 2576 2546 Κάκείνῳ
2616 2476 2715 2547 μέν
2759 2478 2894 2529 εἰσιν
2930 2478 3034 2528 υἱοί
3069 2476 3218 2542 υἱῶν,
3256 2475 3464 2538 τούτοις
3493 2476 3551 2527 δὲ
3590 2476 3739 2545 οὐχί.

2143 2569 2269 2621 Ἔτι
2308 2567 2501 2638 ἐκείνῳ
2545 2567 2644 2638 μὲν
2694 2567 2794 2620 οὐκ
2837 2567 2951 2619 ἐστι
2998 2569 3220 2636 ταμεῖον
3269 2567 3396 2620 οὐδὲ
3445 2566 3737 2637 ἀποθήκην

2141 2660 2350 2714 τούτων
2377 2660 2433 2713 δὲ
2473 2676 2493 2709 ι
2528 2662 2729 2729 ταμεῐα
2754 2659 2935 2730 πλήρη
2954 2699 2968 2721 ,
3020 2659 3418 2729 ὲξερευγόμενα
3453 2662 3516 2712 ὲκ
3544 2661 3739 2712 τούτου

2142 2754 2225 2815 εἰς
2266 2750 2444 2805 τοῦτο.
2491 2769 2509 2799 ι
2548 2751 2658 2802 Καὶ
2680 2749 2820 2803 κατά
2847 2750 2908 2801 τὸ
2935 2749 3262 2818 Εὐαγγέλιον
3294 2750 3351 2803 δὲ
3387 2752 3500 2813 τοῖς
3542 2767 3741 2820 τρεφο-

2146 2844 2331 2914 μένοις
2361 2842 2466 2895 ὐπὺ
2489 2841 2582 2894 τοῦ
2610 2842 2860 2912 οὐρανίου
2897 2842 3108 2911 [ἰατρὸς
3141 2844 3411 2905 πετεινοῖς
3440 2840 3535 2894 τοῦ
3568 2843 3740 2912 οὐρα-

2142 2934 2237 2988 νοῦ
2259 2934 2359 2987 οὐκ
2381 2933 2495 2986 ἐστι
2523 2934 2768 3003 ταμιεῖον
2792 2933 2909 2988 οὐδὲ
2946 2933 3224 3004 ἀποθήκη.
3275 2932 3386 2987 Καὶ
3416 2932 3579 2987 πάλιν
3613 2933 3743 2985 τοῦδ

2142 3045 2256 3091 τοις
2290 3028 2407 3081 ἐστὶ
2442 3027 2690 3097 πρόϐατα
2721 3023 2992 3077 πολυτόκα
3039 3025 3375 3094 πληθύνοντα
3408 3026 3510 3079 οὐκ
3542 3027 3603 3079 ὲν
3645 3029 3744 3083 ἄλο

440 3118 627 3175 ῑθιοειιι
662 3120 1029 3184 abundantes,
1070 3135 1175 3172 non
1213 3119 1265 3170 in
1299 3116 1420 3171 aliis
1456 3132 1617 3186 quam
1652 3117 1704 3170 itt
1732 3117 2034 3185 egressibus

2144 3118 2259 3183 λοις
2310 3119 2454 3173 τισὶν
2482 3119 2517 3190 ἢ
2560 3120 2681 3181 ταῖς
2726 3117 2928 3181 ἐξόδοις
2973 3117 3173 3181 αὐτῶν,
3223 3118 3315 3171 καὶ
3354 3117 3476 3187 βόες
3517 3123 3739 3190 παχεῖς,

443 3214 576 3277 suis,
634 3223 687 3267 et
721 3214 887 3267 boves
936 3227 1138 3267 crassm
1171 3210 1360 3279 quales
1409 3220 1567 3265 erant
1618 3211 1673 3263 in
1707 3207 2031 3279 Egyptiaca

444 3305 831 3374 prosperitate.

512 3398 679 3454 Vnus.
708 3398 795 3453 15.
829 3397 1051 3451 Beatum
1076 3396 1321 3452 dixerunt
1359 3396 1608 3464 populant
1636 3397 1724 3449 cui
1750 3398 1865 3449 Ita’c
1891 3404 2034 3458 sunt,

442 3502 551 3547 etc.
585 3492 903 3561 lniquorum
935 3492 1212 3545 beatitudo
1241 3492 1347 3545 vita
1378 3500 1461 3544 cs:
1486 3490 1633 3542 luctu
1667 3502 1863 3543 carens
1893 3488 2036 3539 mul-

445 3587 623 3654 tisque
650 3584 856 3639 divitiis
897 3583 1141 3650 referta;
1183 3582 1459 3650 justornm
1509 3593 1690 3634 autent
1745 3579 2036 3634 beatitudo

444 3687 529 3730 est
567 3677 763 3730 anitum
815 3687 988 3729 status
1032 3675 1503 3743 perturbationum
1548 3687 1741 3741 expers
1771 3680 1825 3724 et
1855 3670 2037 3740 cogni-

449 3768 581 3822 tioni
624 3768 714 3823 Dei
741 3768 1087 3837 conjuncttts.

2040 3880 2111 3897 ﬂ

941 3946 1266 4000 PSALMUS
1310 3944 1541 3999 CXLIV.

514 4041 680 4097 Vsus.
732 4042 779 4094 Ι.
816 4039 1077 4093 Exaltabo
1124 4049 1193 4103 te,
1232 4037 1370 4089 Deus
1423 4043 1589 4095 mens,
1626 4048 1732 4089 etc.
1766 4036 2036 4090 Exaltatio

445 4134 708 4202 spiritalis
737 4142 820 4186 est
857 4132 1156 4202 gratiarum
1191 4130 1334 4184 actin
1374 4145 1535 4199 quam
1569 4144 1719 4182 mens
1749 4144 1886 4197 pura
1915 4131 2035 4181 red-

441 4228 521 4282 dit
549 4230 616 4281 ob
649 4228 884 4296 prmstita
912 4225 1014 4279 sibi
1051 4240 1079 4277 a
1109 4223 1221 4278 Deo
1254 4223 1541 4277 beneﬁcia.

518 4319 624 4373 Per
651 4318 884 4387 singulos
920 4320 1031 4371 dies
1067 4317 1368 4370 benedicam
1408 4318 1537 4380 tibi,
1564 4300 1669 4369 ct‘c.
1705 4314 1876 4368 Etiam
1905 4328 2028 4368 cum

444 4412 498 4467 in
541 4410 796 4481 periculis
848 4420 901 4463 et
942 4409 1335 4463 tcutatiouibus
1368 4410 1540 4470 fuero,
1599 4405 1917 4461 benedicam
1951 4416 2023 4470 to,

444 4503 645 4570 inquit,
676 4500 923 4564 Domine,
959 4499 1015 4555 id
1048 4509 1131 4554 est
1157 4508 1438 4567 perpetuo.
1495 4498 1706 4552 Etenim
1738 4495 2030 4548 multorum

2140 3214 2317 3267 ὁποῖοι
2339 3213 2389 3265 oi
2420 3210 2521 3282 τῆς
2546 3210 2852 3278 Αἰγυπτίας
2884 3208 3157 3281 εὐθηνίας.

2227 3390 2627 3463 Ἑμακάρισαν
2666 3387 2774 3442 τὸν
2819 3380 3044 3454 λαὸνῷ
3075 3387 3262 3445 ταῦτὰ
3285 3389 3439 3451 ἐστι,
3494 3406 3550 3442 κ.
3592 3408 3645 3444 τ.
3682 3392 3736 3446 ἃ.

2144 3483 2501 3555 Μακαριότης
2533 3482 2643 3551 (95)
2667 3479 2868 3534 ἀδίκων
2891 3480 3010 3532 ἐστὶ
3031 3479 3144 3548 βίος
3167 3480 3407 3551 ἀπενθὴς
3436 3482 3577 3552 μετά
3601 3500 3744 3555 χρη-

2148 3577 2335 3649 μάτων
2366 3572 2575 3626 πολλῶν
2596 3589 2610 3602 ο
2646 3571 2868 3625 δικαίων
2897 3571 2953 3623 δὲ
2984 3573 3322 3643 μακαριότης
3359 3573 3601 3635 ἀπάθεια
3636 3575 3740 3645 tu-

2145 3669 2248 3739 χῆς
2274 3664 2415 3736 μετά
2439 3662 2692 3733 γνώσεως
2723 3662 2880 3715 Θεοῦ.

2684 3927 2975 3985 ΨΑΛΜΟΣ
3023 3929 3198 3981 PMA'.

2228 4022 2481 4095 ’Υψώσω
2515 4040 2589 4077 σε
2616 4063 2631 4084 ,
2674 4026 2705 4076 ό
2735 4024 2880 4086 Θεός
2905 4039 3047 4090 μου,
3076 4040 3130 4075 κ.
3162 4040 3211 4076 τ.
3252 4023 3299 4075 ἐ.
3337 4024 3586 4094 Ὕψωσις
3621 4027 3739 4095 (94)

2141 4115 2489 4189 πνευματική
2536 4115 2683 4167 ἐστιν
2727 4114 3045 4183 εὐχαριστία
3076 4112 3169 4166 νοῦ
3198 4114 3441 4186 καθαροῦ
3484 4116 3578 4170 ἐπὶ
3618 4122 3741 4183 τοῖς

2139 4212 2414 4280 συμϐᾶσιν
2452 4207 2600 4277 αὐτῷ
2628 4206 2778 4278 παρὰ
2799 4204 2893 4257 τοῦ
2929 4205 3064 4257 Θεοῦ
3097 4207 3339 4273 ἀγαθοῖς.

2206 4304 2349 4358 Καθ’
2367 4299 2637 4364 ἑκάστην
2656 4297 2885 4367 ἡμέραν
2901 4296 3319 4366 εὐλογήσωσε,
3332 4317 3383 4351 κ.
3401 4317 3450 4353 τ.
3470 4301 3515 4354 ὲ.
3534 4282 3645 4355 Ka‘:
3677 4304 3738 4354 ἐν

2137 4392 2493 4467 περιστάσεσι
2538 4390 2651 4458 (95)
2705 4390 2796 4442 καὶ
2846 4389 3174 4459 πειρασμοῖς
3216 4387 3290 4441 ὢν
3332 4390 3613 4460 εὐλογήσω
3644 4410 3730 4453 σε,

2136 4486 2291 4557 φησι,
2326 4483 2531 4554 Κύριεο
2582 4480 2832 4534 τουτέστι
2873 4478 3159 4549 διηνεκῶς.
3215 4480 3326 4533 Καὶ
3369 4482 3478 4554 γὰρ
3521 4481 3737 4536 πολλῶν

442 4594 493 4648 ei
524 4593 798 4647 debitores
824 4608 1032 4657 sumus,
1077 4593 1220 4661 quod
1256 4594 1493 4644 nondum
1526 4589 1859 4642 exsisteutes
1890 4584 2032 4637 fece-

2139 4581 2307 4648 ὲσμεν
2359 4574 2640 4643 ὀφειλέται
2680 4572 2851 4643 αὐτῷ,
2894 4572 2974 4624 ὅτι
3010 4571 3111 4624 οὐκ
3138 4570 3298 4635 ὄντας
3340 4574 3621 4646 ἐποίησεν,
3652 4576 3739 4627 ὅτι

444 4685 536 4748 rit,
575 4684 716 4752 quod
742 4683 873 4737 tales
896 4683 1159 4745 elfecerit,
1186 4682 1329 4751 quod
1364 4682 1537 4735 factos
1560 4677 1862 4737 contineat,
1890 4674 2034 4743 quod

444 4791 541 4844 per
580 4778 822 4847 singulos
846 4777 962 4831 dies
994 4775 1153 4830 nobis
1177 4774 1462 4843 provideat
1495 4780 1603 4824 tant
1629 4766 1843 4837 publice
1873 4780 2033 4834 quam

445 4870 719 4938 privatim,
753 4880 860 4924 tam
890 4870 1026 4923 clam
1054 4884 1216 4938 quam
1266 4865 1466 4935 palam,
1503 4864 1672 4916 etiam
1699 4875 1821 4913 cum
1857 4860 2033 4913 nesei-

447 4980 585 5019 mus.
632 4962 745 5016 Non
795 4973 1018 5032 propter
1067 4976 1130 5015 ea
1174 4970 1354 5013 autem
1400 4965 1615 5010 tantunt
1669 4951 1921 5005 convenit
1975 4961 2033 5005 ιιι

443 5065 703 5124 perpetuo
735 5055 948 5109 laudem
984 5053 1103 5122 ejus
1132 5051 1512 5109 coneiuamus,
1548 5044 1640 5098 sed
1687 5042 1854 5096 etiam
1899 5055 2028 5108 pro—

442 5160 564 5218 pter
599 5149 1030 5218 magnitudincm
1066 5143 1255 5210 gloriae
1290 5138 1482 5208 ipsius,
1520 5144 1741 5206 propter
1770 5133 2024 5186 substan-

444 5243 571 5294 tiam
623 5238 986 5308 eorrttptioais
1024 5244 1327 5303 expertem.
1361 5230 1573 5283 Etenim
1609 5234 1896 5296 propterea
1926 5224 2020 5277 de-

442 5336 599 5389 betur
630 5331 794 5404 853
824 5333 871 5385 ei
906 5346 932 5382 a
971 5329 1128 5381 nobis
1154 5325 1270 5379 laus
1298 5334 1353 5378 et
1379 5322 1704 5383 benedictio,
1733 5327 1789 5371 ct
1833 5329 2027 5383 perpe-

446 5437 533 5479 tua
587 5427 886 5496 gratiarum
946 5421 1131 5483 actio,
1183 5415 1482 5473 etcnltus,
1547 5421 1600 5466 et
1662 5408 2027 5462 ministerium

2137 4670 2412 4732 τοιούτους
2447 4667 2758 4738 εἰργάσατο,
2818 4667 2902 4719 ὅτι
2946 4664 3275 4735 γενομένους
3311 4665 3616 4738 διακρατεί,
3651 4668 3738 4720 δτι

2133 4762 2257 4818 καθ’
2312 4760 2555 4830 ἑκάστην
2601 4760 2821 4829 προνοεί
2870 4757 2969 4821 τὴν
3016 4755 3229 4826 ἡμέραν
3285 4758 3379 4809 καὶ
3426 4761 3577 4828 κοινῇ
3641 4763 3741 4812 καὶ

2137 4856 2265 4925 ἰδίᾳ,
2325 4853 2420 4906 καὶ
2465 4851 2638 4921 λάθρα
2680 4850 2773 4901 καὶ
2811 4846 3081 4919 φανερῶς,
3130 4848 3226 4900 καὶ
3252 4849 3355 4902 οὐκ
3379 4850 3620 4904 εἰδότων.
3658 4854 3739 4903 Οὐ

2132 4948 2223 5002 διὰ
2247 4945 2423 4999 ταῦτα
2455 4944 2512 4997 δὲ
2546 4942 2705 5013 μόνον
2737 4936 2887 4994 αἶνον
2918 4940 3065 5011 ᾄδειν
3098 4939 3390 5003 διαπαντὸς
3433 4943 3737 5013 προσῆκεν,

2138 5038 2277 5092 ἀλλά
2307 5036 2403 5089 καὶ
2433 5033 2524 5088 διὰ
2555 5033 2616 5085 τὸ
2654 5032 2934 5102 μεγαλεῖον
2975 5032 3073 5102 τῆς
3105 5030 3265 5103 δόξης
3298 5031 3487 5095 αὐτοῦ,
3517 5032 3606 5086 διά
3636 5035 3740 5104 τὴν

2139 5129 2418 5197 ἀκήρατον
2475 5123 2683 5176 οὐσίαν.
2736 5122 2844 5175 Καὶ
2888 5121 2997 5192 γὰρ
3046 5120 3134 5174 διὰ
3190 5121 3397 5193 ταύτην
3459 5122 3741 5192 ὀφείλεται

2139 5218 2269 5289 παρ’
2295 5216 2452 5287 ήμῶν
2477 5212 2624 5283 αὐτῷ
2649 5208 2796 5277 αἶνος
2828 5215 2921 5268 καὶ
2955 5214 3198 5281 εὐλογία,
3238 5215 3333 5267 καὶ
3361 5213 3616 5285 διηνεκὴς
3642 5217 3740 5267 εὐε-

2136 5310 2417 5382 χαριστία,
2453 5308 2546 5361 καὶ
2581 5308 2826 5377 λατρεία,
2871 5307 2965 5360 καὶ
2996 5307 3240 5361 διακονία
3274 5308 3529 5378 συνεχής.
3563 5306 3743 5361 Τοῦτο

2140 5402 2271 5471 γοῦν
2301 5401 2433 5453 αὐτὸ
2453 5398 2628 5468 δηλῶν
2656 5402 2686 5450 6
2715 5399 3002 5470 ῐιςοφήτης
3035 5398 3339 5469 ἐπήγαγεν.

444 5523 738 5575 assiduum.
770 5518 883 5573 lloc
911 5518 1082 5585 ipsutn
1108 5528 1240 5581 ergo
1269 5509 1540 5579 Propheta
1566 5504 1884 5573 signiﬁcans
1909 5500 2207 5567 subiunxit.

478 5611 522 5642 ⁸ο
545 5610 745 5664 Jerem.
786 5623 885 5669 xu,
920 5607 970 5659 l.
1060 5603 1101 5635 “
1132 5602 1275 5659 Psal.
1309 5615 1489 5662 Lxxn,
1514 5596 1571 5660 ε,
1611 5595 1667 5649 5.

518 5703 630 5769 (90)
663 5701 772 5753 Καὶ
799 5705 831 5754 ό
860 5694 1194 5769 προφήτης,
1230 5705 1357 5769 ete._
1372 5690 1600 5769 Schedzc
1629 5686 1842 5769 Grabii.

521 5759 633 5839 i9")
678 5773 740 5822 ’0
772 5759 1160 5839 τὴνκᾰιιέήιέ,
1182 5779 1287 5820 etc.
1320 5764 1529 5839 Qatetta
1562 5759 1829 5812 tlorderii.

524 5834 636 5907 (ξιξ)
674 5840 780 5893 Τοῦ
806 5842 917 5905 μὲν
949 5838 1046 5889 διὰ
1077 5838 1165 5901 τό,
1196 5846 1302 5890 etc.
1337 5834 1561 5886 Eadem.

1745 5592 1789 5623 θ’
1816 5592 1957 5646 Psal.
1987 5605 2199 5651 cum,
2266 5592 2323 5640 5.

2213 5680 2323 5749 (95)
2353 5678 2751 5745 Μακαριότης,
2776 5686 2879 5749 etc.
2918 5674 3143 5749 St'ltetitc
3178 5673 3392 5730 Grahii.

2218 5747 2328 5811 (9t)
2372 5750 2668 5815 "remo-1c,
2705 5759 2812 5801 etc.
2840 5747 3063 5799 Eadem.

2216 5821 2327 5893 (95;)
2364 5813 2473 5872 Καὶ
2499 5819 2567 5869 ἐν
2589 5816 3005 5886 περιστάσεσι,
3030 5826 3139 5869 etc.
3171 5815 3376 5868 Catena
3409 5813 3693 5873 Corderii.
