4106 6394
406 334 544 388 1675

1316 332 1627 389 SELECTA
1667 332 1733 391 IN
1774 332 2116 389 PSALMOS.
2151 364 2217 379 --
2254 332 2448 399 PSAL,
2491 332 2702 393 CXLV.

3537 340 3672 394 467i

474 450 674 519 Μέγας
719 452 751 504 ό
802 452 1016 520 Κύριος
1060 449 1153 504 καὶ
1197 451 1431 517 αἰνετός
1458 452 1714 521 σφόδρα,
1748 452 1845 506 καὶ
1880 450 1979 521 τῆς

2163 452 2330 507 Vens.
2361 452 2415 507 5.
2461 452 2690 522 Magnus
2723 450 2981 507 Dominus
3013 462 3062 506 et
3089 452 3377 507 laudabilis
3409 454 3587 519 nimis,
3623 471 3675 508 et

399 544 836 611 μεγαλωσύνης
896 541 1081 595 αὑτοῦ
1132 545 1243 597 οὐκ
1311 544 1441 597 ἔστι
1484 545 1690 612 πέρας,
1729 563 1781 599 κ.
1835 562 1888 599 τ.
1937 547 1986 601 ἐ.

412 632 733 705 Ἐπείπερὴ
768 634 1123 705 μεγαλωσύνη
1158 635 1266 706 (96)
1296 635 1387 688 τοῦ
1419 636 1551 688 Θεοῦ
1588 638 1644 689 ἐν
1666 636 1742 707 τῷ
1767 636 1987 708 Χριστῷ

398 723 494 777 καὶ.
546 726 602 776 ἐν
635 728 746 789 τοῖς
775 726 1067 795 κτίσμασιν
1100 722 1236 780 οὖσα
1266 727 1571 798 θεωρεῖται,
1616 729 1710 782 κα).
1740 730 1843 784 ούκ
1872 731 1986 785 ἔστι

400 816 574 887 πέρας
597 817 696 888 τῆς
721 818 1109 891 μεγαλωσύνης
1141 819 1326 883 αὑτοῦ,
1366 822 1573 892 μήποτε
1606 822 1638 892 ἡ
1669 822 1729 886 ἐξ
1755 823 1984 896 ἀπείρου

404 909 489 961 ἐπ’
518 908 740 979 ἄπειρον
763 911 854 963 καὶ
888 910 1132 963 ἐντεῦθεν
1165 911 1493 982 παρίσταται
1527 912 1620 967 τοῦ
1653 914 1791 969 Θεοῦ
1821 917 1900 981 εἰς
1918 916 1987 970 τὰ

400 996 529 1051 ὄντα
565 1000 655 1053 ὑπ’
684 1000 850 1053 αὐτοῦ
874 1002 1137 1072 γενόμενα
1171 1003 1414 1073 πρόνοια.

476 1090 588 1145 Τοῦ
631 1092 838 1147 αὐτοῦ.
881 1094 1105 1149 Πάντων
1146 1096 1243 1167 μὲν
1292 1098 1401 1166 (97)
1451 1095 1559 1149 τῶν
1602 1097 1907 1166 γεγονότων
1951 1098 1985 1169 ἡ

398 1180 602 1252 Dempta.
640 1184 1014 1255 πεπέρασται·
1066 1186 1199 1258 μόνη
1234 1186 1293 1245 δὲ
1344 1188 1377 1259 ἠ
1424 1185 1627 1256 γνῶσις
1670 1188 1769 1259 τῆς
1823 1187 1986 1257 ἁγίας

397 1270 627 1339 Τριάδος
667 1274 814 1327 ἐστὶν
842 1276 1166 1347 ἀπέραντος.

466 1364 571 1415 Καὶ
600 1367 653 1416 οἱ
685 1368 968 1435 οἰκτιρμοί
1004 1368 1191 1421 αὐτοῦ
1232 1368 1329 1421 ἐπὶ
1364 1368 1559 1424 πάντα
1594 1369 1667 1424 τὰ
1696 1370 1839 1438 ἔργα
1884 1371 1983 1423 αὺ-

398 1454 522 1518 τοῦ,
554 1473 607 1510 κ.
640 1475 691 1511 τ.
724 1459 768 1513 ὲ.
793 1460 854 1511 Εἰ
887 1461 935 1512 οἱ
962 1461 1236 1531 οἰκτιρμοὶ
1266 1460 1375 1531 (98)
1399 1460 1491 1514 τοῦ
1514 1461 1646 1515 Θεοῦ
1680 1463 1771 1514 ἐπὶ
1804 1463 1982 1516 πάντα

394 1547 460 1601 τά
484 1547 620 1619 ἔργα
653 1550 836 1615 αὑτοῦ,
864 1550 979 1615 πῶς
1015 1553 1120 1605 εἰσί
1155 1569 1292 1615 τινες
1325 1553 1409 1621 ἐφ’
1442 1552 1533 1617 οὓς
1558 1554 1620 1607 οὐ
1651 1554 1976 1622 φθάνουσινς

396 1642 541 1711 "Ap:
573 1642 666 1695 καὶ
696 1644 781 1695 ἐπ’
820 1644 1015 1709 αὐτοὺς
1048 1646 1097 1699 οἱ
1139 1647 1412 1717 οἰκτιρμο).
1460 1644 1555 1699 τοῦ
1596 1646 1763 1700 Θεοῦ·
1817 1648 1869 1701 εἰ
1905 1647 1981 1720 μὴ

393 1733 501 1803 ἄρα
536 1735 629 1787 ἐπὶ
670 1735 767 1805 μὲν
804 1736 871 1791 τὰ
914 1736 1050 1809 ἔργα
1094 1738 1259 1792 αὑτοῦ
1295 1738 1591 1808 φθάνουσιν
1619 1740 1669 1792 οἰ
1705 1742 1981 1811 οἰκτιρμοὶ

2095 546 2478 615 magnitudinis
2508 546 2623 615 ejus
2655 563 2759 600 non
2788 555 2864 600 est
2891 544 3039 614 linis,
3076 554 3183 600 etc.
3222 547 3675 616 Quandoquidem

2095 636 2410 704 magnitudo
2437 636 2530 690 Dei
2562 638 2614 692 in
2648 636 2870 691 Christo
2913 646 2967 692 et
3008 637 3061 691 in
3094 638 3366 693 creaturis
3395 653 3520 694 esse
3542 654 3675 695 con-

2092 728 2346 797 spicitur,
2389 738 2445 783 et
2491 732 2880 799 magnitudinis
2924 730 3043 799 ejus
3090 742 3309 787 nonest
3349 731 3493 797 ﬁnis,
3534 732 3678 787 forte

2094 819 2218 874 hinc
2255 819 2421 875 etiam
2455 835 2519 874 ex
2543 821 2756 876 inﬁnito
2785 822 2836 877 in
2865 822 3133 878 inﬁnitum
3158 823 3209 877 in
3231 838 3294 878 ea
3322 839 3442 895 qua:
3470 826 3539 881 ab
3558 825 3675 896 ipso

2092 907 2237 964 facta
2269 918 2397 965 sunt
2429 908 2770 980 providentia
2807 912 3150 982 conspicitur
3185 910 3300 967 Dei.

2162 1090 2440 1161 Ejusdem.
2478 1091 2732 1147 Omnium
2777 1092 2994 1162 quidem
3031 1106 3153 1162 quas
3187 1092 3330 1148 facta
3379 1103 3505 1149 sunt
3535 1110 3669 1150 con-

2091 1186 2371 1256 templatio
2420 1184 2570 1239 ﬁnita
2621 1194 2742 1251 est,
2786 1185 2898 1240 sola
2936 1200 3067 1241 vero
3110 1196 3317 1242 sanctae
3372 1186 3663 1242 Trinitatis

2088 1277 2328 1345 cognitio
2364 1276 2597 1331 inﬁnita.

2159 1368 2325 1423 Vnus.
2354 1368 2406 1424 9.
2438 1368 2505 1422 Et
2546 1367 2910 1422 miserationes
2939 1366 3055 1429 eius
3105 1384 3261 1437 super
3299 1369 3476 1423 omnia
3504 1383 3663 1437 opera

2089 1459 2223 1531 ejus,
2257 1469 2363 1514 etc.
2397 1459 2453 1514 Si
2499 1462 2879 1516 miserationes
2925 1460 3019 1516 Dei
3068 1476 3235 1530 super
3266 1461 3448 1514 omnia
3491 1475 3656 1530 opera

2088 1551 2226 1623 ejus,
2256 1552 2523 1620 quomodo
2572 1561 2703 1607 sunt
2735 1552 2975 1606 nonnulli
3017 1554 3084 1608 ad
3132 1568 3273 1623 quos
3320 1567 3429 1607 non
3469 1568 3667 1622 perve-

2087 1644 2279 1699 nium?
2307 1646 2500 1715 Utique
2527 1646 2692 1699 etiam
2735 1661 2897 1714 super
2937 1647 3082 1717 ipsos
3120 1660 3249 1701 sunt
3283 1645 3667 1701 miserationes

2088 1734 2183 1789 Dei
2222 1752 2235 1788 :
2278 1735 2380 1790 nisi
2431 1734 2575 1790 forte
2612 1736 2678 1790 ad
2715 1752 2879 1807 opera
2924 1737 3144 1807 quidem
3193 1736 3311 1805 ejus
3351 1736 3671 1807 pertingunt

391 1827 578 1891 αὑτοῦ,
614 1828 705 1881 ἐπὶ
735 1828 790 1881 δὲ
818 1828 883 1883 τὰ
912 1829 1050 1902 ἔργα
1078 1830 1185 1884 τῶν
1212 1830 1413 1903 χειρῶν
1448 1831 1615 1886 αὐτοῦ
1646 1834 1707 1886 οὐ
1742 1834 1979 1901 πάντως.

2088 1826 2465 1880 miserationes
2495 1826 2687 1896 ipsius,
2721 1828 2789 1881 ad
2820 1842 2987 1897 opera
3033 1835 3213 1883 autem
3248 1842 3505 1881 manuum
3549 1828 3672 1897 ejus

474 2004 1171 2075 Ἐξομολογησὰσθωσίὶν
1231 2022 1351 2072 σοι,
1417 2009 1614 2076 Κύριε,
1668 2009 1866 2063 πάντα
1910 2010 1983 2063 τὰ

389 2097 534 2166 ἔργα
561 2112 700 2159 σου,
738 2098 835 2150 καὶ
865 2100 919 2151 ol
946 2097 1105 2151 ὅσιοί
1136 2114 1253 2153 σου
1282 2099 1845 2168 εὐλοτησάσθωσάν
1884 2118 1979 2165 σε,

390 2207 444 2241 κ.
477 2206 527 2241 τ.
559 2189 604 2242 ὲ.
654 2188 770 2241 Νῦν
798 2189 936 2261 ἔργα
964 2188 1076 2261 (99)
1110 2190 1208 2255 τὰς
1245 2191 1437 2259 φύσεις
1467 2193 1567 2256 τὰς
1621 2191 1846 2261 λογικὰς
1894 2193 1983 2247 λέ-

387 2296 509 2348 γει’
563 2271 725 2333 αὗται
765 2279 875 2351 γὰρ
911 2281 1221 2350 πεφύκασιν
1257 2282 1697 2353 ἐξομολογεῖσθαι
1742 2283 1879 2357 Θεῷ.
1916 2285 1981 2338 Εἰ

387 2371 434 2423 δ’
467 2372 857 2445 ἀναπέμπεται
890 2392 973 2437 τις
1006 2374 1391 2447 ἐξομολόγησις
1417 2378 1511 2431 καὶ
1530 2376 1638 2431 ἀπὸ
1660 2376 1759 2448 τῆς
1784 2375 1983 2452 λοιπῆς

387 2465 641 2532 κτίσεως,
671 2466 802 2531 Θεὸς
834 2466 899 2519 ἂν
928 2467 1115 2539 εἰδείη.

457 2557 748 2612 Βασιλεία
787 2575 904 2613 σου
929 2559 1219 2623 ,βασιλεία
1252 2559 1496 2614 πάντων
1523 2560 1785 2629 αἰώνων,
1826 2581 1881 2619 κ.
1924 2582 1975 2621 τ.

386 2648 433 2699 ὲ.
477 2648 538 2699 Εἰ
575 2649 607 2718 ἡ
645 2647 891 2718 βασιλεία
930 2650 1006 2719 (1)
1050 2648 1144 2702 τοῦ
1177 2650 1315 2703 Θεοῦ
1350 2652 1383 2722 ἡ
1425 2651 1632 2725 θεωρία
1678 2653 1785 2708 τῶν
1820 2672 1981 2724 γεγο-

385 2737 553 2791 νότων
584 2740 678 2793 καὶ
707 2741 1091 2811 γενησομένων
1120 2740 1332 2795 αἰώνων
1362 2743 1478 2795 ἐστὶ
1499 2782 1514 2806 ,
1549 2744 1729 2807 καλῶς
1765 2746 1980 2817 εἴρηται

384 2831 446 2883 τό
463 2849 479 2864 ο
518 2850 535 2883 ι
579 2832 641 2885 Ἠ
666 2832 912 2903 βασιλεία
932 2850 1024 2885 σου
1041 2832 1289 2904 βασιλεία
1311 2836 1530 2889 πάντων
1555 2834 1665 2888 τῶν
1685 2837 1916 2893 αἰώνων.
1955 2859 1972 2891 ι

457 2922 769 2978 Φυλάσσει
801 2925 1019 2994 Κύριος
1048 2924 1281 2991 πάντας
1308 2926 1450 2991 τοὺς
1482 2926 1838 2996 ἀγαπῶντας
1870 2933 1978 2985 αὑ-

389 3016 509 3078 τὸν,
544 3014 640 3067 καί
670 3014 901 3081 πάντας
930 3016 1074 3081 τοὺς
1104 3017 1493 3085 ἁμαρτωλοὺς
1529 3019 1971 3090 ἐξολοθρεύσει,

391 3124 444 3160 κ.
477 3124 525 3159 τ.
571 3106 616 3159 ὲ.
671 3104 1079 3177 Ἐξολόθρευσις
1112 3106 1438 3178 ἁμαρτωλοῦ
1477 3106 1554 3176 (2)
1589 3109 1705 3161 ἐστι
1748 3107 1973 3180 λογικῆς

387 3198 566 3269 ψυχῆς
617 3198 896 3269 χωρισμὸς
955 3198 1062 3251 ἀπὸ
1109 3199 1204 3269 τῆς
1248 3198 1542 3269 συμπάσης
1584 3200 1727 3254 κατὰ
1773 3178 1971 3257 κακίαν
2000 3178 2043 3239 c

388 3291 553 3360 ζωῆς.

453 3384 704 3437 Αἴνεσιν
725 3385 950 3452 Κυρίου
972 3383 1231 3451 λαλήσει
1258 3382 1322 3436 τὸ
1348 3386 1546 3453 στόμα
1563 3403 1685 3454 μου
1705 3424 1719 3448 ,
1746 3386 1843 3439 καὶ
1875 3388 1967 3440 εῠο

382 3478 629 3546 ivre/ta)
657 3475 826 3531 πᾶσα
856 3477 1014 3546 σὰρξ
1042 3479 1106 3531 τὸ
1146 3478 1336 3546 ὄνομα
1363 3478 1430 3530 τὸ
1463 3478 1636 3547 ἅγιον
1667 3478 1856 3532 αὑτοῦ
1887 3482 1975 3546 εἰς

385 3570 491 3623 τὸν
521 3570 707 3624 αἰῶνα
733 3572 831 3625 κ(ιί
859 3574 947 3638 εἰς
981 3572 1087 3625 τὸν
1116 3570 1302 3626 αἰῶνα
1340 3572 1445 3625 τοῦ
1474 3571 1709 3639 αἰῶνος,
1743 3591 1795 3626 κ.
1835 3591 1884 3627 τ.
1924 3575 1968 3627 ὲ.

388 3664 539 3715 Πᾶσα
581 3662 717 3733 σὰρξ
753 3663 830 3735 (5)
874 3664 1172 3733 εύλογοῦσα
1214 3664 1274 3717 τὺ
1311 3664 1481 3736 ὄνομα
1520 3666 1727 3737 Κυρίου
1776 3669 1855 3731 εἰς
1882 3667 1975 3721 τὸν

385 3754 556 3808 αἰῶνα
599 3755 692 3807 καὶ
728 3757 807 3819 εἰς
850 3754 942 3808 τὸν
984 3756 1155 3809 αἰῶνα
1180 3756 1275 3809 τοῦ
1309 3757 1507 3821 αἰῶνος
1541 3757 1696 3813 ἔσται
1729 3757 1974 3829 δηλονότι

379 3846 462 3909 εἰς
490 3846 581 3899 τὸν
606 3845 782 3898 αἰῶνα
812 3846 907 3899 καὶ
941 3847 1019 3909 εἰς
1053 3846 1144 3900 τὸν
1175 3846 1347 3900 αἰῶνα
1381 3848 1475 3901 τσῦ
1511 3849 1706 3914 αἰῶνος
1732 3850 1973 3922 ὀψομένη

381 3935 443 3988 τὸ
475 3938 743 4008 σωτήριον
768 3936 860 3989 τοῦ
900 3936 1054 3990 Θεοῦ.

457 4029 568 4083 Τοῦ
608 4029 812 4084 αὐτοῦ.
850 4030 959 4083 Καὶ
986 4033 1014 4083 ὁ
1052 4029 1261 4095 Παῦλός
1296 4032 1372 4101 (ί)
1416 4049 1611 4103 φησιν’
1640 4052 1691 4084 .t
1744 4032 1860 4087 Οὐκ
1914 4035 1973 4087 ἐν

380 4120 544 4185 πλαξὶ
570 4121 817 4186 λιθίναις,
869 4122 984 4174 ἀλλ’
1031 4126 1089 4177 ὲν
1122 4124 1284 4189 πλαξὶ
1327 4126 1553 4197 καρδίας
1596 4127 1902 4197 σαρκίναις.
1945 4146 1963 4179 ι

380 4212 529 4277 nm:
579 4215 759 4268 τοίνυν
814 4215 1043 4287 σαρκίνη
1114 4218 1225 4271 ἐστὶ
1281 4218 1426 4289 ψυχὴ
1477 4217 1671 4291 λογικὴ
1733 4219 1972 4282 εὐκόλως

386 4308 751 4379 ὑποδεχομένη
798 4308 889 4361 τὸν
950 4309 1045 4362 τοῦ
1110 4310 1245 4364 Θεοῦ
1306 4312 1487 4383 νόμον.
1559 4313 1716 4365 Ἔστι
1770 4312 1826 4365 δὲ
1875 4312 1971 4364 καὶ

375 4400 552 4473 ψεκτὴ
583 4402 752 4472 σὰρξ,
792 4402 867 4466 ὡς
897 4405 984 4456 τό·
1032 4422 1050 4455 t
1092 4405 1166 4459 Ού
1199 4405 1272 4476 μὴ
1314 4406 1616 4477 καταμείνῃ
1657 4405 1716 4459 τὸ
1742 4404 1972 4477 Πνεῦμα

2086 1934 2191 1972 non
2227 1918 2375 1971 item.

2156 2011 2320 2066 Vens.
2356 2009 2443 2066 10.
2476 2010 2841 2079 Conﬁteantur
2869 2014 2984 2079 tibi,
3022 2011 3265 2079 Dontine,
3291 2014 3468 2069 omnia
3509 2030 3669 2084 opera

2086 2115 2200 2170 tua,
2221 2116 2267 2159 et
2292 2106 2462 2158 sancti
2496 2107 2572 2159 tui
2599 2104 2902 2160 benedicant
2930 2106 3045 2173 tibi,
3077 2116 3182 2161 etc.
3226 2106 3339 2161 lloc
3363 2106 3483 2162 loco
3503 2122 3667 2176 opera

2086 2207 2308 2252 naturas
2357 2198 2570 2252 ratione
2598 2198 2855 2267 praeditas
2905 2207 3099 2252 vocat:
3146 2198 3275 2267 ipsa!
3310 2199 3455 2254 enim
3490 2200 3668 2253 solent

2084 2291 2334 2346 conﬁteri
2372 2292 2502 2348 Deo.
2535 2292 2615 2345 An
2652 2307 2775 2346 vero
2807 2291 3081 2347 confessio
3109 2293 3291 2362 aliqua
3319 2293 3489 2347 etiam
3516 2307 3548 2347 a
3582 2308 3667 2347 re-

2082 2382 2228 2452 liqua
2257 2391 2513 2437 creatura
2536 2382 2843 2449 emittatur,
2880 2381 3022 2437 Deus
3048 2383 3173 2438 scit.

2156 2556 2320 2612 Vens.
2354 2557 2439 2611 l3.
2488 2555 2718 2627 Regnum
2747 2568 2895 2609 tuum
2942 2548 3159 2623 regnum
3186 2552 3420 2608 omnium
3443 2554 3670 2608 secuto-

2084 2667 2225 2715 rum,
2257 2660 2362 2705 etc.
2402 2649 2461 2704 Si
2502 2663 2729 2719 regnum
2761 2647 2853 2702 Dei
2882 2647 3277 2716 contemplatio
3306 2656 3391 2703 est
3418 2648 3634 2716 praeteri
3656 2676 3669 2686 -

2085 2755 2266 2800 torum
2284 2759 2345 2798 ac
2367 2742 2672 2797 futurorum
2698 2741 3041 2805 smculorum,
3067 2740 3292 2811 pulchre
3317 2741 3522 2795 dictum
3549 2750 3671 2794 est:

2086 2857 2104 2889 ι
2147 2837 2391 2907 Regnum
2422 2847 2570 2889 tuum
2601 2849 2823 2902 regnum
2851 2834 3092 2887 omnium
3126 2832 3473 2887 smcuiorum.
3499 2850 3519 2884 ι

2154 2926 2322 2981 Vens.
2350 2926 2439 2979 20.
2460 2923 2732 2979 Custodiet
2745 2924 3003 2979 Dominus
3026 2940 3206 2979 omnes
3241 2925 3516 2995 diligentes
3536 2941 3592 2979 se
3619 2935 3670 2978 et

2077 3036 2257 3074 omnes
2282 3028 2578 3087 peccatores
2609 3016 2894 3084 disperdet,
2947 3025 3055 3071 etc.
3107 3016 3505 3071 Exterminatio
3537 3031 3669 3085 pec-

2076 3116 2278 3170 catoris
2301 3124 2383 3167 est
2412 3108 2748 3166 rationabilis
2785 3110 2982 3165 animae
3006 3110 3281 3180 separatio
3303 3108 3372 3165 ab
3401 3110 3548 3166 omni
3583 3110 3665 3165 vi-

2081 3208 2218 3263 tiOSa
2251 3208 2382 3260 vita.

2151 3386 2314 3440 Vsus.
2339 3384 2429 3439 2|.
2462 3383 2841 3437 Laudationem
2866 3381 3082 3436 Domini
3108 3382 3350 3453 loquetur
3374 3400 3431 3437 os
3454 3400 3665 3450 meum,

2078 3488 2125 3532 et
2153 3479 2416 3531 benedice!
2442 3479 2609 3531 omnis
2653 3493 2776 3530 raro
2807 3477 3010 3529 nomini
3031 3485 3214 3530 sancto
3245 3476 3360 3544 ejus
3388 3476 3445 3530 in
3493 3494 3668 3532 siccu-

2078 3571 2188 3624 lum
2218 3581 2262 3623 et
2302 3571 2354 3623 in
2383 3570 2634 3623 swculum
2668 3567 2875 3632 sa’culi,
2903 3578 3008 3623 etc.
3060 3567 3249 3623 Omnis
3272 3584 3401 3625 caro
3425 3584 3547 3639 qua;
3571 3572 3666 3625 lie-

2080 3663 2278 3717 ncdicit
2311 3678 2508 3716 nomen
2551 3661 2761 3715 Domini
2809 3662 2863 3716 in
2897 3661 3155 3716 stcculum
3199 3671 3256 3717 et
3305 3664 3357 3718 in
3404 3665 3660 3721 saeculum

2080 3756 2283 3818 szecnli,
2318 3756 2505 3825 utique
2534 3756 2587 3831 in
2647 3756 2904 3811 smculum
2955 3766 3012 3811 ct
3062 3756 3116 3812 in
3158 3758 3422 3816 saeculum
3479 3763 3663 3818 seculi

2080 3849 2283 3904 videbit
2308 3848 2547 3905 salutare
2579 3848 2697 3903 Dei.

2147 4028 2425 4100 Ejusdem.
2453 4025 2658 4081 Paulus
2690 4040 2907 4096 quoque
2939 4026 3015 4080 ait
3044 4026 3090 4058 ⁸³
3119 4026 3145 4080 ι
3172 4043 3192 4080 ι
3241 4025 3356 4083 Non
3392 4026 3445 4083 in
3472 4028 3668 4085 tabulis

2074 4122 2325 4192 lapideis,
2356 4121 2451 4175 sed
2489 4121 2540 4173 in
2567 4118 2760 4173 tabulis
2784 4118 2966 4173 cordis
2994 4118 3324 4186 carnalibus,
3367 4140 3385 4173 ι
3422 4129 3533 4175 etc.
3565 4119 3668 4174 Ta-

2075 4214 2196 4269 lmla
2241 4215 2403 4283 igitur
2432 4211 2667 4266 carnalis
2691 4220 2775 4266 est
2805 4212 2986 4265 anima
3025 4211 3235 4266 ratione
3264 4212 3510 4281 praedita,
3542 4226 3663 4282 quae

2076 4306 2234 4360 facile
2283 4306 2511 4375 suscipit
2549 4304 2721 4373 legem
2780 4302 2896 4358 Dei.
2950 4303 3045 4358 Est
3085 4304 3250 4357 etiam
3291 4317 3421 4359 caro
3449 4318 3573 4373 quae
3605 4303 3659 4358 in

2074 4401 2271 4455 malam
2294 4409 2505 4468 partem
2534 4397 2823 4467 accipitur,
2849 4409 2906 4451 ut
2925 4412 3046 4451 cum
3073 4393 3349 4451 dicitur“:
3365 4409 3381 4439 α
3399 4397 3512 4451 Non
3534 4411 3661 4467 per-

379 4512 485 4566 μου
527 4496 583 4546 ὲν
604 4498 715 4559 τοῖς
755 4496 1061 4567 ἀνθρώποις
1086 4498 1315 4562 τούτοις.
1365 4497 1454 4551 διὰ
1494 4498 1556 4551 τὸ
1600 4495 1737 4553 εἶναι
1771 4500 1967 4563 αὐτοὺς

2082 4492 2317 4550 manebit
2345 4492 2585 4561 Spiritus
2608 4506 2761 4545 meus
2790 4491 2840 4544 in
2875 4490 3181 4545 hominibus
3213 4490 3355 4553 istis,
3382 4489 3509 4559 quia
3533 4504 3663 4544 caro

381 4590 608 4660 σάρκας.
656 4609 675 4641 ο
731 4591 840 4644 Καὶ
870 4591 1032 4645 πάλιν
1070 4592 1098 4644 ὁ
1147 4591 1356 4655 Παῦλος
1406 4609 1571 4662 φησιο
1614 4611 1632 4643 ι
1685 4592 1828 4664 Σὰρξ
1875 4593 1969 4646 καὶ

2082 4598 2227 4642 sunt.
2269 4604 2287 4639 ι
2326 4582 2521 4640 Paulus
2578 4597 2797 4655 quoque
2855 4583 2932 4636 ait
2962 4581 3044 4634 "z
3086 4600 3105 4633 ι
3136 4580 3280 4636 Caro
3325 4590 3381 4633 et
3436 4583 3663 4650 sanguis

379 4676 518 4752 αἷμα
576 4682 852 4753 βασιλείαν
905 4682 1041 4737 Θεοῦ
1072 4682 1483 4755 κληρονομῆσαι
1526 4685 1587 4738 ού
1626 4686 1897 4740 δύνανται.
1942 4706 1960 4739 ι

391 4769 655 4827 Ἐνταῦθα
688 4774 796 4846 γὰρ
820 4775 956 4846 σάρξ
983 4776 1085 4846 τὴν
1111 4775 1307 4829 κακίαν
1333 4776 1608 4847 σημαίνει.

884 4953 980 5005 ΨΑ
988 4955 1177 5008 ΛΜΟΣ
1206 4956 1304 5009 ΡΜ
1311 4956 1383 5008 Ε’.

460 5042 573 5095 Τὸν
635 5042 1037 5112 φυλάσσοντα
1089 5045 1381 5113 ἀλήθειαν
1432 5050 1520 5113 εἰς
1578 5046 1686 5100 τὸν
1757 5047 1963 5114 αἰῶνα,

2079 4697 2305 4750 regnum
2335 4680 2425 4735 Dei
2462 4680 2736 4750 possidere
2766 4695 2869 4733 non
2897 4682 3142 4746 possunt.
3176 4693 3192 4732 ε
3228 4664 3340 4730 Hoc
3365 4672 3483 4728 loco
3512 4672 3660 4730 enim

2076 4790 2209 4829 caro
2246 4774 2510 4830 malitiam
2542 4772 2837 4845 signiﬁcat.

2504 4956 2672 5030 οων,
2691 4956 3011 5013 PSALMUS
3045 4960 3257 5015 αχεν.

2146 5050 2310 5105 Vens.
2344 5052 2397 5104 7.
2426 5051 2529 5116 Qui
2556 5051 2783 5105 custodit
2818 5052 3089 5104 veritatem
3123 5054 3177 5106 in
3210 5054 3489 5119 structum,
3530 5055 3659 5124 facit

380 5134 671 5189 ποιοῦντα
697 5137 899 5203 κρίσιν
917 5136 1042 5202 τοῖς
1073 5137 1507 5207 ἀδικουμένοις,
1547 5139 1793 5194 διδόντα
1836 5160 1969 5211 τρο-

2082 5142 2330 5205 iudicium
2354 5142 2605 5212 injuriant
2624 5142 2959 5212 facientibus,
2979 5144 3069 5197 dat
3089 5161 3260 5198 escam
3286 5148 3657 5213 esurientibus,

379 5225 509 5293 φὶρν
541 5226 665 5293 τοῖς
693 5226 1008 5290 πεινῶσιν,
1038 5245 1091 5281 κ.
1129 5246 1178 5282 τ.
1211 5232 1257 5283 ὲ.
1305 5232 1587 5304 Ἀλήθειαν
1614 5228 1733 5286 εἷπε
1764 5234 1842 5303 (5)
1874 5234 1993 5287 rw

378 5320 654 5391 ἀληθινὸν,
685 5321 793 5376 ἀπὸ
814 5322 910 5393 τῆς
940 5322 1105 5389 ἕξεως
1133 5325 1409 5395 ὀνομάσας
1434 5327 1527 5379 τὸν
1555 5327 1847 5399 μετέχοντα
1866 5329 1967 5399 τῆς

428 5407 474 5439 ⁸³
502 5414 539 5467 ll
565 5415 690 5469 Cor.
722 5432 804 5478 Ill,
841 5415 894 5469 3.
972 5416 1019 5449 “
1041 5415 1179 5471 Gen.
1208 5431 1281 5481 νι,
1319 5418 1373 5471 3.
1458 5417 1503 5450 ⁸⁸
1531 5418 1546 5471 1
1572 5419 1697 5473 Cor.
1729 5435 1817 5486 xv,
1843 5419 1931 5473 50.

454 5511 567 5592 (DS)
612 5511 887 5579 Ἐπείπερ
920 5512 957 5580 ἡ
985 5513 1410 5580 μεγαλωσύνη,
1452 5522 1562 5570 etc.
1593 5513 1795 5571 Catena
1828 5514 1962 5571 Cor-

383 5583 571 5720 aci-3'5)
602 5649 851 5704 Πάντων
867 5652 1003 5720 μέν,
1033 5662 1142 5706 etc.
1178 5650 1404 5708 Sclrerlaa
1427 5653 1638 5710 Craliii.

478 5720 568 5791 98)
595 5723 662 5775 Εἰ
690 5724 743 5775 ol
764 5722 1071 5791 οἰκτιρμοί,
1096 5734 1200 5777 etc.
1236 5725 1436 5777 Catena
1461 5724 1732 5784 Corderii,

448 5791 567 5865 (99)
600 5792 729 5847 Νῦν
755 5793 918 5861 ἔργα,
953 5804 1058 5846 etc.
1097 5792 1323 5847 Scitetlte
1357 5792 1568 5853 Grabii.

741 5889 1014 5949 ΡΑτιιοι..
1059 5888 1177 5949 Gn.
1228 5888 1366 5951 XII.

2073 5242 2179 5291 etc.
2210 5235 2471 5291 Veritatis
2503 5237 2725 5291 nomine
2761 5236 3053 5307 appellavit
3075 5253 3348 5302 veracem,
3376 5239 3444 5294 ab
3469 5239 3656 5297 habitu

2075 5327 2362 5383 nominans
2385 5326 2604 5383 habitus
2635 5330 2980 5400 participem.
3016 5329 3108 5385 Sic
3141 5329 3309 5384 etiam
3338 5330 3514 5402 diligit
3555 5335 3662 5391 mi-

2144 5511 2219 5579 (l)
2252 5514 2316 5565 Et
2344 5511 2381 5577 ἡ
2398 5509 2710 5574 βασιλεία,
2738 5518 2847 5565 etc.
2874 5510 3111 5565 Eandem.

2140 5584 2218 5655 (gi
2260 5582 2716 5655 ’Eﬁoldﬂgeumc
2739 5581 3112 5655 ἀμαρτωλοιξ,
3146 5592 3252 5637 etc.
3282 5583 3532 5655 Eaedem.

2142 5650 2220 5717 (3)
2251 5651 2425 5705 Πᾶσα
2462 5650 2641 5718 σάρξ,
2677 5659 2780 5704 etc.
2810 5652 3014 5704 Catena
3047 5651 3315 5707 Conlerii.

2166 5722 2219 5791 εἰ)
2243 5720 2354 5776 Καὶ
2393 5723 2426 5791 ὀ
2448 5720 2709 5791 Παῦλος.)
2737 5730 2840 5775 ειν.
2871 5721 3099 5791 Scitedm
3128 5718 3338 5777 Grabii.

2168 5785 2221 5865 5)
2268 5790 2582 5861 Ἀλήθειαν
2600 5785 2749 5859 εἶπε,
2774 5802 2879 5849 etc.
2918 5789 3146 5849 Scltcdte
3166 5792 3377 5851 Grabii.

3213 5890 3291 5949 53
