4106 6400
409 380 432 436 1
443 380 547 438 679

1796 375 1889 433 EX
1927 376 2229 435 ORIGENE

3535 382 3676 437 i680

480 498 643 553 Vens.
684 495 737 553 ι.
769 493 1000 550 Laudate
1021 508 1161 560 eum,
1190 498 1308 552 cali
1332 494 1604 563 caelorum,
1627 504 1678 551 et
1698 511 1849 567 aqua’
1863 512 1976 567 qua:

2154 494 2382 550 Αἰνεῖτε
2403 493 2611 560 αὑτὸν,
2640 496 2695 549 οι
2716 496 2963 564 οὐρανοὶ
2994 495 3113 549 τῶν
3150 497 3444 566 οὐρανῶν,
3476 502 3574 555 καί
3604 504 3676 560 τό

405 607 563 659 super
592 590 750 643 caelos
780 597 903 643 sunt
928 628 943 652 ,
975 587 1192 641 laudent
1223 603 1409 643 nomen
1444 587 1692 654 Domini,
1722 598 1829 645 etc.
1863 587 1989 645 Coe-

408 682 517 738 lum
553 681 917 752 intelligibile,
951 680 1293 737 rationabilis
1322 692 1407 738 est
1459 692 1652 737 natura
1681 697 1801 753 quae
1828 681 1988 753 Justi-

408 772 497 828 tia:
528 771 696 828 solem
728 772 781 827 in
810 788 871 828 se
896 770 1236 828 circumfert.

519 956 756 1030 jusdem.
810 958 977 1028 Aquae
1001 971 1122 1029 quae
1145 970 1309 1027 super
1335 957 1506 1013 caelos
1534 965 1662 1011 sunt
1692 996 1711 1024 ,
1760 965 1987 1016 naturas

404 1049 758 1107 rationabiles
789 1049 1104 1121 significant
1129 1092 1146 1118 ,
1177 1063 1301 1120 quae
1332 1050 1402 1105 ab
1433 1049 1592 1120 aquis
1624 1063 1744 1120 qua:
1775 1049 1828 1104 in
1868 1064 1986 1106 cte-

404 1140 471 1197 lis
500 1150 646 1209 sunt,
680 1151 1025 1212 separantur.

475 1232 640 1290 Vsus.
698 1234 784 1291 M.
844 1234 910 1289 Et
945 1233 1201 1290 exaltabit
1258 1252 1423 1293 cornu
1460 1235 1646 1310 populi
1693 1237 1816 1301 sui,
1871 1244 1980 1293 etc.

402 1327 584 1384 Cornu
613 1338 695 1383 est
723 1342 876 1383 mens
908 1343 1063 1397 pura.
1712 1376 1715 1377 ν

472 1417 604 1475 lein.
635 1418 878 1490 Hymnus
901 1418 1143 1474 omnibus
1188 1419 1388 1475 sanctis
1410 1421 1526 1490 ejus
1550 1456 1566 1485 ,
1595 1430 1703 1475 etc.
1735 1417 1983 1491 Hymnus

400 1524 486 1569 εει
537 1512 833 1567 admiratio
882 1526 1005 1566 cum
1054 1510 1450 1582 gloriﬁcatione
1501 1512 1573 1569 ob
1610 1527 1804 1569 eorum
1859 1525 1983 1582 qua:

402 1603 750 1675 contigerunt
794 1613 904 1659 et-a
939 1603 1048 1659 Deo
1078 1603 1223 1659 facta
1268 1613 1396 1661 sunt
1437 1602 1979 1672 contemplationem.

881 1779 1207 1837 PSALMUS
1255 1781 1492 1839 CXLIX.

468 1872 636 1929 Vens.
665 1873 715 1929 1.
769 1872 997 1930 Cantate
1040 1872 1271 1930 Domino
1295 1877 1561 1931 canticum
1608 1892 1796 1932 novum
1824 1916 1840 1945 ,
1870 1883 1979 1931 etc.

397 1963 492 2022 Ille
540 1966 690 2022 canit
738 1981 938 2022 novum
986 1968 1258 2023 canticum
1306 1968 1401 2038 qui
1432 1978 1671 2024 veterem
1705 1968 1982 2024 hominem

396 2058 693 2114 secundum
720 2060 927 2116 erroris
971 2059 1243 2116 desideria
1272 2070 1587 2132 corruptum
1625 2061 1895 2132 deposuit,
1928 2069 1985 2118 et

395 2165 597 2207 novum
625 2150 805 2208 induit
831 2152 925 2223 qui
964 2150 1269 2209 secundum
1300 2152 1475 2210 Deum
1504 2162 1726 2211 creatus
1748 2162 1856 2211 est.
1960 2188 1961 2191 η

466 2334 599 2396 Ιειυ.
634 2336 778 2392 Laus
804 2337 919 2410 ejus
945 2338 996 2391 in
1021 2335 1264 2391 Ecclesia
1289 2346 1622 2405 sanctorum,
1646 2344 1750 2393 etc.
1787 2336 1984 2405 Quem.

394 2428 687 2485 admodum
736 2447 757 2481 ι
812 2447 916 2487 non
949 2441 1032 2487 est
1058 2431 1306 2503 speciosa
1336 2431 1456 2487 laus
1504 2431 1556 2486 in
1591 2446 1689 2488 ore
1718 2441 1978 2502 peccato-

392 2525 469 2579 ris
494 2524 563 2586 ⁸³.
600 2542 621 2578 ›
662 2524 736 2580 ita
768 2539 869 2580 nec
901 2524 953 2580 in
989 2525 1237 2583 Ecclesia
1271 2524 1686 2596 malignanlium
1717 2564 1733 2591 ,
1780 2525 1879 2581 sed
1923 2525 1979 2582 in

392 2615 637 2671 Ecclesia
691 2626 1010 2673 sanctorum
1050 2634 1067 2685 ;
1128 2619 1290 2689 idque
1340 2618 1393 2673 in
1445 2617 1550 2673 hac
1598 2617 1780 2687 potius
1813 2632 1979 2688 quam

390 2708 475 2763 vel
504 2709 555 2763 in
584 2724 690 2764 uno
721 2708 927 2779 aliquo,
965 2716 1059 2764 aut
1095 2711 1148 2766 in
1188 2710 1406 2782 paucis.

462 2802 629 2856 Vens.
667 2802 721 2857 2.
752 2801 991 2857 Laetetur
1024 2802 1202 2858 Israel
1234 2805 1293 2858 in
1341 2821 1401 2859 eo
1431 2807 1523 2875 qui
1558 2804 1681 2875 fecit
1722 2822 1841 2859 eum
1872 2846 1886 2868 .
1932 2815 1979 2860 et

392 2892 491 2961 ﬁlii
522 2892 654 2948 Sion
683 2894 949 2949 exsultent
977 2895 1032 2949 in
1058 2911 1175 2967 rege
1202 2912 1323 2963 suo,
1351 2904 1457 2952 etc.
1487 2895 1621 2953 Cum
1650 2895 1717 2953 de
1739 2897 1832 2953 illo
1857 2897 1981 2967 qui-

390 2989 516 3042 dem
552 2989 695 3058 quod
726 2997 811 3043 est
836 2988 1136 3044 secundum
1164 2986 1459 3058 imaginem
1488 2988 1697 3045 dictum
1722 2990 1801 3046 sit
1835 3009 1852 3044 ι
1890 2990 1978 3047 le-

389 3083 499 3148 cit;
540 3101 560 3135 ι
596 3083 664 3138 de
695 3097 761 3139 eo
790 3096 918 3139 vero
969 3082 1112 3153 quod
1150 3091 1235 3138 est
1269 3082 1338 3138 de
1369 3082 1595 3154 pulvere
1643 3083 1854 3140 dictum
1906 3084 1977 3140 sit

2087 588 2247 658 ὓδωρ
2285 588 2352 642 τὸ
2388 586 2665 656 ὑπεράνω
2692 587 2813 641 τῶν
2837 589 3113 655 οὐρανῶν
3144 591 3568 649 αὶνεσὰτωσαν
3605 597 3675 651 τὸ

2088 678 2278 749 ὄνομα
2315 679 2559 748 Κυρίου,
2596 695 2651 731 κ.
2686 695 2739 734 τ.
2772 678 2819 732 ἑ.
2849 678 3092 750 Οὐρανός
3121 679 3238 731 ἐστι
3273 680 3463 752 νοητὸς
3512 683 3677 753 φύσις

2085 770 2278 844 λογικὴ
2316 771 2408 825 τὸν
2449 771 2548 842 τῆς
2575 768 2925 842 δικαιοσύνης
2954 771 3104 842 ἥλιον
3146 772 3205 825 tv
3249 774 3393 845 αὐτῇ
3446 777 3678 848 περιφέ-

2091 881 2279 935 ρουσα.

2166 956 2278 1011 Τοῦ
2305 956 2512 1013 αὐτοῦ.
2541 956 2726 1028 ’Ύδωρ
2749 955 2812 1009 τὸ
2841 956 3027 1010 ἐπάνω
3049 955 3159 1010 τῶν
3182 956 3427 1029 οὐρανῶν
3451 956 3678 1028 λογικὰς

2089 1044 2283 1116 φύσεις
2317 1045 2593 1118 σημαίνει,
2626 1046 3040 1119 κεχωρισμένας
3072 1046 3180 1101 ἀπὸ
3210 1047 3317 1101 τῶν
3351 1050 3409 1102 ὲν
3441 1051 3553 1113 τοῖς
3582 1049 3678 1102 οὐ-

2091 1142 2274 1210 ρανοῖς
2306 1138 2476 1193 ὅντων
2505 1138 2737 1195 ὑδάτων.

2158 1231 2271 1284 Kal.
2310 1230 2543 1300 ὑψώσει
2572 1230 2752 1301 κέρας
2786 1231 2941 1287 λαοῦ
2984 1232 3196 1299 αὑτοῦ,
3229 1250 3285 1288 κ.
3325 1250 3377 1289 τ.
3410 1234 3458 1287 ἑ.
3489 1232 3678 1307 Κέρας

2088 1322 2206 1375 ἐστὶ
2234 1322 2358 1387 νοῦς
2387 1324 2645 1397 καθαρός.

2161 1415 2388 1485 ’Ύμνος
2414 1415 2566 1473 πᾶσι
2594 1416 2719 1485 τοῖς
2747 1419 2943 1486 ὁσίοις
2963 1419 3175 1486 αὑτοῦ,
3212 1438 3263 1475 κ.
3294 1438 3345 1475 τ.
3374 1422 3427 1476 ὲ.
3466 1423 3676 1495 ’Ύμνος

2086 1506 2234 1561 ἐστὶν
2273 1508 2540 1580 ἔμπληξις
2582 1510 2720 1582 μετὰ
2758 1510 3065 1582 δοξολογίας
3105 1513 3198 1566 ἐπὶ
3226 1515 3293 1585 τῇ
3328 1512 3533 1588 θεωρίᾳ
3562 1516 3677 1573 τῶν

2086 1601 2388 1670 γεγονότων
2417 1603 2511 1657 καὶ
2540 1603 2850 1677 γενομένων
2876 1605 2982 1658 ὑπὸ
3015 1605 3171 1662 Θεοῦ.

2013 1789 2058 1847 Β
2616 1783 2912 1838 ΨΑΛΜΟΣ
2956 1782 3135 1836 ΡΜΘ⁹.

2159 1878 2382 1947 ’ᾼσατιε
2407 1874 2488 1942 τῷ
2529 1876 2727 1944 Καρίῳ
2767 1869 2931 1945 ἆσμα
2963 1874 3196 1939 καινὸν,
3231 1892 3287 1931 κ.
3328 1892 3381 1931 τ.
3422 1877 3467 1929 ἐ.
3500 1868 3671 1941 Οὗτος

2083 1971 2201 2044 ᾅδει
2230 1970 2343 2042 (22)
2384 1969 2573 2024 καινὸν
2599 1965 2752 2042 ᾆσμα
2775 1971 2803 2023 ὁ
2830 1969 2921 2022 τὸν
2957 1968 3184 2023 παλαιὸν
3217 1969 3505 2041 ἄνθρωπον
3537 1971 3674 2023 ἀπο-

2084 2062 2330 2134 θέμενος,
2375 2062 2469 2116 τὸν
2520 2061 2876 2134 φθειρόμενον
2910 2061 3052 2116 κατὰ
3083 2062 3183 2125 τὰς
3226 2061 3527 2133 ἐπιθυμίας
3573 2064 3674 2133 τῆς

2082 2156 2320 2228 ἀπάτης,
2362 2156 2459 2210 καὶ
2505 2156 2868 2226 ἐνδυσάμενος
2912 2154 3006 2209 τὸν
3052 2154 3171 2208 νέον
3212 2155 3305 2210 τὸν
3348 2154 3494 2210 κατὰ
3538 2155 3673 2209 Θεὸν

2082 2249 2394 2304 κτισθέντα.
3387 2309 3391 2313 ,

2169 2340 2232 2396 Ἡ
2258 2340 2493 2406 αἷνεσις
2522 2336 2710 2393 αὐτοῦ
2740 2337 2809 2392 ὲν
2847 2337 3175 2407 Ἐκκλησία
3209 2339 3415 2403 ὁσίων,
3448 2357 3505 2394 κ.
3538 2357 3593 2394 τ.
3618 2338 3670 2393 ἑ.

2090 2433 2181 2499 Ὦς
2213 2453 2231 2485 ι
2265 2434 2365 2505 οὐχ
2392 2432 2594 2506 ὡραῖος
2619 2431 2729 2502 (23)
2758 2425 2906 2494 αἶνος
2931 2431 2989 2485 ὲν
3010 2430 3238 2502 στόματι
3264 2429 3611 2504 ἁμαρτωλοῦ·
3646 2449 3667 2484 s

2080 2527 2254 2592 οὕτως
2298 2526 2421 2581 οὐδὲ
2474 2528 2533 2580 tv
2591 2523 2889 2596 Ἐκκλησία
2935 2524 3410 2597 πονηρευομένων,
3448 2524 3562 2578 ἀλλ’
3612 2525 3675 2577 ὲν

2094 2618 2395 2692 Ἐκκλησία
2442 2618 2639 2673 ὁσίων“
2679 2618 2775 2672 καὶ
2806 2620 2862 2671 tv
2908 2616 3082 2689 ταύτῃ
3117 2615 3321 2688 μᾶλλον
3349 2616 3384 2688 ἢ
3426 2618 3484 2671 ὲν
3512 2617 3613 2683 ἐνὶ,
3637 2618 3672 2689 ἢ

2081 2716 2139 2769 tv
2171 2715 2393 2785 ὀλίγοις.

2078 2866 2081 2867 ν
2152 2807 2559 2878 Εὐφρανθήτω
2599 2806 2840 2876 Ἰσραὴλ
2872 2805 2970 2861 ἐπὶ
3000 2805 3080 2873 τῷ
3107 2804 3430 2871 ποιήσαντι
3458 2806 3669 2871 αὐτὸν,

2080 2900 2180 2956 καὶ
2204 2900 2322 2955 υἱοί
2351 2899 2506 2955 Σιὼν
2531 2898 3043 2969 ἀγαλλιάσθωσαν
3066 2898 3164 2953 ἐπὶ
3192 2899 3273 2965 τῷ
3288 2899 3545 2964 βασιλεῖ
3560 2903 3672 2955 αὑ-

2079 2992 2219 3059 τῶν,
2256 3010 2311 3048 κ.
2352 3011 2404 3046 τ.
2445 2995 2491 3046 t.
2548 2992 2701 3046 Ἐπεὶ
2743 2993 2872 3065 περὶ
2908 2991 3007 3063 μὲν
3042 2991 3154 3063 (24)
3197 2991 3290 3045 τοῦ
3330 2993 3455 3046 κατ’
3485 2992 3671 3046 εἰκόνα

2080 3082 2141 3136 τὸ
2180 3100 2199 3135 ι
2238 3082 2494 3155 εποίησεν
2526 3102 2545 3136 ι
2577 3084 2810 3155 εἴρηται,
2848 3084 2977 3155 περὶ
3010 3082 3067 3136 δὲ
3098 3081 3194 3136 τοῦ
3225 3082 3334 3136 ἀπὸ
3366 3081 3459 3136 τοῦ
3481 3082 3578 3154 χοῦ
3606 3082 3673 3137 τὸ

397 3194 418 3227 s
456 3175 735 3241 formavit,
772 3193 792 3229 ι
828 3183 882 3231 et
908 3138 1099 3230 sancta
1130 3175 1320 3230 laetitia
1354 3138 1621 3232 consistat
1650 3176 1706 3232 in
1736 3192 1803 3233 eo
1830 3177 1974 3248 quod

2083 3193 2101 3227 ι
2139 3138 2422 3241 ἔπλασεί»
2459 3176 2553 3229 καὶ
2585 3138 3121 3247 ἡ.ἀγίαιεύφροσύνη
3151 3176 3208 3229 tv
3229 3174 3306 3246 τῷ
3334 3175 3456 3229 κατ³
3481 3138 3670 3230 ἓίκόνα

388 3276 474 3321 est
505 3267 805 3322 secundum
840 3266 1156 3338 imaginem,
1191 3266 1399 3323 idcirco
1423 3266 1588 3341 847
1614 3267 1783 3325 Israel
1807 3268 1974 3339 jube-

394 3368 484 3413 tur
536 3359 709 3414 laetari
766 3359 820 3415 in
852 3373 919 3414 eo
946 3358 1039 3430 qui
1084 3357 1216 3414 fecit
1242 3373 1395 3414 eum.
1426 3359 1582 3416 Filiis
1618 3372 1802 3418 autem
1839 3364 1973 3417 Sion

394 3454 627 3522 imperat
665 3451 941 3516 Christus,
988 3450 1039 3505 id
1067 3460 1152 3507 est
1184 3452 1475 3524 sapientia,
1513 3453 1740 3510 verbum
1766 3495 1784 3521 ,
1830 3454 1975 3509 veri-

388 3552 492 3611 tas,
530 3543 583 3598 in
615 3558 722 3614 quo
757 3543 1056 3599 exsultent.

476 3638 640 3692 Vens.
667 3636 726 3692 ὅ.
756 3634 994 3691 Laudent
1030 3651 1218 3691 nomen
1240 3633 1353 3706 ejus
1380 3638 1439 3690 in
1457 3637 1618 3692 choro
1644 3676 1660 3703 ,
1689 3646 1801 3694 etc.
1834 3638 1971 3694 Cum

389 3728 547 3783 multi
574 3729 630 3782 in
662 3726 854 3784 eadem
910 3734 1092 3782 mente
1139 3736 1194 3784 et
1235 3728 1425 3783 eadem
1478 3730 1744 3786 sententia
1781 3731 1974 3787 unanio

388 3820 553 3875 initer
585 3834 691 3876 uno
722 3818 907 3875 animo
940 3826 996 3874 et
1036 3834 1145 3874 uno
1192 3818 1358 3876 corde
1401 3819 1625 3875 laudant
1669 3837 1867 3877 nomen
1917 3831 1974 3879 et

386 3912 776 3982 proprietatem
828 3910 993 3981 regis,
1047 3919 1176 3967 tunc
1227 3909 1451 3966 laudant
1491 3926 1690 3968 nomen
1740 3911 1859 3983 ejus
1913 3914 1970 3970 in

387 4005 555 4060 choro
588 4020 710 4059 cum
740 4012 1035 4061 concentu.

457 4098 590 4157 lein.
628 4099 697 4155 In
726 4110 977 4171 tympano
1010 4107 1057 4153 et
1080 4097 1329 4168 psalterio
1368 4097 1600 4169 psallaut
1624 4100 1693 4166 ei,
1721 4108 1830 4156 etc.
1866 4100 1968 4170 Qui

385 4194 606 4262 quidem
665 4190 998 4247 mortiﬁcaut
1053 4189 1297 4246 membra
1354 4205 1451 4246 sua
1482 4207 1604 4262 qua:
1649 4202 1781 4249 sunt
1806 4210 1969 4265 super

385 4295 613 4351 terram,
662 4297 840 4354 eaque
895 4282 948 4338 in
1006 4280 1209 4351 lignum
1268 4289 1473 4350 agunt,
1520 4294 1579 4337 ut
1628 4284 1792 4341 simul
1843 4302 1967 4341 cum

384 4377 604 4432 Christo
642 4373 971 4445 cruciﬁgant
1004 4372 1341 4442 principatus
1371 4390 1437 4431 ac
1464 4385 1782 4447 potestates,
1829 4377 1883 4433 lii
1914 4379 1965 4433 in

2076 3266 2227 3321 ἐστί·
2274 3267 2364 3322 διὰ
2413 3267 2573 3321 τοῦτο
2622 3266 2839 3342 Ἰσραὴλ
2872 3268 2966 3321 ἐπὶ
3018 3267 3093 3337 τῷ
3155 3268 3442 3339 ποιήσαντι
3503 3268 3671 3324 αὑτὸν

2076 3358 2477 3430 προστάσσεται
2510 3359 2917 3431 εὐφραίνεσθαι.
2947 3358 3094 3411 Υἱῶν
3134 3356 3191 3410 δὲ
3228 3357 3365 3411 Σιὼν
3395 3356 3670 3428 βασιλεύει

2078 3447 2335 3521 Χριστὸς,
2358 3451 2606 3506 τουτέστι
2626 3450 2806 3522 σοφία,
2827 3448 2984 3520 λόγος
3000 3492 3015 3519 ,
3045 3449 3292 3521 ἀλήθεια,
3317 3452 3402 3520 ἐφ’
3428 3444 3472 3520 ᾧ
3499 3449 3669 3519 ἀγαλ-

2071 3541 2405 3597 λιάσθωσαν.

2145 3633 2579 3691 Αίνεσὰτωσαν
2606 3632 2672 3688 τὸ
2699 3633 2888 3703 ὄνομα
2912 3632 3099 3688 αὑτοῦ
3131 3632 3200 3686 ἐν
3227 3631 3405 3703 χορῷ,
3438 3650 3492 3686 κ.
3526 3649 3579 3689 τ.
3614 3633 3664 3687 ὲ.

2084 3726 2215 3783 Ἐὰν
2246 3728 2298 3781 οἱ
2333 3726 2519 3779 πολλοὶ
2555 3725 2669 3797 (25)
2719 3727 2777 3779 tv
2817 3723 2897 3795 τῷ
2945 3723 3095 3796 αὑτῷ
3139 3723 3219 3779 νοῒ
3260 3725 3353 3779 καὶ
3403 3726 3472 3797 τῇ
3525 3724 3665 3795 αὐτῇ

2074 3818 2269 3891 γνώμῃ
2301 3816 2644 3889 ὁμοθυμαδὸν
2684 3817 2782 3888 μιᾷ
2805 3815 2951 3888 ψυχῇ
2981 3817 3075 3870 καὶ
3108 3818 3207 3888 μιᾷ
3235 3817 3434 3888 καρδίᾳ
3468 3817 3668 3871 αἱνῶσι

2072 3913 2134 3967 τὸ
2159 3912 2330 3983 ὄνομα
2360 3912 2452 3965 καὶ
2491 3910 2590 3982 τὴν
2622 3909 2862 3981 ἰδιότητα
2909 3908 3003 3964 τοῦ
3044 3909 3330 3980 βασιλέως,
3362 3908 3571 3963 αἰνοῦσι
3603 3911 3666 3964 τὸ

2071 4005 2245 4076 ὄνομα
2276 4001 2444 4059 αὐτοῦ
2476 4005 2534 4057 ὲν
2567 4000 2713 4074 χορῷ
2752 4000 2889 4074 μετά
2923 4003 3262 4073 συμφωνίας.

2090 4164 2093 4167 ἢ
2155 4100 2251 4152 Ἑν
2278 4097 2565 4168 τυμπάνῳ
2596 4097 2694 4151 καὶ
2727 4096 3040 4166 ψαλτηρίῳ
3074 4096 3449 4166 ψαλάτωσαν
3476 4098 3661 4165 αὐτῷ,

2070 4207 2125 4244 κ.
2154 4207 2207 4243 τ.
2241 4189 2287 4243 t.
2332 4188 2396 4242 οι
2430 4188 2531 4259 μὲν
2572 4186 2947 4259 νεκρώσαντες
2978 4188 3090 4261 (26)
3123 4187 3194 4242 τὰ
3234 4189 3327 4244 ἐπὶ
3362 4191 3467 4262 γῆς
3499 4190 3659 4263 μέλη,

2070 4282 2166 4337 καὶ
2197 4280 2566 4351 ἀναγαγόντες
2606 4279 2700 4333 ἐπὶ
2728 4278 2791 4335 τὸ
2832 4279 2987 4345 ξύλον
3032 4280 3111 4352 τῷ
3152 4281 3375 4354 Χριστῷ
3423 4300 3661 4338 συσταυ-

2073 4374 2295 4447 ροῦσθαι
2338 4372 2436 4437 τὰς
2477 4372 2653 4447 ἀρχὰς
2703 4373 2799 4427 καὶ
2841 4373 2939 4439 τὰς
2981 4373 3255 4443 ἐξουσίας,
3289 4376 3346 4428 ὲν
3391 4378 3661 4448 τυμπάνῳ

385 4479 646 4541 tympano
694 4466 929 4537 psallunt
963 4464 1075 4521 Deo
1106 4481 1123 4522 :
1154 4465 1247 4537 qui
1285 4480 1417 4524 vero
1449 4467 1547 4525 toti
1586 4481 1716 4528 sunt
1750 4472 1963 4541 spiritui

2080 4467 2334 4538 ψάλλουσι
2366 4466 2446 4538 τῷ
2475 4466 2629 4536 Θεῷ·
2660 4468 2711 4522 οἱ
2742 4468 2799 4521 δὲ
2833 4467 3118 4541 ὁλόκληροι
3157 4469 3253 4522 καὶ
3285 4468 3537 4541 ἁρμόνιοι
3578 4472 3662 4543 τῷ

387 4562 816 4625 consentientes,
854 4560 905 4615 in
933 4558 1215 4629 psalterio.

455 4653 623 4710 Vens.
654 4651 712 4708 4.
748 4651 889 4718 Quia
932 4651 1314 4722 beneplacitum
1336 4660 1413 4707 est
1435 4651 1663 4711 Domino
1695 4655 1749 4708 in
1772 4654 1967 4725 populo

383 4762 500 4809 suo,
532 4754 578 4798 et
624 4744 875 4799 exaltabit
907 4754 1211 4800 mansuetos
1245 4745 1304 4800 in
1335 4746 1534 4809 salute,
1569 4756 1679 4803 ctc.
1706 4747 1965 4818 Compla-

2074 4557 2368 4631 πνεύματι,
2403 4559 2461 4613 tv
2494 4558 2795 4633 ψαλτηρίῳ.

2147 4651 2275 4704 Ὅτι
2303 4649 2541 4705 εὐδοκεῖ
2563 4651 2779 4720 Κύριος
2808 4650 2881 4706 ὲν
2899 4649 3028 4717 λαῷ
3051 4651 3259 4717 αὑτοῦ,
3294 4653 3388 4707 καί
3421 4653 3659 4723 ὑψώσει

2073 4744 2280 4813 πραεῖς
2303 4744 2373 4798 ἐν
2395 4743 2681 4813 σωτηρίᾳ,
2714 4761 2769 4797 κ.
2801 4760 2852 4797 τ.
2887 4743 2933 4797 έ.
2967 4743 3192 4797 Εὐδοκετ
3220 4742 3425 4817 Κύριος
3456 4745 3567 4816 (27)
3598 4747 3660 4801 tv

383 4845 471 4890 cct
518 4835 620 4889 sibi
662 4834 923 4891 Dominus
976 4835 1028 4891 in
1078 4842 1233 4907 parte
1280 4852 1421 4903 sua,
1454 4853 1574 4908 qua!
1621 4849 1702 4893 est
1736 4840 1965 4909 populus

2080 4840 2133 4910 τῇ
2164 4836 2270 4909 ἰδίᾳ
2310 4836 2512 4908 μερίδι,
2539 4837 2660 4908 ἥτις
2693 4834 2837 4889 ἐστὶν
2866 4837 2894 4888 ὁ
2920 4835 3049 4898 λαὸς
3078 4835 3265 4902 αὐτοῦ,
3294 4838 3394 4891 οὐκ
3427 4839 3486 4891 ὲν
3510 4837 3657 4909 ἄλλῳ

381 4930 499 4997 ejus
527 4970 541 4994 ,
582 4944 686 4983 non
720 4928 773 4982 in
810 4928 916 4985 alio
960 4929 1163 5001 populo
1194 4928 1423 4999 alicujus
1472 4930 1739 5001 principis
1781 4932 1965 4988 saeculi

2080 4929 2214 4992 τινὸς
2257 4927 2517 5001 ἄρχοντος
2555 4925 2651 4981 τοῦ
2681 4926 3102 4991 αίῶνοςτούτου
3137 4928 3270 5001 λαῷ.
3305 4931 3414 4985 Καὶ
3446 4929 3655 5001 ὑψώσει

383 5022 559 5091 hujus.
593 5022 659 5077 Et
687 5021 952 5078 exaltabit
996 5034 1314 5079 mansuetos
1364 5024 1417 5079 in
1465 5038 1528 5078 ea
1588 5038 1754 5093 quam
1802 5026 1967 5081 mites

2080 5023 2265 5094 πραεῖς
2300 5022 2378 5086 είς
2406 5021 2510 5092 γῆν
2545 5019 2613 5092 ἢν
2653 5019 3080 5092 κληρονομοῦσιν
3121 5022 3168 5074 ot
3205 5025 3418 5094 πραεῖς,
3459 5022 3520 5076 οὐ
3552 5025 3658 5096 τὴν

382 5115 703 5172 haereditate
729 5116 1026 5186 accipiunt,
1080 5126 1225 5171 terra
1256 5131 1362 5171 non
1410 5114 1687 5184 inferiore,
1739 5116 1836 5173 sed
1872 5116 1962 5173 illa

2080 5116 2237 5181 κάτω,
2265 5113 2402 5169 ἀλλὰ
2429 5113 2633 5186 ταύτην
2661 5115 2746 5184 ἐφ’
2777 5106 2847 5185 ἧς
2870 5114 3020 5169 ἐστιν
3047 5116 3080 5187 ἡ
3114 5115 3227 5170 ἄνω
3265 5117 3649 5189 Ἰερουσαλήμ·

379 5207 471 5261 ubi
521 5218 608 5263 est
656 5223 893 5279 superna
950 5206 1278 5264 Jerusalem.
1328 5207 1603 5264 Exaltabit
1639 5208 1785 5263 enim
1821 5209 1961 5266 Deus

2080 5207 2275 5280 δψώσει
2300 5207 2409 5279 γὰρ
2441 5206 2573 5270 Θεὸς
2602 5209 2798 5280 πραεῖς
2836 5206 2895 5261 tv
2925 5206 3197 5281 σωτηρίᾳ·
3230 5209 3323 5262 καὶ
3355 5211 3656 5282 καυχήσον-

381 5307 696 5353 mansuetos
728 5299 781 5354 in
811 5298 991 5356 salute
1020 5340 1036 5365 ,
1081 5308 1137 5355 et
1164 5300 1517 5357 exsultahunt
1549 5301 1726 5357 sancti
1754 5300 1807 5357 in
1842 5300 1960 5373 glo-

2080 5317 2155 5355 ιαι
2183 5300 2317 5353 ὅσιοι
2358 5299 2418 5352 tv
2456 5297 2600 5371 δόξῃ.
2649 5298 2739 5351 Ἐν
2772 5298 2902 5371 ποίᾳ
2936 5299 3101 5371 δόξῃ;
3153 5300 3389 5369 εὐλόγως
3418 5303 3549 5373 περὶ
3580 5299 3654 5376 ἧς

379 5392 480 5446 ria.
530 5389 587 5447 ιη
615 5391 764 5462 quali
817 5390 1034 5462 gloria?
1089 5392 1278 5463 utique
1310 5391 1377 5449 de
1407 5396 1515 5465 qua
1573 5392 1745 5448 dicit:
1781 5409 1801 5445 ι
1852 5392 1956 5462 Qui

2080 5408 2260 5466 ρησιν’
2302 5396 2325 5443 (⁷
2389 5393 2447 5445 '0
2494 5390 2847 5463 καυχώμενος
2892 5393 2951 5445 ἐν
3004 5392 3197 5465 Κυρίῳ
3243 5394 3574 5465 καυχάσθω*
3622 5414 3647 5457 s_

378 5485 662 5555 gloriatur,
691 5487 747 5541 ir.
784 5485 1013 5540 Domino
1038 5483 1303 5557 glorietur
1328 5486 1409 5551 “;
1454 5504 1474 5540 ι
1510 5484 1593 5541 vel
1621 5484 1673 5541 lu
1703 5484 1796 5546 tali
1819 5501 1955 5558 qua-

2080 5483 2354 5558 )cowtdm
2404 5483 2596 5539 ὁποίαν
2645 5481 2759 5556 εἶχε
2812 5485 3079 5558 Μωῦσῆς,
3129 5485 3218 5539 ὅτε
3266 5485 3578 5552 δεδόξασται
3614 5487 3655 5561 ἡ

452 5579 498 5611 ⁸³
528 5579 693 5636 Eccli.
725 5594 817 5644 xv,
841 5579 897 5636 9.
970 5579 1020 5611 “
1049 5578 1068 5634 ι
1099 5577 1228 5635 Cor.
1276 5594 1335 5646 ι,
1390 5580 1482 5636 5|.

449 5670 563 5740 (22)
586 5660 773 5736 Οὖτος
799 5670 950 5740 ᾄδει,
979 5679 1086 5726 etc.
1123 5670 1349 5727 Scbedte
1374 5670 1585 5728 Grabii.

450 5741 561 5809 (εδ)
600 5740 694 5806 Ὠς
720 5743 833 5809 οὐχ
860 5740 1096 5809 ὡραῖος,
1128 5749 1237 5799 etc.
1269 5741 1473 5798 Catena
1500 5740 1765 5801 Corderii.

2170 5670 2238 5725 25
2306 5669 2447 5726 Ἐὰν
2469 5672 2525 5724 οἱ
2553 5672 2794 5738 πολλοί,
2823 5680 2930 5727 etc.
2959 5671 3184 5728 Eadem.

2144 5670 2259 5809 ίὲϐ)
2292 5744 2356 5795 Ol
2370 5740 2948 5809 per‘rexpciioar‘rec,
2973 5753 3080 5797 etc.
3114 5743 3184 5798 Ea

450 5741 562 5882 (.25)
600 5740 694 5806 Ὠς
720 5743 833 5810 οὐχ
860 5740 1096 5809 ὡραῖος,
1128 5749 1237 5799 etc.
1269 5741 1473 5798 Catena
1500 5740 1765 5813 cordel'ii.

450 5810 541 5879 (2t
603 5811 764 5864 Ἐπεὶ
792 5811 924 5880 περὶ
942 5810 1079 5882 μέν,
1105 5823 1219 5868 etc.
1251 5811 1471 5869 Eadem.

2144 5740 2259 5811 (26)
2292 5744 2356 5795 Ol
2365 5740 2948 5865 gdr‘rexpcboawec,
2973 5753 3080 5797 etc.
3114 5743 3339 5803 Eadem.

2136 5809 2255 5882 (27)
2278 5809 2363 5866 Εὐ
2402 5810 2531 5867 one?
2552 5809 2789 5880 Κύριος,
2822 5823 2929 5870 etc.
2972 5812 3191 5870 Eadem.

449 5809 562 5882 (2t)
603 5811 764 5864 Ἐπεὶ
792 5809 924 5880 περὶ
942 5810 1079 5884 μέν,
1105 5823 1219 5868 etc.
1251 5811 1471 5869 Eadem.
1558 5810 1561 5813 ⁴

2136 5809 2255 5883 (27)
2278 5809 2531 5867 Εὐδοκεῖ
2552 5809 2789 5880 Κύριος,
2822 5823 2929 5870 etc.
2972 5812 3191 5870 Eadem.
