4106 6444
494 366 627 424 I681
1528 362 1839 421 SELECTA
1874 362 1943 418 IN
1980 362 2318 422 PSALMOS.
2350 392 2425 410 --
2450 363 2653 421 PSAL.
2693 361 2801 422 CL.
3624 360 3761 418 IE8?

489 482 613 553 ὄψις
642 480 740 535 τοῦ
772 480 1066 553 προσώπου
1096 479 1264 536 αὑτοῦ
1284 498 1298 512 ·
1325 481 1419 535 καὶ
1444 481 1573 553 περὶ
1597 476 1666 553 ἧς
1691 498 1855 551 φησιν
1877 482 1906 534 ὁ
1934 480 2072 535 Παῦ-

2184 479 2289 537 lem
2332 480 2543 553 Moyses
2592 479 2807 545 habuit,
2853 475 3078 548 quando
3122 474 3421 550 gloriﬁcata
3451 483 3535 531 est
3588 475 3759 531 facies

489 573 611 636 λος·
654 592 673 623 ι
724 572 915 643 Ἡμεῖς
946 572 1004 625 δὲ
1035 571 1235 636 πάντες
1267 572 1776 644 ἀνακεκαλυμμένῳ
1802 571 2072 643 προσώπῳ

2178 570 2359 625 vultus
2385 571 2530 640 ejus;
2560 578 2613 625 et
2634 569 2701 623 de
2725 584 2827 640 qua
2866 570 3069 626 Paulus
3104 570 3246 624 ait“
3268 588 3279 624 :
3305 586 3327 620 ι
3358 566 3468 622 Nos
3482 581 3617 623 vero
3640 582 3760 620 ont-

488 665 590 737 τὴν
636 664 793 730 δόξαν
836 666 1046 735 Κυρίου
1084 664 1609 736 κατοπτριζόμενοι,
1660 664 1759 737 τὴν
1792 663 1960 736 αὐτὴν
1994 666 2072 718 εί-

2179 678 2275 719 nes
2325 664 2565 718 revelata
2618 663 2757 720 facie
2784 663 3011 735 gloriam
3042 661 3255 718 Domini
3297 658 3668 730 speculantes,
3700 657 3753 712 in

490 758 623 811 κόνα
648 759 1151 832 μεταμορφούμεθα
1176 759 1286 814 ἀπὸ
1315 758 1477 831 δόξης
1507 761 1587 823 εἰς
1609 759 1786 823 δόξαν.
1828 777 1847 810 s

2177 754 2438 809 eamdem
2492 755 2783 827 imaginem
2832 756 3292 812 transformamur
3331 768 3362 808 a
3398 751 3652 809 claritate
3702 750 3757 805 in

2177 846 2509 903 claritatem.
2553 866 2573 901 ι
2599 917 2606 924 _

2247 939 2408 994 Vens.
2438 941 2493 995 5.
2525 924 2949 999 Et’laatabuntur
2969 940 3023 995 in
3044 940 3302 995 cubilibus
3332 940 3468 1006 suis,
3498 947 3607 996 etc.
3638 938 3758 995 ιω-

2177 1032 2439 1086 tabuntur
2468 1031 2523 1085 in
2560 1032 2836 1087 cubilibus
2862 1032 2977 1087 suis
3008 1032 3043 1086 ii
3062 1030 3258 1101 quibus
3276 1049 3294 1084 ι
3320 1046 3423 1086 nox
3449 1034 3757 1103 praecessit,

2176 1118 2294 1172 dies
2335 1127 2515 1173 autem
2551 1120 3006 1190 appropinquavit
3030 1121 3077 1152 ⁸³
3110 1138 3124 1174 :
3171 1138 3191 1173 ι
3218 1121 3308 1189 qui
3345 1120 3511 1177 etiam
3566 1138 3587 1174 ι
3624 1130 3749 1177 tan-

2176 1224 2342 1279 quam
2377 1209 2431 1263 in
2455 1210 2541 1264 die
2586 1210 2816 1266 honeste
2846 1210 3151 1278 ambulant,
3180 1227 3288 1266 non
3335 1211 3389 1265 in
3422 1226 3760 1283 commessa-

562 940 673 996 Καὶ
709 942 1184 1013 ἀφαλνῑιάσονται
1215 942 1315 997 ἐπι
1347 941 1467 997 τῶν
1497 942 1713 997 κριτῶν
1760 942 1980 1009 αὐτῶν,
2016 960 2072 996 κ.

488 1050 539 1087 τ.
572 1035 617 1087 ὲ.
659 1035 1100 1102 Ἀγαλλιάσονται
1132 1034 1242 1107 (28)
1283 1035 1508 1089 ἐπὶτῶν
1539 1034 1733 1088 κοιτῶν
1763 1033 1962 1099 αὐτῶν,
1992 1028 2076 1099 οἷς

496 1126 584 1196 σή
630 1124 728 1189 νὺξ
768 1125 1093 1197 προέκοψεν,
1139 1128 1173 1197 ἡ
1201 1126 1258 1178 δὲ
1290 1125 1474 1198 ἡμέρα
1515 1126 1774 1197 ήγγικεν·
1821 1144 1839 1178 ι
1883 1124 1933 1179 οἳ
1980 1125 2073 1178 καὶ

485 1218 563 1284 ὡς
594 1221 651 1273 ὲν
672 1219 854 1291 ἡμέρᾳ
879 1219 1234 1291 εὐσχημόνως
1266 1218 1678 1290 περιπατοῦσιν,
1715 1237 1733 1270 ι
1771 1218 1832 1271 ού
1866 1215 2074 1289 κώμοις

488 1312 581 1367 καὶ
615 1312 829 1384 μέθαις,
864 1312 925 1366 ού
955 1312 1161 1376 κοίταις
1194 1310 1288 1365 καὶ
1321 1310 1648 1381 ἀσελγείαις.
1694 1328 1712 1363 ι

2176 1302 2415 1357 tionibus
2441 1310 2497 1357 et
2539 1301 2917 1370 ebrietatibus,
2952 1317 3059 1359 non
3097 1304 3151 1357 in
3189 1302 3460 1359 cubilibus
3486 1313 3541 1359 et
3574 1304 3755 1375 impu-

2173 1393 2397 1449 dicitiis.
2440 1413 2459 1447 ι

559 1498 629 1551 Αἱ
673 1495 941 1567 ὑψώσεις
1000 1496 1108 1551 τοῦ
1146 1495 1293 1550 Θεοῦ
1337 1496 1408 1549 ἐν
1444 1494 1525 1561 τῷ
1565 1491 1818 1564 λάρυγγι
1850 1490 2068 1557 αὐτῶν,

2245 1484 2407 1541 Vens.
2441 1484 2494 1540 6.
2536 1485 2909 1541 Exaltationes
2946 1485 3045 1541 Dei
3080 1488 3134 1540 in
3157 1496 3371 1557 gutture
3410 1504 3616 1554 eorum,
3642 1496 3753 1544 etc.

486 1610 542 1645 κ.
572 1609 624 1645 τ.
650 1593 694 1644 ὲ.
720 1585 818 1643 Ὧν
842 1590 903 1643 οὐ
935 1591 1103 1661 τάφος
1131 1591 1241 1661 (29)
1274 1587 1618 1659 ἀνεῳγμένος
1642 1589 1670 1639 δ
1693 1584 1919 1657 λάρυγξ,
1949 1586 2072 1639 τού-

2176 1578 2417 1645 Quorum
2452 1588 2640 1648 guttur
2676 1594 2781 1633 non
2826 1588 2911 1635 est
2946 1580 3257 1650 sepulcrum
3290 1589 3483 1651 patens
3508 1620 3523 1647 ,
3555 1580 3753 1635 borum

482 1702 593 1739 των
627 1682 864 1754 ὑψώσεις
907 1684 1040 1737 Θεοῦ
1074 1685 1131 1737 ἐν
1178 1682 1256 1755 τῷ
1287 1682 1523 1753 λάρυγγι
1566 1678 1768 1743 αὐτῶν,
1799 1680 1893 1734 καὶ
1939 1681 2072 1751 ῥομ-

2174 1671 2533 1728 exaltationes
2578 1674 2671 1727 Dei
2713 1682 2844 1727 sunt
2873 1672 2927 1727 in
2966 1682 3187 1742 gutture
3232 1688 3423 1727 eorum
3460 1692 3474 1728 :
3504 1684 3559 1729 et
3588 1673 3755 1744 gladii

486 1777 642 1844 φαῖαι
679 1774 919 1845 δίστομοι
968 1776 1026 1828 ἐν
1077 1776 1197 1838 ταῖς
1246 1773 1435 1845 χερσῖν
1477 1770 1657 1825 αὐτῶν
1695 1770 1804 1826 τῶν
1837 1770 2070 1841 ἑτοίμως

2175 1764 2440 1835 ancipites
2471 1768 2522 1818 in
2549 1766 2799 1821 manibus
2825 1780 3013 1821 eorum
3042 1767 3132 1837 qui
3161 1767 3398 1837 prompti
3424 1776 3552 1823 sunt
3579 1769 3647 1822 ad
3673 1766 3755 1821 ul-

484 1866 717 1935 ἐχόντων
748 1844 980 1918 ἐκδικεῖν
1013 1866 1193 1919 πᾶσαν
1245 1844 1549 1939 παρακοὴν,
1608 1863 1701 1916 καὶ
1752 1861 2072 1934 καθαιρούν-

2174 1858 2487 1913 ciscendam
2516 1872 2729 1913 omnem
2775 1859 3289 1929 praevaricationem
3317 1901 3333 1926 ,
3378 1870 3434 1914 et
3463 1860 3756 1914 destruunt

481 1974 591 2009 των
630 1958 738 2009 πᾶν
779 1956 979 2028 ὕψωμα
1008 1956 1371 2032 ἐπαιρόμενον
1399 1954 1542 2009 κατὰ
1577 1955 1676 2026 τῆς
1702 1953 1958 2024 γνώσεως
1976 1951 2069 2006 τοῦ

2180 1968 2199 2003 ι
2275 1966 2492 2005 omnem
2551 1950 2896 2007 altitudinem
2967 1951 3319 2007 extollentem
3380 1964 3439 2007 se
3492 1952 3757 2008 adversus

482 2048 642 2103 Θεοῦ.

2173 2041 2457 2097 scientiam
2490 2042 2580 2097 Dei
2606 2042 2675 2096 ".
2720 2060 2739 2097 ι

554 2142 665 2195 Καὶ
693 2140 981 2210 ρομςραῖαι
1014 2140 1289 2210 δίστομοι
1328 2139 1399 2192 ὲν
1428 2137 1560 2204 ταῖς
1586 2137 1811 2208 ’χερσίν
1847 2133 2069 2199 αὐτῶν,

482 2251 535 2287 κ.
566 2252 615 2287 τ.
650 2234 695 2287 ὲ.
738 2232 1028 2304 Ῥομφαῖαί
1063 2233 1172 2303 (50)
1203 2233 1308 2284 εἰσι
1350 2227 1688 2301 διαλογισμοὶ
1720 2226 1814 2280 καὶ
1843 2224 2070 2298 πράξεις

477 2325 657 2397 ψυχῆς
685 2326 748 2378 ὲκ
774 2324 969 2389 κακίας
1002 2325 1095 2378 καὶ
1133 2323 1427 2392 ἀγνωσίας.

559 2418 669 2471 Τοῦ
698 2417 905 2471 αὐτοῦ.
956 2416 1226 2487 Ῥομφαία
1268 2416 1385 2468 ἐστὶ
1414 2413 1525 2485 (51)
1553 2413 1675 2478 νοῦς
1722 2410 1938 2482 λογικὸς
1976 2410 2069 2463 ὲκ-

481 2510 707 2563 κόπτων.
725 2508 902 2579 ψυχὴν
932 2507 1040 2560 ἀπὸ
1061 2506 1260 2571 κακίας
1286 2506 1380 2561 καὶ
1412 2504 1709 2574 ἀγνωσίας.

562 2602 674 2655 Τοῦ
728 2598 974 2668 ποιῆσαι
1010 2598 1329 2667 ἐκδίκησιν
1364 2599 1434 2651 ἐν
1468 2594 1596 2661 τοῖς
1624 2595 1887 2657 ἔθνεσιν,
1935 2592 2070 2645 ἑλε-

482 2694 668 2763 γμοὺς
705 2694 775 2749 ἐν
804 2694 920 2761 τοῖς
952 2692 1146 2759 λαοῖς,
1179 2709 1235 2745 κ.
1265 2708 1315 2745 τ.
1352 2691 1399 2743 ἐ.
1433 2708 1451 2741 ι
1492 2689 1804 2758 Ἔκδίκησιν
1835 2686 1932 2757 μὲν
1957 2683 2069 2754 (52)

480 2786 540 2839 ὲν
567 2788 680 2849 τοῖς
706 2784 937 2849 ἔθνεσιν,
981 2802 1000 2835 s
1046 2784 1103 2836 ὲν
1136 2784 1248 2845 τοῖς
1276 2778 1605 2851 ἑτεροδόξοις
1626 2794 1638 2808 ο
1670 2796 1688 2829 ι
1722 2776 1986 2846 ἑλιγμοὺς
2014 2772 2076 2828 δὲ

481 2878 542 2932 ἐν
562 2881 675 2942 τοῖς
706 2877 877 2941 λαοῖς,
917 2895 935 2929 s
972 2876 1087 2939 τοῖς
1116 2874 1510 2946 ἁμαρτάνουσι,
1542 2870 1685 2927 κατά
1713 2871 1803 2925 τὸν
1838 2869 1952 2940 βίον
1984 2887 2073 2924 vo-

483 2967 795 3040 μιζομένοις
819 2967 1317 3037 ὲκκλησιαστικοῖς.

555 3059 666 3114 Τοῦ
696 3058 881 3127 δῆσαι
906 3057 1047 3123 τοὺς
1072 3055 1359 3122 βασιλεῖς
1384 3054 1586 3110 αὐτῶν
1612 3057 1683 3109 ἐν
1706 3054 1936 3122 πέδαις,
1965 3053 2072 3109 καὶ

478 3152 633 3218 τοὺς
653 3150 944 3217 ἐνδόξους
980 3149 1179 3205 αὐτῶν
1222 3149 1292 3202 ἐν
1344 3147 1721 3216 χειροπέδαις
1763 3146 2062 3215 σιδηραῖς,

558 3202 621 3297 ⁷ἰζ
844 3202 1194 3313 σῦμδιδάζων
1222 3239 1333 3311 (55)
1344 3202 1716 3302 ’διδασκάλους
1744 3202 2065 3309 ἑτεροδόξων
2090 3202 2134 3262 C

480 3336 574 3388 sta).
609 3335 733 3397 τοὺς
764 3337 822 3387 ὲν
858 3333 1087 3398 ἐκείνοις
1117 3333 1410 3398 δοκοῦντας
1441 3331 1527 3385 διὰ
1561 3329 1921 3401 νομιζομένην
1943 3331 2073 3383 ἰκαιι

482 3426 680 3496 νότητα
705 3424 970 3491 ἐνδόξους,
990 3425 1161 3479 δεῖται
1189 3424 1428 3495 βασιλεῖς
1453 3424 1629 3477 αὐτῶν
1654 3424 1719 3477 ὲν
1741 3421 1949 3485 πέδαις,
1980 3422 2068 3475 ἵνα

484 3520 559 3589 μὴ
605 3517 942 3587 προδαίνωσι
990 3516 1069 3587 τῷ
1117 3516 1260 3589 λόγῳ
1302 3516 1504 3580 αὐτῶν,
1540 3516 1790 3579 καὶτοὺς
1825 3513 2070 3578 ἐνδόξους

481 3609 662 3662 αὐτῶν
702 3610 762 3662 έν
790 3608 1135 3681 χειροπέδαις
1175 3609 1441 3681 σιδηραῖς,
1478 3608 1563 3661 ἴνα
1594 3607 1789 3679 μηκέτι
1823 3604 2068 3679 κρατῶσι

480 3701 571 3754 τὸν
602 3696 767 3754 πάλαι
793 3700 882 3754 διὰ
908 3702 970 3754 τὸ
994 3700 1401 3773 εύεξαπάτητον
1429 3699 1817 3773 κρατούμενον.

557 3884 673 3940 Τοῦ
706 3884 911 3939 αὑτοῦ.
952 3885 1159 3956 Δεσμός
1191 3886 1307 3939 ἐστι
1349 3886 1462 3955 (54)
1489 3886 1677 3957 νοητὸς
1712 3884 1951 3939 ἀπάθεια
1978 3883 2069 3937 λο-

480 3980 643 4050 γικῆς
672 3978 849 4049 ψυχῆς
868 3995 880 4007 -
906 3977 938 4047 ἢ
981 3975 1145 4046 φόϐος
1166 3976 1372 4047 Κυρίου
1403 3976 1668 4029 ἐκκλίνων
1696 3975 1805 4028 ἀπὸ
1833 3976 2065 4037 κακίας’

480 4071 515 4141 ἢ
544 4069 860 4123 διδασκαλία
906 4069 1250 4140 πνευματικὴ
1292 4068 1367 4139 μὴ
1414 4066 1774 4139 συγχωροῦσα
1805 4067 1897 4119 τὸν
1943 4065 2068 4120 νοῦν

481 4164 575 4215 ἐπὶ
603 4161 700 4234 τὴν
735 4162 935 4215 κακίαν
961 4160 1194 4215 ὁδεύειν·
1230 4159 1263 4231 ἢ
1295 4160 1484 4232 ἀγάπη
1520 4158 1866 4231 πνευματικὴ
1903 4156 2067 4229 μηδὲν

481 4252 811 4325 προτιμῶσα
840 4252 942 4323 τῆς
969 4248 1223 4321 γνώσεως
1248 4249 1341 4302 τοῦ
1372 4247 1531 4302 Θεοῦ.

557 4344 669 4397 Τοῦ
696 4341 947 4412 ποιῆσαι
966 4342 1037 4396 ἐν
1055 4340 1261 4407 αὐτοῖς
1282 4340 1461 4411 κρῖμα
1484 4340 1837 4410 ἐπτραεττον,
1864 4355 1915 4391 κ.
1938 4354 1990 4391 τ.
2016 4338 2063 4392 ὲ.

481 4434 735 4491 Ποιοῦσιν
764 4435 815 4488 οῖ
850 4434 989 4487 ὅσιοι
1032 4432 1144 4505 (55)
1178 4435 1354 4505 κρῖμα
1387 4432 1665 4504 ἔγγραφον
1706 4432 1800 4485 καὶ
1847 4429 2068 4501 γραφῆς

2198 2164 2201 2167 ν
2243 2133 2374 2189 lam.
2404 2132 2473 2188 Et
2502 2134 2673 2206 gladii
2708 2137 2967 2204 ancipites
3007 2136 3062 2190 in
3102 2136 3345 2191 manibus
3398 2150 3604 2198 eorum,
3637 2143 3753 2191 etc.

2171 2226 2344 2283 Gladii
2381 2236 2509 2283 sunt
2538 2228 2828 2285 ratiocinia
2857 2236 2914 2283 et
2938 2229 3187 2285 actiones
3217 2228 3414 2283 anima?
3443 2243 3511 2283 ex
3540 2226 3754 2283 malitis

2170 2328 2227 2374 et
2259 2320 2582 2390 ignorantia.

2257 2410 2535 2481 Ejusdem.
2565 2412 2791 2469 Gladius
2820 2423 2906 2469 est
2932 2428 3088 2469 mens
3115 2411 3458 2469 rationabilis
3484 2426 3607 2483 quae
3628 2411 3752 2466 ani-

2172 2518 2315 2558 mam
2348 2519 2379 2559 a
2410 2504 2614 2559 malitia
2640 2514 2695 2559 et
2734 2504 3042 2575 ignorantia
3090 2504 3385 2560 etsciudit.

2261 2595 2421 2651 Vens.
2454 2597 2509 2649 7.
2543 2597 2625 2650 Ad
2652 2597 2953 2666 faciendam
2998 2598 3284 2652 vindictam
3332 2598 3389 2652 in
3418 2596 3750 2659 nationibus.

2172 2689 2555 2757 increpationes
2589 2688 2643 2741 in
2676 2690 2907 2759 populis,
2936 2697 3042 2745 etc.
3078 2689 3417 2745 tVindictam
3446 2689 3664 2760 quidem
3694 2690 3747 2744 in

2174 2780 2508 2845 nati0niltus,
2552 2798 2571 2833 ι
2629 2781 2682 2836 in
2716 2780 3065 2837 lteterodoxis
3096 2782 3384 2851 Videlicet;
3422 2800 3442 2835 ι
3496 2784 3747 2852 increpa—

2174 2869 2355 2924 tiones
2384 2884 2514 2925 vero
2561 2870 2614 2924 in
2646 2870 2863 2940 populis
2893 2910 2908 2935 ,
2966 2890 2985 2924 ι
3036 2872 3295 2927 nimirum
3324 2873 3705 2943 peccatoribus
3733 2913 3749 2939 ,

2170 2963 2263 3034 qui
2290 2979 2359 3018 ex
2390 2964 2503 3018 vita
2529 2973 2787 3032 putantur
2811 2964 3194 3021 ecclesiastici.

2250 3053 2423 3127 848
2464 3052 2627 3110 Vsus.
2678 3054 2734 3111 8.
2791 3055 2875 3108 Ad
2908 3057 3212 3126 alligandos
3267 3073 3414 3129 reges
3459 3072 3640 3112 eorum
3689 3058 3749 3111 in

2167 3148 2544 3218 compedibus,
2589 3158 2638 3203 et
2686 3148 2887 3204 nobiles
2931 3165 3113 3204 eorum
3162 3150 3219 3205 in
3269 3150 3492 3205 manicis
3521 3150 3750 3219 ferreis,

2167 3251 2276 3299 etc.
2312 3241 2415 3310 Qui
2462 3242 2923 3299 heterodoxorum
2966 3242 3221 3298 doctores
3250 3243 3528 3309 conciliat,
3572 3253 3627 3299 et
3655 3259 3751 3299 eos

2168 3336 2260 3405 qui
2290 3336 2360 3391 ob
2386 3349 2506 3389 eam
2538 3350 2699 3405 quam
2733 3334 2935 3391 habere
2978 3344 3241 3406 putantur
3266 3336 3517 3406 peritiam
3546 3376 3563 3402 ,
3609 3337 3752 3392 inter

2169 3424 2290 3482 illos
2330 3425 2585 3480 videntur
2634 3423 2846 3480 nobiles
2872 3464 2888 3489 ,
2928 3425 2973 3480 is
3023 3425 3213 3498 alligat
3250 3440 3408 3498 reges
3444 3443 3634 3484 eorum
3689 3428 3749 3484 in

2168 3516 2528 3587 compedibus
2570 3530 2639 3570 ne
2668 3530 2925 3571 sermone
2967 3530 3071 3571 suo
3098 3517 3410 3587 proticiant,
3441 3527 3497 3573 et
3540 3519 3752 3575 nobiles

2170 3621 2366 3662 eorum
2419 3606 2471 3660 in
2524 3606 2757 3662 manicis
2805 3605 3044 3673 ferreis,
3094 3621 3161 3663 ne
3210 3608 3443 3679 amplius
3473 3610 3753 3665 detineant

2169 3712 2293 3753 eum
2333 3697 2425 3769 qui
2477 3699 2631 3766 olim,
2673 3698 2821 3771 quod
2853 3699 3083 3772 decepto
3137 3700 3313 3756 lacilis
3355 3710 3543 3768 esset,
3574 3700 3754 3757 fuerat

2171 3802 2483 3863 superatus.

2253 3883 2529 3955 Ejusdem.
2552 3883 2837 3941 Vinculum
2886 3885 3227 3958 intelligibile
3273 3895 3359 3943 est
3414 3887 3753 3943 rationabilis

2169 3975 2367 4029 anima:
2398 3977 2469 4033 ab
2513 3976 2803 4034 all‘ectibus
2848 3978 3198 4045 immunitas;
3232 3980 3318 4035 vel
3349 3981 3513 4036 timor
3535 3980 3750 4036 Domini

2168 4064 2451 4122 declinans
2482 4082 2511 4120 a
2534 4066 2714 4134 malo;
2754 4068 2837 4123 vel
2865 4068 3115 4124 doctrina
3148 4069 3431 4140 spiritalis,
3458 4085 3577 4141 qua:
3601 4085 3751 4126 men-

2173 4165 2279 4210 tem
2335 4171 2441 4212 non
2496 4158 2628 4213 sinit
2678 4160 2744 4215 ad
2792 4160 3054 4215 malitiam
3100 4163 3344 4231 gradiri;
3398 4162 3484 4217 vel
3528 4161 3752 4223 dilectio

2168 4248 2437 4318 Spiritalis
2458 4266 2579 4322 quas
2608 4252 2849 4308 scientiae
2878 4253 2969 4308 Dei
3009 4253 3145 4309 nihil
3173 4255 3483 4324 anteponit.

2242 4338 2409 4396 Vens.
2441 4344 2494 4400 9.
2524 4341 2595 4397 Ut
2626 4343 2835 4413 faciant
2865 4346 2920 4400 in
2944 4348 3022 4403 eis
3055 4349 3329 4420 judicium
3366 4349 3747 4420 conscriptum,

2168 4439 2275 4486 etc.
2310 4431 2585 4489 indicium
2628 4436 3003 4507 conscriptum
3032 4477 3049 4504 ,
3100 4448 3154 4494 et
3199 4440 3471 4510 scriptura
3521 4455 3642 4511 quae
3692 4441 3748 4494 in

478 4526 579 4597 τῆς
611 4527 670 4579 ὲν
711 4525 983 4595 πνεύματι
1023 4523 1173 4589 ἀξιον
1214 4525 1273 4577 ὲν
1304 4526 1421 4587 τοῖς
1462 4522 1879 4595 προειρημένοις
1913 4520 2063 4593 βασι-

2171 4522 2362 4592 spiritu
2390 4533 2473 4580 est
2502 4524 2725 4597 dignum
2757 4528 2965 4585 l‘aciunt
3011 4530 3188 4587 sancti
3216 4532 3270 4585 in
3299 4530 3581 4601 praedictis
3609 4531 3752 4600 regi-

478 4617 632 4671 λεῦσι
659 4617 756 4672 καὶ
786 4616 1016 4681 ἐνδόξοις
1036 4632 1049 4646 ’
1086 4616 1181 4670 καὶ
1226 4616 1404 4670 πάντα
1436 4616 1505 4669 τὰ
1535 4614 1908 4688 προειρημένα
1935 4613 2063 4681 δόξα

479 4709 598 4762 ἐστὶ
637 4710 772 4763 πᾶσι
809 4713 921 4774 τοῖς
951 4711 1119 4774 ὁσίοις
1150 4708 1247 4762 τοῦ
1292 4706 1451 4774 Θεοῦ,
1497 4706 1573 4772 ὡς
1611 4708 1703 4763 τὸν
1755 4706 1831 4780 μὴ
1871 4706 2063 4779 ἔχοντα

479 4801 651 4854 ταῦτα
685 4802 759 4872 μὴ
792 4798 932 4855 εἶναι
965 4803 1111 4856 ὅσιον
1148 4801 1303 4857 Θεοῦ.

1049 4983 1342 5039 ΨΑΛΜΟΣ
1380 4984 1505 5037 PN'.

556 5076 783 5131 Αἰνεῖτε
804 5076 913 5131 τὸν
941 5075 1094 5131 Θεὸν
1124 5076 1195 5129 ἐν
1221 5076 1345 5143 τοῖς
1377 5078 1566 5147 ἁγίοις
1588 5076 1796 5141 αὑτοῦ,
1838 5094 1887 5131 κ.
1923 5094 1974 5131 τ.
2015 5076 2061 5131 ὲ.

482 5169 692 5240 Μηδεὶς
738 5168 967 5236 ἐξελθὼν
1014 5169 1125 5241 (56)
1176 5170 1244 5224 τὰ
1292 5170 1424 5238 ἆγια
1472 5168 1694 5223 αἰνείτω
1738 5169 1831 5223 τὸν
1892 5168 2060 5223 Θεόν·

2169 4614 2269 4671 bus
2324 4624 2379 4673 et
2428 4617 2742 4677 nobilibus:
2771 4634 2827 4679 et
2877 4623 3058 4679 omnia
3104 4623 3364 4693 praedicta
3403 4623 3574 4692 gloria
3623 4631 3752 4679 sunt

2169 4709 2422 4765 omnibus
2454 4712 2667 4768 sanctis
2693 4714 2810 4780 Dei,
2851 4715 2927 4770 ita
2967 4724 3028 4770 ut
3060 4714 3113 4770 is
3150 4714 3243 4785 qui
3272 4715 3386 4771 hac
3416 4729 3523 4769 non
3560 4713 3749 4780 habet,

2174 4813 2279 4855 non
2313 4801 2385 4856 sit
2410 4814 2636 4861 sanctus
2666 4804 2781 4861 Dei.

2742 4986 3061 5044 PSALMUS
3090 4985 3198 5042 CL.

2241 5075 2402 5133 Vens.
2430 5078 2481 5133 l.
2514 5076 2751 5134 Laudate
2782 5079 2954 5134 Deum
2985 5078 3039 5134 iu
3063 5079 3261 5135 sanctis
3284 5078 3423 5148 ejus,
3441 5085 3548 5133 etc.
3582 5072 3750 5131 Nemo

2167 5184 2199 5225 e
2227 5170 2435 5226 sanctis
2461 5185 2717 5242 egressus
2749 5171 2933 5228 laudet
2967 5170 3138 5227 Deum
3174 5185 3190 5226 ι
3225 5188 3245 5223 ι
3279 5169 3562 5237 Quomodo
3602 5167 3748 5221 enim

487 5278 508 5313 ι
546 5261 672 5325 Πῶς
723 5281 740 5313 ι
779 5262 888 5334 γάρ
936 5281 953 5314 ι
990 5263 1213 5335 ᾄσωμεν
1253 5263 1352 5335 τὴν
1384 5262 1527 5336 ᾠδὴν
1575 5262 1783 5334 Κυρίου
1829 5263 1921 5316 ἐπὶ
1961 5262 2067 5333 γῆς

2171 5263 2509 5318 cantabimus
2539 5265 2817 5320 canticum
2853 5263 3065 5321 Domini
3113 5263 3167 5320 in
3200 5271 3350 5318 terra
3382 5261 3561 5316 aliena
3590 5257 3680 5313 "i
3725 5276 3743 5309 ι

482 5351 804 5424 ἀλλοτρίας;
840 5376 858 5407 s
896 5354 1173 5427 Ἀλλοτρία
1196 5354 1253 5409 δὲ
1281 5355 1353 5427 γῆ
1384 5356 1453 5410 τά
1479 5355 1553 5427 μὴ
1578 5354 1729 5424 ἅγια.
1763 5355 1834 5407 Ἢ
1857 5354 1982 5407 ἐπεὶ
2002 5354 2063 5407 ού

2171 5352 2357 5408 Aliena
2398 5362 2577 5409 autem
2624 5364 2769 5411 terra
2814 5365 2899 5412 est
2926 5371 3053 5427 quae
3102 5369 3208 5409 non
3239 5362 3449 5409 sancta.
3494 5351 3591 5409 Vel
3618 5350 3747 5421 quia

559 5444 606 5475 "
653 5444 694 5499 ll
722 5444 849 5501 Cor.
876 5459 962 5509 Ill,
996 5445 1085 5503 18.
1162 5446 1209 5477 ⁸⁸
1237 5446 1396 5501 Rem.
1426 5462 1547 5513 xm,
1578 5446 1793 5512 12,13.
1867 5446 1911 5478 ⁸⁷
1942 5444 1983 5500 ll
2014 5445 2072 5501 Ct

2176 5459 2206 5499 ι
2237 5445 2308 5511 ,5.
2397 5446 2445 5480 ⁸⁸
2478 5446 2621 5508 Psal.
2659 5463 2855 5504 cum
2881 5490 2898 5516 ,
2924 5449 2976 5502 4.

551 5537 664 5608 (28)
691 5540 1224 5610 jAraJJtdcorzat,
1254 5550 1356 5596 etc.
1394 5542 1597 5599 Catena
1629 5543 1901 5599 Cordcrii.

555 5606 668 5680 (29)
690 5606 802 5664 Ὧν
832 5613 903 5665 οὐ
926 5610 1134 5679 τάφος,
1158 5624 1266 5667 etc.
1302 5613 1525 5667 Eadem.

574 5680 663 5751 50)
697 5681 1006 5751 Ῥομφαῖαί
1027 5685 1170 5743 εισι.
1195 5694 1301 5738 etc.
1337 5684 1560 5739 Schedaa
1585 5684 1795 5743 Grabii.

577 5749 667 5821 3|)
701 5749 989 5875 'Pzgfala
1003 5754 1155 5814 ἐστι,
1186 5764 1291 5808 etc.
1320 5753 1556 5809 Easdem.

577 5820 666 5875 52)
697 5822 752 5874 Ἐ
854 5839 1039 5875 κησιν
1069 5823 1199 5875 ιιέν.
1234 5833 1340 5875 etc.
1368 5823 1556 5875 Calen:

575 5820 666 5893 32)
697 5820 1039 5892 Ἑκδίκησιν
1062 5823 1199 5894 μέν,
1234 5833 1340 5881 etc.
1368 5823 1572 5883 Catena
1602 5824 1868 5883 Cortlcrii.

2256 5543 2346 5605 35)
2390 5544 2443 5596 Ὁ
2468 5542 2864 5612 συμϐιϐάζων,
2894 5552 3000 5597 etc.
3033 5540 3252 5612 Eadem.

2253 5613 2345 5681 54)
2375 5610 2605 5683 Δεσμός
2633 5616 2786 5674 ἐστι.
2819 5623 2924 5666 etc.
2944 5611 3172 5683 Schedgc
3200 5610 3409 5683 Grahii.

2254 5680 2344 5747 55)
2375 5680 2665 5739 Ποιοῦσιν
2687 5688 2740 5737 ot
2761 5684 2937 5747 ὅσιοι,
2967 5693 3073 5737 ctc.
3103 5680 3307 5736 Catena
3338 5680 3604 5738 Corderii.

2252 5751 2341 5826 56)
2374 5755 2595 5826 Μηδεὶς
2618 5752 2903 5822 ἐξελθών,
2937 5764 3043 5809 etc.
3080 5751 3298 5807 Eadem.
